3668 5936
340 437 412 502 500
837 437 898 502 ΕΡ.
918 439 972 502 ΑΙ)
994 437 1166 503 Al'l'lCUhl

348 591 492 683 obrepsit
513 592 598 669 dies,
635 601 669 660 nt
690 592 778 661 vides
801 629 840 642 -
862 593 941 661 mihi
963 595 1046 661 enim
1067 617 1095 662 a.
1118 597 1148 664 d.
1172 615 1224 662 ιιι.
1246 597 1314 664 Kal.
1336 600 1423 684 Sext.
1444 595 1485 663 de
1505 599 1688 686 provincia

348 689 562 757 decedendum
585 697 632 754 est
652 725 710 765 -,
739 709 799 754 nee
822 689 1008 756 succeditur.
1066 693 1169 768 Quem
1190 691 1384 777 relinquam,
1412 691 1466 779 qni
1486 692 1688 778 provinciae

348 785 488 872 praesit?
502 785 609 871 qltatio
642 784 769 873 quidem
797 790 829 847 et
859 784 968 869 opinio
996 785 1159 851 hominnm
1188 779 1489 874 postulatlfratrem3
1511 787 1685 871 primum,

348 879 434 973 quod
457 878 671 944 videturesse
693 878 810 956 hon0s;
833 897 925 943 nemo
940 878 1037 963 igitur
1052 879 1175 966 potior:
1198 879 1327 953 deinde.
1350 880 1436 967 quod
1450 880 1551 946 solum
1567 865 1686 946 habeo

221 986 225 996 '
325 973 553 1060 spraetorium.
607 971 801 1058 Pomptinius
831 970 914 1036 enim
942 991 983 1036 ex
1009 981 1102 1058 pacto
1131 971 1184 1058 [etl
1207 984 1362 1040 convento
1376 991 1424 1020 ·-
1446 995 1517 1062 uam
1538 995 1576 1050 aa
1600 975 1684 1061 lege

348 1069 469 1133 exierat
498 1099 538 1111 -
569 1067 631 1132 iam
663 1087 681 1131 a
711 1086 761 1130 mc
793 1063 988 1132 discesserat.
1046 1069 1255 1144 Quaesturam
1287 1088 1380 1133 nemo
1409 1067 1536 1154 dignum
1553 1079 1681 1155 putat.

347 1162 469 1227 Etenim
499 1171 547 1226 est
566 1160 659 1235 levis,
688 1157 892 1232 libidinosus,
920 1169 1023 1243 tagax.
1066 1165 1097 1226 2.
1118 1166 1165 1227 De
1186 1160 1284 1227 fratre
1306 1171 1409 1227 autem
1431 1163 1567 1248 primum
1589 1162 1679 1229 illud

347 1267 409 1322 est:
446 1255 629 1343 persuaderi
652 1254 681 1319 ei
703 1274 765 1318 uon
787 1273 881 1340 posse
903 1251 1057 1332 arbitror;
1079 1253 1147 1320 odit
1172 1256 1256 1320 euim
1278 1256 1485 1341 provinciam.
1535 1261 1574 1322 Et
1595 1256 1680 1322 her-

347 1350 416 1416 cule
431 1350 506 1415 nihil
527 1349 677 1422 odiosius,
700 1347 778 1412 nihil
799 1346 971 1413 molestius.
1013 1349 1147 1423 Deinde,
1166 1359 1202 1415 ut
1223 1349 1299 1414 mihi
1323 1349 1401 1415 nolit
1422 1371 1552 1436 negare.
1575 1352 1674 1439 quid·

311 1457 337 1498 ¹⁰
347 1468 418 1512 nam
449 1446 510 1510 mei
538 1445 578 1510 sit
606 1441 726 1509 officiii
755 1446 832 1508 Cum
859 1439 978 1506 bellum
1006 1463 1074 1508 esse
1104 1443 1136 1508 in
1167 1443 1256 1532 Syria
1284 1464 1430 1529 magnum
1457 1453 1600 1530 putetur,
1637 1445 1676 1511 id

346 1541 490 1606 videatur
511 1539 544 1604 in
565 1538 645 1603 hauc
664 1535 860 1623 provinciam
883 1545 1087 1620 erupturum:
1109 1536 1160 1602 hic
1180 1537 1330 1623 praesidii
1345 1537 1422 1603 nihil
1444 1537 1503 1616 sit;
1525 1548 1673 1624 sumptus

346 1655 466 1700 annuus
499 1633 643 1698 decretus
671 1631 725 1696 sit:
762 1629 946 1695 videaturne
974 1639 1029 1696 ant
1056 1631 1179 1717 pietatis
1212 1651 1281 1696 esse
1302 1652 1390 1697 meae
1412 1631 1540 1697 fratrem
1572 1633 1674 1698 relin-

345 1747 443 1814 quere
473 1735 526 1791 aut
554 1725 732 1812 diligentiae
760 1743 914 1809 nugarum
941 1723 1060 1812 aliquid
1090 1725 1293 1812 relinqueret
1335 1729 1448 1812 hlagua
1483 1725 1595 1811 igitur,
1634 1739 1673 1793 ut

345 1818 451 1895 vides,
473 1819 682 1886 sollicitudine
703 1816 839 1892 allicior,
861 1837 974 1903 magna
996 1818 1104 1905 iuopia
1126 1819 1259 1885 consilii.
1303 1817 1389 1896 Quid
1410 1819 1556 1904 quaeris?
1586 1825 1673 1886 Toto

311 1913 472 1998 ¹ancqqotio
502 1913 592 1980 uobis
622 1933 702 1999 opus
730 1932 792 1976 uon
814 1911 883 1978 luit.
925 1915 1051 1990 Quanto
1079 1924 1132 1980 tua
1153 1913 1316 2000 provincia
1336 1912 1467 1978 meliori
1504 1912 1671 1988 Decedes,

343 2029 416 2072 cum
438 2008 543 2083 voles,
565 2007 626 2072 nisi
648 2007 730 2072 sorte
752 2010 813 2071 iam
828 2005 1004 2086 decessisti;
1027 2029 1120 2094 quem
1136 2005 1311 2081 videbitur,
1333 2005 1497 2093 praeficies
1511 2006 1674 2093 Thespro-

345 2104 406 2168 tiae
436 2111 467 2168 et
499 2101 665 2169 Chaoniae.
718 2098 856 2166 Necdum
880 2109 982 2165 tamen
1010 2122 1071 2189 ego
1092 2102 1245 2180 Quintum
1266 2121 1492 2175 conveneram,
1525 2109 1560 2166 nt
1580 2100 1671 2176 iam,

344 2197 371 2263 si
393 2195 426 2260 id
447 2196 596 2282 placeret,
620 2195 750 2269 scirem,
772 2205 920 2281 possetne
942 2194 981 2260 ab
1004 2217 1043 2261 eo
1065 2195 1243 2282 impetrari3
1266 2214 1324 2259 nec
1344 2203 1464 2266 umen,
1494 2195 1521 2260 si
1543 2206 1671 2281 posset,

344 2287 422 2376 quid
443 2288 572 2362 vellem,
603 2285 766 2352 habebam.
809 2291 839 2352 3.
861 2293 929 2353 Hoc
950 2297 997 2354 est
1017 2289 1112 2374 igitur
1134 2286 1299 2355 eiusmodi.
1347 2287 1477 2374 Reliqua
1498 2287 1591 2375 plena
1612 2289 1671 2354 ad·

308 2382 406 2448 cubuc
433 2391 465 2446 et
496 2380 597 2446 laudis
624 2389 656 2444 et
676 2380 813 2466 gratiae,
847 2381 941 2468 digna
962 2382 1000 2448 iis
1021 2382 1127 2458 libris,
1162 2403 1242 2470 qnos
1264 2379 1414 2448 dilaudas.
1458 2385 1671 2468 donservatae

344 2475 501 2552 civitatem
535 2473 691 2538 cumulate
719 2472 893 2560 publicanis
922 2475 1134 2556 satisfactum
1170 2476 1309 2542 offensus
1339 2476 1528 2542 contumelia
1550 2497 1667 2552 nemo,

344 2567 473 2633 decreto
494 2567 577 2633 iusto
600 2578 632 2633 et
652 2587 764 2632 severo
785 2571 946 2654 perpauci,
967 2591 1026 2636 nec
1047 2579 1150 2636 tamen
1173 2571 1348 2657 quisquam,
1369 2578 1405 2634 ut
1426 2571 1517 2657 queri
1538 2571 1668 2648 audeat;

344 2684 397 2728 res
418 2671 525 2749 gestae
546 2661 660 2749 dignae
682 2661 859 2747 triumpho;
889 2663 928 2729 de
950 2685 1014 2751 qun
1036 2665 1106 2750 ipso
1127 2665 1203 2730 nihil
1225 2662 1338 2748 cupide
1359 2681 1505 2746 agemus,
1527 2671 1594 2731 sine
1608 2675 1669 2732 tuo

344 2757 472 2846 quidem
495 2757 628 2823 consilio
650 2767 735 2821 certe
756 2757 843 2823 nihil.
886 2758 1030 2824 Clausula
1052 2769 1099 2824 est
1120 2759 1253 2824 difficilis
1275 2758 1305 2822 in
1328 2756 1478 2823 tradenda
1491 2758 1668 2844 provincia.

309 2851 406 2918 cased
429 2851 506 2916 hoec
526 2849 604 2916 deus
626 2850 737 2935 aliquis
758 2850 955 2937 gubernabit.
1000 2855 1029 2921 l.
1051 2860 1097 2919 De
1118 2853 1247 2919 urbanis
1269 2850 1365 2918 rebus
1387 2853 1506 2918 scilicet
1519 2853 1608 2939 plura
1631 2864 1667 2920 tu

343 2945 421 3023 scis3
444 2945 568 3032 saepius
590 2956 622 3009 et
643 2949 778 3011 certiora
800 2945 899 3013 audis.
941 2947 1095 3034 Equidem
1118 2947 1211 3013 doleo
1233 2967 1295 3012 non
1318 2967 1368 3011 me
1391 2947 1452 3012 tuis
1471 2947 1581 3012 litteris
1595 2965 1669 3012 cer-

343 3041 460 3109 tiorem'
486 3039 565 3104 fieri.
617 3044 685 3106 Huc
714 3044 796 3105 enim
828 3040 937 3106 odiosa
969 3040 1181 3107 afferebantur
1210 3040 1249 3105 de
1279 3040 1432 3115 Curione,
1469 3039 1508 3106 de
1537 3040 1663 3112 Paullo,

342 3155 406 3201 non
428 3155 492 3221 quo
514 3132 613 3199 ullum
634 3133 809 3218 periculum
838 3133 961 3200 videam
991 3143 1089 3200 stante
1114 3133 1285 3218 Pompeio,
1322 3133 1373 3200 vel
1402 3133 1495 3198 etiam
1516 3133 1663 3212 sedente;

343 3229 444 3294 valeat
471 3227 584 3294 modo:
621 3227 676 3293 sed
705 3228 885 3294 mehercule
906 3229 1053 3294 Curionis
1081 3237 1113 3293 et
1133 3227 1246 3303 Paulli,
1281 3247 1426 3293 meorum
1446 3225 1663 3314 familiarium,

307 3321 444 3390 soricem
466 3319 571 3386 doleo.
613 3325 760 3385 Formam
781 3320 878 3406 igitur
898 3322 975 3388 mihi
997 3323 1092 3389 totius
1113 3322 1162 3389 rei
1183 3321 1344 3408 publicae,
1366 3322 1393 3388 si
1414 3321 1477 3388 iam
1499 3343 1533 3388 es
1547 3329 1663 3389 Itomae

343 3423 397 3480 aut
416 3435 487 3480 cum
511 3414 591 3488 eris,
624 3413 717 3480 velim
739 3415 860 3490 mittas,
889 3416 1067 3502 quaemihi
1089 3415 1216 3481 obviam
1238 3415 1364 3491 veniat,
1387 3437 1428 3481 ex
1451 3435 1513 3503 qua
1534 3437 1584 3481 me
1605 3414 1663 3480 hu·

343 3529 418 3592 gere
438 3507 556 3594 possim
579 3516 611 3572 et
630 3509 873 3594 praemeditari,
896 3531 960 3597 quo
982 3511 1088 3576 animo
1109 3509 1255 3575 accedam
1278 3509 1317 3575 ad
1338 3507 1460 3575 urbem.
1503 3513 1558 3574 Est
1579 3509 1662 3575 enim

343 3598 491 3688 quiddam
507 3600 721 3667 advenientem
744 3624 807 3669 non
829 3625 898 3670 esse
912 3604 1115 3690 peregrinum
1136 3611 1229 3692 atque
1244 3604 1407 3689 hospitem.
1449 3609 1480 3668 b.
1503 3606 1558 3676 Et,
1579 3602 1663 3689 quod

344 3716 443 3782 paene
477 3695 641 3782 praeterii,
677 3697 768 3762 Bruti
797 3699 842 3762 tui
869 3720 996 3774 cansa,
1016 3707 1053 3764 ut
1073 3719 1166 3784 saepe
1188 3698 1228 3763 ad
1250 3706 1281 3763 te
1302 3698 1430 3785 scripsi,
1467 3695 1527 3761 leci
1549 3697 1662 3762 omnia.

305 3790 450 3878 „Cyprii
472 3786 686 3855 numerabant.
730 3791 791 3856 Sed
814 3793 955 3878 Scaptius
977 3792 1172 3868 centesimis,
1194 3804 1346 3859 renovato
1361 3793 1393 3857 in
1409 3789 1548 3874 singulos
1567 3810 1663 3855 anuos

343 3882 468 3958 lenone,
502 3893 666 3948 contentus
696 3905 759 3950 nou
789 3884 858 3951 luit.
916 3885 1143 3953 Ariobarzanes
1164 3905 1228 3952 non
1249 3891 1282 3951 iu
1302 3887 1487 3973 Pompeium
1507 3883 1662 3969 prolixior

343 3997 403 4064 per
428 3977 531 4064 ipsum
561 3999 654 4064 quam
682 3998 741 4063 per
773 3999 823 4044 me
850 3980 883 4046 in
902 3987 1062 4058 ¹Brutum;
1096 4001 1189 4067 quem
1212 3989 1314 4046 tamen
1336 4001 1396 4066 ego
1418 3990 1578 4066 praestare
1599 3998 1664 4043 nou

344 4079 495 4157 poteram.
537 4075 613 4136 Erat
634 4071 716 4136 enim
738 4093 797 4138 rex
818 4093 997 4160 perpauper
1018 4072 1209 4160 aberamque
1231 4070 1270 4137 ah
1292 4091 1332 4137 eo
1346 4072 1389 4138 ita
1406 4071 1516 4158 longe,
1538 4069 1663 4138 utnihil

344 4186 469 4251 possem
491 4165 551 4232 nisi
571 4166 699 4244 litteris;
721 4165 836 4254 quibus
857 4187 998 4254 pugnare
1019 4189 1083 4234 nou
1107 4166 1221 4233 destiti.
1272 4169 1398 4232 Summa
1419 4165 1498 4259 haec
1519 4173 1582 4231 est:
1604 4184 1662 4251 pro

306 4259 466 4336 ..radone
487 4260 640 4347 pecuniae
660 4259 822 4328 liberalius
844 4271 892 4327 est
910 4267 1026 4328 Brutus
1047 4270 1195 4329 tractatus
1217 4281 1311 4348 quam
1331 4264 1509 4346 Pompeius.
1565 4264 1662 4325 Bruto

413 4489 440 4539 2.
460 4491 658 4542 dlaemdmtdum
676 4505 717 4554 pr.
737 4492 782 4552 Μ,
812 4493 993 4544 discedendum
1011 4491 1023 4541 l
1041 4497 1068 4542 et
1086 4505 1157 4542 corr.
1178 4491 1216 4543 Μ.
1247 4515 1275 4526 -
1313 4490 1444 4540 medere
1462 4491 1491 4539 ll.
1515 4513 1546 4525 -
1581 4489 1606 4540 3.
1625 4486 1660 4552 etl

344 4565 375 4610 nt
393 4559 425 4616 u.
460 4585 490 4596 -
526 4560 554 4611 t.
573 4558 665 4624 honor]
684 4562 766 4612 bonna
783 4561 805 4612 1.
838 4589 868 4600 -
904 4563 932 4614 5.
958 4569 1083 4613 effluente
1104 4562 1269 4612 Lambinusc
1296 4567 1423 4610 eoeneum
1440 4559 1537 4612 lllilll.
1558 4563 1594 4616 tet
1612 4572 1660 4609 nos

345 4629 530 4690 molusimns.)
556 4659 584 4671 -
622 4632 650 4682 7.
671 4631 834 4697 tnqouzet
852 4647 893 4697 pr.
912 4633 960 4684 ll:
987 4645 1077 4697 copon
1100 4646 1172 4684 corr.
1199 4631 1244 4690 Μ,
1271 4643 1357 4695 eoque
1374 4629 1442 4680 ltlli·
1476 4653 1505 4665 ·-
1542 4629 1608 4678 tund
1625 4635 1661 4680 ert

342 4699 549 4764 prieselauch·
587 4701 614 4753 9·
632 4702 697 4752 mihi
713 4702 754 4752 hie
771 4701 840 4752 noitt
857 4703 932 4753 1.-
969 4703 1012 4753 ll.
1029 4703 1195 4766 prouinciam
1212 4715 1267 4752 om.
1287 4701 1309 4751 1.
1333 4722 1361 4734 -
1399 4699 1555 4764 copone
1571 4699 1609 4750 Μ.
1633 4723 1656 4734 -

345 4769 390 4821 17.
417 4779 570 4836 apotonmu
587 4771 619 4822 lt.
650 4796 683 4806 -
719 4772 999 4836 idtomptuceretll.
1034 4795 1060 4806 -
1099 4773 1142 4822 18.
1161 4773 1228 4822 seira
1244 4770 1283 4822 Μ.
1316 4795 1345 4807 -
1382 4765 1415 4832 ai]
1440 4773 1551 4834 oiatpr.
1571 4768 1609 4819 Μ.
1630 4791 1659 4805 -

225 4831 227 4838 ’
346 4841 390 4892 19.
408 4841 478 4905 quod
496 4841 525 4891 B.
550 4865 580 4876 -
616 4842 661 4893 Μ).
681 4855 744 4906 quoa
761 4841 883 4892 ditandus
900 4842 1054 4893 Victorinus
1072 4856 1136 4908 quos
1153 4842 1191 4892 dii
1208 4841 1302 4891 wodor
1320 4853 1361 4904 pr.
1381 4839 1422 4899 Μ,
1442 4853 1506 4904 quoa
1523 4848 1553 4890 tu
1569 4837 1661 4890 landus

348 4910 406 4960 lilll
432 4916 460 4960 et
484 4925 555 4961 corr.
586 4912 624 4964 Μ.
660 4911 746 4971 (l‘ort.
765 4925 829 4975 quor
847 4920 876 4962 tu
894 4913 1035 4973 dilucidus,
1063 4919 1093 4964 ut
1118 4926 1199 4976 supra
1218 4911 1268 4974 Ep.
1287 4911 1314 4972 2,
1333 4911 1361 4962 9.
1380 4910 1443 4964 Οι.)
1468 4935 1501 4947 ·-
1537 4909 1582 4960 25.
1602 4911 1661 4961 deur

349 4981 444 5046 oltquta
471 4981 518 5032 boe
542 4981 564 5031 l.
599 5005 627 5016 -
664 4981 708 5032 ³2.
725 4981 858 5045 proditori
876 4983 913 5034 lt.
941 4983 1123 5046 (premeditari
1149 4995 1203 5043 mq-
1222 4979 1275 5042 Μ.)
1295 5005 1325 5018 -
1362 4979 1407 5030 aa.
1434 4976 1497 5042 uui]
1514 4981 1544 5030 ui
1571 4979 1608 5032 bl·
1627 5005 1659 5016 -

349 5057 386 5100 eat
404 5051 466 5102 baeu
484 5051 506 5103 l.
534 5074 564 5088 -
591 5051 636 5102 to.
653 5055 766 5116 penato
783 5051 888 5104 “bemus
904 5051 951 5110 Μ,
969 5055 1094 5116 psannios
1112 5051 1218 5104 liberior
1237 5051 1283 5102 ur.
1321 5047 1454 5116 (comsit
1472 5047 1627 5114 victorius.)
