3668 5924
665 421 738 486 ult.
770 423 808 486 R.
850 423 909 486 Er.
932 423 981 486 14.
1006 423 1054 486 15.
1455 425 1517 488 339

202 599 297 667 quem
320 578 370 644 lac
390 588 425 645 ut
446 587 498 646 tua
521 576 705 644 liberalitate
725 577 782 644 tibi
803 577 932 664 obliges.
982 537 1036 644 bat
1055 577 1200 644 tribunus
1220 579 1351 646 militum
1374 582 1406 647 in
1427 603 1519 650 exer·

202 674 267 740 citu
289 685 403 739 vestro.
462 677 591 739 Gratum
612 671 771 738 bominem
798 671 1079 759 observantemque
1107 693 1285 756 cognosces.
1340 675 1519 741 trebatium

203 777 239 833 ut
259 767 349 834 valde
369 787 469 840 ames,
492 767 692 833 vehementer
712 777 743 832 tc
764 786 853 852 rogo.

674 910 737 972 rv.
780 908 828 990 (n.
854 909 886 972 u.
909 911 940 972 o.
962 907 1047 988 roo.)

642 1031 795 1095 MARCUS
824 1032 863 1105 Q,
884 1033 1024 1094 FRATRI
1047 1033 1077 1094 S.
1531 1047 1544 1090 a

291 1149 320 1209 1.
348 1146 383 1209 1.
412 1141 443 1208 d.
471 1161 537 1207 nu.
567 1146 645 1207 Non.
675 1145 763 1216 lun,
796 1139 938 1226 quodie
967 1146 1096 1206 Romam
1125 1141 1212 1214 veni,
1243 1143 1349 1230 accepi
1378 1155 1446 1212 tuas
1472 1147 1521 1214 lit·

204 1249 307 1313 tcras,
350 1235 437 1302 datas
471 1236 646 1312 Placentia;
689 1232 801 1300 deinde
837 1233 950 1299 alteras
985 1233 1158 1319 postridie,
1202 1233 1289 1302 datas
1323 1237 1523 1306 Blandenone

204 1353 276 1400 cum
299 1329 441 1398 Caesaris
462 1329 591 1404 litteris,
624 1327 750 1394 refertis
772 1327 857 1393 omni
879 1327 1003 1402 officio,
1037 1328 1210 1414 diligentia,
1242 1331 1403 1398 suavitate.
1446 1339 1523 1401 Sunt

204 1427 262 1494 ista
289 1424 415 1512 quidem
443 1443 574 1508 magna,
608 1424 658 1488 vel
684 1422 788 1508 potius
819 1421 965 1486 maxima.
1022 1420 1143 1488 Habent
1177 1423 1260 1488 enirn
1291 1425 1354 1490 vim
1382 1449 1523 1514 magnam

204 1521 245 1588 ad
271 1519 402 1606 gloriam
429 1527 461 1583 et
488 1516 527 1582 ad
555 1537 706 1582 summam
736 1515 925 1599 dignitatem.
976 1513 1038 1580 Sed
1065 1515 1139 1580 mibi
1169 1517 1278 1592 crede,
1310 1540 1403 1605 quem
1425 1522 1522 1596 nosti,
1537 1548 1561 1584 m

204 1613 291 1704 quod
317 1613 439 1678 inistis
460 1609 557 1676 rebus
586 1632 646 1696 ego
669 1608 795 1696 plurimi
816 1608 962 1682 aestimo,
992 1606 1025 1673 id
1046 1608 1107 1674 iam
1129 1608 1246 1676 babeo:
1269 1621 1300 1677 te
1322 1611 1439 1679 scilicet
1459 1615 1524 1701 pri-

204 1729 291 1774 mum
317 1715 379 1772 tam
407 1706 628 1772 inservientem
657 1703 814 1769 communi
843 1700 1005 1787 dignitati;
1042 1701 1154 1767 deinde
1180 1706 1321 1771 Caesaris
1346 1716 1463 1773 tantum
1492 1709 1524 1774 in
1582 1704 1587 1714 ’

204 1823 256 1868 mc
287 1821 443 1876 amorem,
475 1819 570 1887 quern
601 1795 746 1864 omnibus
776 1795 816 1860 iis
842 1793 1031 1868 honoribus,
1067 1815 1146 1881 quos
1175 1818 1225 1862 me
1246 1821 1264 1864 a
1286 1821 1320 1865 se
1342 1795 1525 1888 exspectare

205 1896 288 1971 vult,
316 1902 387 1960 aute
431 1913 483 1960 uo.
536 1893 670 1958 litterae
698 1911 774 1956 vero
801 1889 868 1954 eius
897 1909 958 1953 una
985 1886 1075 1954 datae
1103 1909 1174 1956 cuna
1203 1892 1280 1967 tuis,
1313 1916 1445 1981 quarum
1467 1896 1525 1961 ini-

204 1989 283 2056 tium
306 1998 367 2062 est,
389 2009 482 2074 quam
504 1985 607 2052 suavis
623 1986 652 2050 ei
670 1995 741 2050 tuus
762 1983 914 2048 adventus
934 1981 1031 2061 luerit
1051 1991 1083 2048 et
1102 1984 1281 2052 recordatio
1305 1989 1418 2054 veteris
1439 2011 1526 2055 amo-
1538 2015 1562 2054 ιε.
1601 1995 1692 2080 ‘2²‘

205 2083 268 2151 ris·
296 2081 424 2155 deinde,
451 2101 485 2146 sc
514 2079 714 2155 effecturum,
742 2088 779 2144 ut
806 2097 866 2162 ego
894 2075 927 2142 in
954 2075 1061 2141 medio
1088 2075 1198 2144 dolore
1230 2101 1266 2144 ao
1295 2081 1452 2149 desiderio
1481 2083 1525 2150 tui

205 2187 251 2253 te,
280 2197 350 2241 cum
372 2197 389 2240 a
411 2195 461 2240 me
491 2172 635 2246 abesses,
664 2173 859 2260 potissimum
887 2190 994 2235 secum
1022 2189 1091 2234 esse
1119 2171 1270 2250 laetarer,
1301 2175 1527 2242 incredibiliter

207 2271 409 2338 delectarunt.
462 2271 493 2333 1.
516 2270 622 2346 Quare
644 2266 720 2332 lacis
741 2274 775 2332 tu
797 2264 923 2352 quidem
946 2261 1100 2338 lrateme,
1122 2264 1206 2351 quod
1228 2288 1279 2332 me
1300 2267 1449 2347 hortaris,
1472 2271 1528 2338 sed

206 2365 384 2432 mehercule
405 2371 584 2429 currentem
605 2383 687 2427 nunc
708 2359 852 2448 quidem,
874 2369 908 2424 nt
931 2358 1036 2424 omnia
1057 2377 1126 2427 mea
1147 2360 1249 2427 studia
1271 2362 1303 2427 iu
1319 2363 1414 2430 istum
1429 2386 1526 2430 unum

205 2458 377 2524 conseram.
437 2461 505 2542 Ego
540 2476 618 2520 vero
653 2454 773 2520 ardenti
809 2452 934 2539 quidem
970 2452 1074 2518 studio
1112 2453 1173 2520 boc
1201 2455 1342 2524 tortasse
1379 2458 1565 2531 efficiamur

206 2551 293 2640 quod
320 2571 413 2637 saepe
440 2547 633 2619 viatoribus.
667 2569 737 2614 cum
763 2555 952 2633 properant,
985 2546 1104 2612 evcnit:
1137 2555 1190 2623 ut,
1226 2553 1252 2615 si
1281 2551 1402 2625 serius,
1433 2573 1526 2639 quam

206 2645 384 2720 voluerint,
421 2643 503 2709 lorte
538 2643 752 2717 surrexerint,
789 2640 988 2728 properando
1022 2641 1115 2706 etiam
1148 2641 1259 2719 citius,
1298 2665 1391 2730 quam
1426 2645 1452 2711 si
1488 2645 1527 2712 de

205 2750 297 2806 nocte
332 2739 531 2823 vigilassent,
563 2736 767 2824 perveniant,
799 2756 863 2822 quo
893 2735 1003 2800 velint:
1040 2734 1086 2798 sic
1118 2755 1196 2821 ego,
1231 2739 1377 2822 quoniam
1405 2740 1437 2805 iu
1465 2739 1527 2806 isto

206 2834 333 2900 bomine
355 2832 488 2898 colendo
510 2839 571 2896 tam
593 2830 761 2896 indormivi
784 2827 853 2901 diu,
878 2837 907 2893 te
928 2828 1106 2894 vnebcrcule
1122 2849 1214 2915 saepe
1236 2831 1410 2908 excitante,
1432 2853 1527 2898 curan

206 2927 362 3012 corrigam
390 2925 566 2991 tarditatem
595 2945 665 2989 cum
694 2922 801 3009 equis,
830 2931 895 2987 tum
922 2943 999 2987 vero
1028 2959 1069 2968 —
1098 2923 1245 3009 qnoniam
1274 2924 1385 2990 scribis
1415 2933 1564 3011 potinam

206 3020 247 3088 ab
275 3042 315 3086 eo
342 3029 484 3086 nostrum
511 3017 640 3106 probari
669 3053 709 3064 —
738 3014 897 3102 quadrigis
919 3015 1058 3101 poeticis.
1101 3014 1195 3081 blodo
1217 3017 1292 3082 mibi
1314 3017 1385 3082 date
1407 3019 1528 3083 Britan-

206 3119 305 3189 niam,
327 3135 421 3202 quam
443 3114 568 3200 pingam
589 3107 750 3176 coloribus
770 3109 847 3182 tuis,
869 3109 1013 3195 penicillo
1035 3128 1118 3174 meo.
1162 3109 1223 3174 Sed
1237 3109 1314 3196 quid
1329 3117 1410 3196 agot
1432 3111 1526 3190 Quod

206 3208 284 3274 mibi
305 3217 448 3294 tempus,
482 3213 599 3274 Romae
619 3203 824 3292 praesertim,
857 3211 892 3267 ut
911 3203 970 3267 iste
993 3223 1043 3266 me
1065 3212 1171 3287 rogat,
1205 3203 1358 3280 manenti,
1393 3225 1526 3270 vacnum

207 3300 403 3370 ostenditur?
430 3301 491 3367 Sed
513 3300 633 3368 videro.
676 3302 820 3363 Fortasse
843 3297 943 3369 enim,
965 3307 999 3362 ut
1021 3295 1069 3370 lit,
1090 3296 1193 3363 vincet
1213 3308 1286 3363 tuus
1307 3317 1398 3363 amor
1418 3319 1527 3365 omnes

207 3397 412 3463 difficultates.
459 3401 490 3462 3.
512 3393 690 3462 Trebatium
720 3390 804 3480 quod
832 3390 872 3456 ad
902 3411 936 3456 se
958 3391 1113 3466 miserim,
1141 3392 1278 3479 persalse
1301 3401 1331 3456 et
1353 3389 1529 3458 humaniter
1537 3419 1565 3455 a·

207 3494 300 3556 etiam
323 3489 438 3575 gratias
459 3488 536 3554 mibi
557 3487 631 3574 agit.
683 3490 779 3571 Negat
807 3484 890 3550 euim
920 3485 952 3549 iu
980 3493 1062 3550 tauta
1092 3485 1288 3550 multitudine
1316 3505 1441 3561 eorum,
1472 3489 1527 3574 qui

207 3605 270 3650 una
296 3591 414 3658 essent,
447 3603 635 3669 quemqnam
664 3579 776 3652 fuisse,
806 3579 861 3666 qui
886 3577 1099 3644 vadimonium
1126 3579 1292 3666 concipere
1318 3591 1433 3666 posset.
1485 3587 1526 3648 bl.

207 3679 316 3744 Curtio
343 3675 534 3743 tribunatum
560 3675 661 3742 abeo
688 3673 785 3758 petivi
813 3705 855 3718 -·-
880 3693 951 3738 nam
977 3672 1130 3738 Domitius
1158 3693 1193 3739 se
1214 3673 1350 3740 derideri
1372 3683 1525 3761 putasset,

206 3771 235 3836 si
256 3781 339 3836 esset
358 3793 377 3837 a
398 3791 450 3837 me
477 3780 621 3857 rogatum
653 3769 714 3835 boc
735 3767 818 3834 enim
840 3776 887 3832 est
908 3767 975 3832 eius
996 3766 1228 3854 quotidianum,
1250 3789 1284 3833 se
1305 3790 1346 3835 ne
1368 3767 1525 3835 tribunum
1637 3836 1648 3861 s

207 3865 340 3931 militum
361 3865 487 3953 quidem
509 3864 627 3930 lacere:
649 3864 740 3930 etiam
762 3863 795 3928 in
815 3871 924 3928 senatu
945 3862 1018 3928 lusit
1032 3862 1166 3949 Appium
1187 3862 1337 3949 collegam
1359 3873 1525 3950 propterea
1538 3889 1565 3928 aa
1626 3913 1643 3942 ,

208 3964 269 4026 isse
301 3959 340 4026 ad
371 3964 554 4032 Caesarem,
592 3969 626 4026 ut
657 3958 793 4046 aliquem
821 3954 1013 4022 tribunatum
1042 3954 1183 4022 auferret
1203 3992 1262 4031 —,
1299 3955 1355 4022 sed
1385 3957 1418 4022 in
1452 3957 1526 4023 alte-

207 4075 278 4119 rnm
306 4073 432 4119 annum.
488 4053 522 4119 ld
551 4061 582 4119 et
610 4051 734 4118 Curtius
762 4050 804 4117 ita
831 4049 964 4116 volebat.
1021 4052 1051 4114 4.
1079 4053 1146 4125 Τιι,
1179 4048 1441 4137 quemadmodum
1475 4069 1525 4114 me

207 4168 316 4212 censes
343 4158 492 4234 oportere
520 4167 588 4214 esse
617 4155 648 4212 et
674 4146 707 4211 in
735 4143 922 4231 republica
950 4151 982 4208 et
1008 4142 1041 4208 in
1069 4143 1184 4208 nostris
1211 4143 1395 4218 inimicitiis,
1425 4143 1468 4209 ita
1496 4153 1527 4210 et

208 4263 277 4308 esse
304 4251 335 4306 et
362 4241 432 4307 lore
460 4241 599 4307 auricula
628 4239 734 4306 infima
760 4238 838 4304 seito
865 4235 1052 4302 molliorem.
1106 4241 1135 4302 5.
1158 4243 1219 4304 Res
1240 4242 1398 4302 Romanae
1426 4257 1460 4302 ve
1481 4238 1526 4303 sic

208 4334 385 4401 habebant:
418 4344 485 4400 erat
520 4335 666 4400 nonnulla
710 4352 782 4418 apes
818 4329 1017 4396 comitiorum
1054 4328 1108 4394 sed
1144 4329 1285 4408 incerta;
1321 4341 1388 4397 erat
1422 4329 1563 4417 aliqunto

209 4463 333 4474 -ι-ιιιι

277 4518 304 4566 R.
323 4524 407 4568 curro
426 4517 490 4570 blR:
518 4525 609 4566 nostro
628 4516 670 4566 tn.
705 4538 736 4551 -
778 4514 805 4564 7.
824 4511 972 4563 Placentina
990 4511 1064 4563 taut.
1096 4535 1127 4548 -
1163 4512 1349 4565 Rloodmuona
1367 4515 1406 4576 tt,
1437 4515 1526 4566 Modo

207 4587 289 4638 Nortia
307 4587 443 4650 Sigonina.
464 4611 495 4623 -
518 4587 545 4637 ll.
565 4587 666 4651 quidem
683 4585 723 4636 orl
740 4598 838 4649 magno
855 4583 894 4632 orl
911 4582 986 4632 blRl.
1005 4606 1036 4616 -
1067 4583 1109 4634 10.
1129 4579 1213 4647 quam]
1232 4583 1302 4648 qood
1320 4583 1342 4635 1.
1364 4609 1393 4622 -
1430 4585 1474 4636 13.
1493 4588 1526 4635 m

207 4657 449 4711 3111331111.-
486 4657 529 4708 tt.
549 4671 617 4706 unae
636 4657 667 4705 R.
688 4681 717 4694 -
756 4655 798 4705 17.
819 4653 1019 4704 raom.1t.-
1052 4653 1123 4704 Fort.
1143 4651 1452 4706 incredibilitermadal·
1472 4655 1524 4708 Oa.

207 4750 240 4762 -
267 4727 310 4778 2⁰.
330 4725 395 4792 Epo]
415 4741 444 4778 aa
462 4728 499 4781 bl.
532 4751 563 4762 -
599 4725 657 4790 boa]
677 4740 708 4776 oe
726 4725 786 4778 MR.
819 4747 849 4759 -
886 4721 931 4773 22.
950 4715 1079 4773 voluerint
1098 4723 1175 4774 ntur:
1207 4723 1344 4774 votuerunt
1362 4724 1393 4775 R.
1424 4749 1459 4760 —
1494 4728 1526 4776 da

206 4805 281 4847 nocte
298 4797 381 4849 ntur:
401 4799 431 4848 da
449 4797 533 4847 molto
550 4805 623 4846 nocte
640 4797 671 4847 R.
700 4819 731 4832 -
768 4793 812 4845 33.
832 4791 995 4857 evigilatam
1013 4791 1173 4855 Stephanus.
1203 4815 1234 4828 -
1271 4793 1314 4843 25.
1332 4808 1390 4844 aum
1408 4796 1451 4846 bl:
1471 4803 1525 4846 tarra

209 4867 275 4917 nnn.
305 4893 338 4904 -
373 4865 451 4932 aero]
481 4869 546 4918 otra'a
565 4868 599 4918 Rl
624 4873 651 4917 et
669 4880 709 4931 pr.
728 4865 766 4918 ld·
797 4888 824 4901 -·
873 4863 1149 4926 commeaveram
1166 4861 1226 4912 MR.
1263 4865 1336 4914 Fort.
1354 4867 1478 4930 quantam
1497 4876 1525 4917 tu

207 4937 307 4988 scribta.
334 4935 385 4988 on.
416 4963 445 4974 -
493 4937 537 4988 32.
555 4943 641 5000 posset
660 4973 667 4988 .
685 4937 840 5000 priorarum
865 4932 1000 4985 Trebatius
1022 4935 1120 4984 ueniret
1143 4935 1222 4984 maan
1244 4936 1413 4995 imperatoria
1429 4937 1524 4988 audire.

213 5007 283 5057 l'ole.
302 5007 385 5068 (Turn
405 5022 490 5059 novae
509 5008 557 5071 Rp.
577 5006 706 5070 initium.)
725 5005 746 5056 l.
768 5028 799 5041 -
825 5004 870 5056 36.
888 5003 992 5070 afferret
1011 5004 1033 5054 l.
1055 5028 1084 5040 -
1105 5003 1148 5052 37.
1167 4999 1217 5064 me]
1237 5009 1261 5054 ta
1280 5003 1395 5056 Ernestit
1414 5021 1523 5070 operae.

209 5099 240 5112 -
260 5076 305 5126 33.
324 5091 376 5128 aare
393 5081 463 5130 etta
481 5077 774 5129 1133333313.-
810 5073 855 5126 33.
875 5074 974 5126 omenta
992 5073 1177 5124 “meliorem
1196 5073 1217 5123 l.
1239 5097 1270 5111 -
1299 5074 1344 5126 tu.
1362 5077 1456 5128 habeut
1476 5079 1505 5128 R.
