3628 5876
633 440 707 506 Lm.
728 442 782 506 lx.
824 442 883 506 ΜΡ.
905 442 935 506 8.
957 441 987 506 il.
1011 443 1060 504 10.
1448 445 1508 508 tto

189 607 221 666 te
242 598 359 665 omnia.
401 599 465 662 Etsi
488 597 573 662 nullo
595 606 738 685 tempore
759 602 791 663 in
813 597 1024 685 suspicionem
1046 597 1102 662 tibi
1125 597 1219 664 debui
1243 600 1350 664 venire
1372 601 1507 686 partium

189 715 284 760 causa
305 693 410 780 potius
431 712 526 778 quam
548 701 601 756 tua
623 690 678 756 tibi
700 691 851 766 suadere,
885 699 920 757 ut
947 701 978 757 te
1006 700 1059 756 aut
1080 711 1152 758 cum
1174 696 1308 758 Caesare
1330 693 1509 760 nobiscum-

189 808 253 876 que
284 791 490 870 coniungeres
519 793 574 850 aut
600 794 686 850 certe
713 785 746 850 in
769 786 873 851 otium
894 783 1048 859 referres,
1085 791 1252 872 praecipue
1276 807 1356 852 nunc
1377 787 1439 852 iam
1460 786 1506 852 iu·

190 882 303 946 clinata
313 878 444 946 victoria
455 900 494 943 ne
505 899 634 966 possum
647 879 774 966 quidem
786 878 819 944 iu
834 879 930 946 ullam
945 879 1037 946 aliam
1054 878 1191 945 incidere
1209 881 1390 966 opinionem
1405 881 1463 947 nisi
1474 882 1507 947 iu

190 996 275 1050 eam,
298 975 331 1040 in
345 995 407 1060 qua
420 973 536 1039 scilicet
554 971 611 1037 tibi
623 972 756 1039 suadere
770 972 894 1049 videar,
916 973 1001 1060 quod
1021 973 1071 1060 pie
1086 982 1189 1038 tacere
1209 996 1272 1039 uon
1285 996 1424 1060 possum.
1460 981 1531 1042 Tus

189 1080 305 1143 autem,
324 1067 368 1134 mi
383 1067 503 1141 Cicero,
519 1072 564 1132 sic
576 1067 652 1134 haec
665 1067 814 1153 accipies,
827 1077 877 1142 ut,
893 1067 960 1133 sive
973 1066 1193 1154 probabuntur
1207 1067 1263 1133 tibi
1277 1066 1344 1133 sive
1358 1089 1421 1134 non
1434 1088 1502 1154 pro·
1549 1065 1564 1084 ⁸

188 1162 364 1238 habuntur,
387 1160 427 1226 ab
440 1160 559 1249 optimo
577 1173 661 1227 certe
678 1160 784 1226 animo
800 1181 837 1226 ac
854 1160 1047 1226 deditissimo
1063 1161 1120 1227 tibi
1141 1172 1173 1226 ct
1187 1163 1319 1246 cogitata
1341 1171 1372 1226 et
1393 1162 1507 1248 scripta
1626 1171 1634 1190 ⁰

189 1278 258 1322 esse
279 1254 407 1322 iudices.
449 1260 480 1320 1.
500 1253 730 1320 Animadvertis
751 1258 805 1321 Cn.
827 1258 1009 1341 Pompeium
1031 1277 1089 1321 nec
1110 1256 1243 1320 nominis
1265 1255 1314 1320 sui
1329 1276 1386 1320 nec
1399 1277 1508 1320 rerum

188 1359 349 1436 gestarum
371 1348 470 1433 gloria
492 1369 593 1436 neque
616 1348 709 1414 ctiam
729 1369 842 1434 regum
863 1369 900 1414 ac
922 1348 1081 1414 nationum
1102 1349 1269 1425 clientelis,
1306 1371 1383 1436 quas
1404 1359 1508 1414 osten-

189 1451 257 1507 tare
279 1441 393 1508 crebro
415 1441 550 1518 solebat,
572 1463 640 1508 esse
663 1453 777 1518 tutum,
800 1451 832 1507 ct
852 1441 912 1508 hoc
933 1442 1040 1514 etiam,
1065 1443 1150 1530 quod
1172 1443 1279 1508 intimo
1300 1443 1414 1531 cuique
1434 1463 1546 1510 con-n

188 1537 275 1622 tigit,
297 1536 343 1601 illi
365 1557 427 1602 non
449 1556 542 1622 posse
563 1541 765 1622 contingere,
786 1546 822 1603 ut
842 1535 971 1602 honeste
993 1536 1133 1622 elingere
1154 1537 1270 1624 possit,
1297 1537 1388 1624 pulso
1410 1537 1507 1611 ltalia,

188 1630 312 1696 amissis
339 1629 515 1716 Hispaniis,
551 1639 641 1716 capto
679 1631 821 1696 exercitu
849 1639 1012 1706 veterano,
1050 1630 1282 1696 circumvallato
1311 1652 1394 1696 nunc
1421 1629 1510 1694 deui-

189 1747 266 1813 que;
288 1723 374 1811 quod
390 1723 496 1788 nescio
511 1745 550 1788 au
572 1725 648 1790 nulli
669 1746 807 1812 unquam
822 1733 930 1790 nostro
946 1724 1094 1789 acciderit
1112 1724 1304 1810 imperatori.
1349 1722 1509 1802 Quamob-

188 1841 272 1894 rem,
308 1817 384 1907 quid
405 1827 458 1884 aut
480 1817 532 1883 ille
554 1839 683 1904 sperare
704 1819 804 1906 possit
826 1828 880 1885 aut
900 1827 949 1894 tu,
979 1819 1117 1884 animum
1137 1817 1265 1883 adverte
1287 1839 1346 1904 pro
1365 1828 1417 1882 tua
1432 1837 1508 1902 pru-

189 1913 309 1990 dentia;
342 1913 387 1978 sic
419 1911 502 1976 enim
529 1910 674 1978 facillime
708 1910 793 2000 quod
826 1910 882 1978 tibi
910 1911 1110 1978 utilissimum
1143 1912 1205 1978 erit
1238 1911 1361 1979 consilii
1392 1910 1505 1996 capies.
1520 1938 1547 1978 is

187 2006 268 2074 lllud
290 2015 395 2072 autem
416 2015 447 2070 te
468 2013 562 2093 peto,
594 2015 645 2082 ut,
677 2005 704 2072 si
725 2005 787 2072 iam
808 2005 859 2072 ille
881 2006 1047 2072 evitaverit
1067 2006 1127 2073 hoc
1148 2005 1322 2094 periculum
1344 2016 1375 2072 et
1396 2025 1430 2070 se
1451 2002 1506 2068 ab-

188 2101 305 2168 diderit
324 2101 359 2166 in
380 2100 525 2176 classem,
547 2108 582 2165 tu
602 2100 664 2166 tuis
685 2099 780 2166 rebus
802 2101 946 2167 consulas
968 2101 1186 2186 utaliquando
1208 2099 1265 2164 tibi
1287 2099 1390 2186 potius
1412 2119 1505 2184 quam

187 2195 287 2262 cuivis
309 2200 351 2260 sis
373 2193 500 2260 amicus.
552 2192 749 2261 Satislactum
780 2200 827 2260 est
846 2194 909 2261 iam
930 2215 948 2258 a
969 2205 999 2260 te
1021 2195 1071 2260 vel
1092 2193 1196 2261 officio
1218 2195 1268 2260 vel
1289 2191 1505 2266 familiaritati,

188 2289 378 2356 satisfactum
401 2292 494 2354 etiam
516 2286 657 2374 partibus
679 2287 761 2354 etei
782 2287 1010 2374 reipublicae,
1033 2309 1126 2376 quam
1145 2297 1178 2354 tu
1192 2287 1358 2375 probabas.
1401 2292 1432 2353 3.
1447 2292 1508 2354 lie-

187 2384 308 2470 liquum
330 2390 388 2456 est,
424 2392 461 2448 ut
480 2381 535 2448 ubi
557 2402 641 2447 nunc
661 2392 708 2447 cst
728 2403 779 2448 res
800 2381 941 2470 publiea,
977 2380 1023 2447 ibi
1043 2387 1139 2448 simus
1160 2383 1265 2469 potius
1287 2404 1399 2470 quam,
1432 2381 1545 2447 dumea

188 2478 273 2544 illam
295 2485 433 2542 veterem
455 2476 632 2562 sequimur,
663 2476 759 2542 simus
780 2477 812 2542 in
835 2477 928 2543 nulla.
972 2480 1078 2556 Quare
1095 2477 1204 2552 velim,
1226 2478 1269 2543 mi
1284 2475 1506 2543 iucundissime

189 2574 315 2646 Cicero,
348 2574 374 2635 si
396 2569 477 2636 iorte
498 2569 665 2656 Pompeius
685 2571 793 2656 pulsus
815 2569 863 2636 his
885 2591 1011 2658 quoque
1033 2571 1109 2636 locis
1132 2592 1242 2636 rursus
1263 2570 1338 2636 alias
1360 2571 1507 2658 regiones

186 2674 295 2752 petere
317 2672 466 2750 cogatur,
496 2674 531 2730 ut
558 2674 591 2730 tu
618 2673 649 2730 te
680 2665 728 2729 vel
758 2664 891 2732 Athenas
918 2665 968 2730 vel
989 2665 1020 2730 iu
1047 2665 1188 2752 momnis
1209 2666 1346 2752 quietam
1367 2665 1500 2753 recipias

187 2757 353 2824 civitatem.
408 2756 502 2836 Quod
524 2759 551 2824 si
572 2758 634 2823 cris
656 2757 807 2834 facturus,
841 2759 935 2825 velim
957 2759 1032 2826 mibi
1054 2759 1191 2834 scribas,
1223 2770 1259 2826 ut
1279 2780 1355 2846 ego,
1389 2761 1415 2826 si
1437 2760 1502 2827 ullo

187 2852 284 2920 modo
306 2861 435 2939 potero,
457 2851 497 2918 ad
516 2861 546 2918 te
568 2851 722 2918 advolem.
774 2857 986 2939 Quaecunque
1008 2851 1047 2918 de
1069 2863 1120 2918 tua
1143 2852 1289 2940 dignitate
1311 2853 1350 2919 ab
1372 2854 1545 2939 impera-ra

188 2957 258 3014 tore
279 2955 372 3014 erunt
397 2947 606 3033 impetranda,
639 2968 701 3036 qua
729 2958 777 3013 est
801 2948 991 3014 humanitate
1019 2952 1146 3020 Caesar,
1182 2947 1363 3013 facillimum
1385 2946 1446 3010 erit
1467 2945 1506 3010 ab

187 3062 227 3107 eo
249 3040 306 3106 tibi
328 3041 388 3127 ipsi
409 3041 593 3128 impetrare;
629 3050 660 3106 et
688 3062 773 3107 meas
802 3051 904 3106 tamen
926 3062 1035 3128 preces
1057 3041 1141 3127 apud
1164 3063 1236 3106 eum
1259 3062 1322 3106 non
1344 3038 1506 3104 minimum

187 3133 379 3200 auctoritatis
407 3133 566 3200 habituras
592 3143 679 3221 puto.
736 3134 804 3201 Erit
831 3145 901 3200 tuae
930 3156 1056 3221 quoquc
1086 3133 1158 3200 iidei
1181 3143 1213 3199 et
1233 3131 1431 3199 humanitatis
1453 3153 1507 3196 cu-

186 3249 273 3301 rare,
305 3237 340 3294 ut
361 3228 388 3294 is
410 3227 605 3306 tabellarius,
637 3249 732 3316 quem
753 3229 792 3294 ad
814 3236 844 3295 te
865 3229 956 3304 misi,
991 3228 1109 3295 reverti
1130 3228 1229 3316 possit
1250 3227 1290 3294 ad
1311 3248 1361 3293 me
1383 3232 1415 3291 et
1435 3246 1454 3290 a
1475 3233 1505 3290 te

186 3319 263 3387 mihi
285 3321 403 3388 litteras
424 3321 550 3388 scierat.
1514 3341 1543 3382 ao

671 3518 1020 3604 undamn

511 3655 553 3716 Μ.
575 3652 717 3718 clouuo
739 3655 771 3716 S.
793 3655 830 3716 D.
852 3654 886 3716 Ρ.
907 3651 1180 3717 DOLABELLAE.

273 3775 301 3838 1.
329 3775 398 3838 Non
424 3793 492 3837 sum
520 3793 615 3838 ausus
642 3772 746 3837 Salvio
775 3781 885 3837 nostro
915 3771 991 3836 nihil
1011 3770 1051 3837 ad
1072 3781 1103 3836 te
1124 3771 1298 3838 litterarum
1319 3770 1412 3852 dare;
1447 3793 1506 3835 nec

185 3865 366 3932 mehercule
397 3864 565 3940 habebam,
602 3866 677 3953 quid
704 3864 891 3941 scriberem,
928 3865 1040 3930 uisite
1068 3887 1159 3930 ame
1181 3865 1367 3930 mirabiliter
1387 3870 1503 3942 amari;

186 3959 226 4024 de
253 3981 316 4046 quo
343 3960 436 4025 etiam
463 3959 540 4025 nibil
566 3960 721 4026 scribente
753 3981 802 4024 me
825 3970 854 4024 te
876 3981 939 4024 nou
961 3958 1105 4025 dubitare
1127 3968 1214 4025 certo
1236 3959 1312 4025 scio.
1369 3962 1543 4034 Omnino„

186 4053 262 4119 mihi
284 4054 383 4139 magis
406 4053 524 4118 litterae
550 4063 622 4120 sunt
643 4053 869 4141 exspectandae
891 4075 908 4117 a
930 4060 961 4118 te
983 4075 1077 4140 quam
1098 4075 1116 4118 a
1137 4075 1187 4118 me
1210 4053 1276 4118 tihi.
1319 4053 1400 4118 Nihil
1421 4053 1504 4117 euim

186 4153 304 4213 Romae
332 4147 467 4232 geritur,
504 4147 590 4234 quod
620 4157 649 4212 te
677 4157 784 4234 putem
811 4147 890 4211 scire
917 4167 1053 4224 curare;
1082 4147 1143 4214 nisi
1171 4147 1252 4213 lortc
1284 4147 1365 4212 scire
1386 4146 1434 4212 vis
1456 4166 1506 4210 me

186 4245 269 4306 inter
300 4241 416 4306 Niciam
449 4251 591 4307 nostrum
620 4253 651 4308 et
673 4241 794 4310 Vidium
817 4240 951 4306 iudicem
979 4263 1057 4306 esse.
1102 4239 1227 4306 Prolert
1247 4241 1346 4316 alter,
1368 4240 1505 4327 opinor,

186 4334 311 4400 duobus
333 4335 494 4401 versiculis
516 4357 689 4422 expensum
710 4337 828 4415 Niciae;
851 4339 930 4404 alter
952 4335 1147 4402 Aristarchus
1169 4333 1227 4401 hos
1250 4339 1395 4419 ὅβειιςει.
1439 4337 1506 4417 Ego

186 4437 344 4515 tamquam
365 4429 492 4520 criticus
513 4430 658 4517 antiquus
679 4431 873 4497 iudicaturus
895 4453 981 4506 sum,
1009 4439 1115 4495 utrum
1144 4435 1205 4496 sint
1228 4435 1289 4496 τοῦ
1310 4432 1446 4508 ποιητοῦ
1467 4447 1545 4498 anso

186 4529 499 4610 παρεμβεβλημένσι.
548 4528 578 4589 1.
599 4529 679 4591 Puto
701 4535 731 4590 te
753 4546 836 4591 nunc
857 4524 978 4591 dicere:
1011 4523 1201 4600 „Oblitusne
1222 4545 1256 4590 es
1277 4522 1374 4608 igitur
1394 4521 1508 4605 lungo-

256 4739 282 4790 5.
301 4739 395 4790 scitica
414 4747 438 4791 te
456 4741 504 4791 tttt
522 4741 559 4792 Μ.
595 4743 668 4793 Fort.
697 4743 792 4793 scilicet
818 4743 846 4794 id
864 4745 922 4794 tihi.
950 4741 1001 4795 Οιι.
1025 4767 1051 4776 ·
1083 4743 1183 4806 possim
1200 4741 1238 4794 Μ.
1276 4764 1312 4777 -
1347 4740 1374 4790 1.
1392 4739 1507 4805 gloriam

186 4805 224 4856 Μ.
243 4832 277 4842 -
313 4809 356 4860 13.
375 4809 423 4859 ιιιιι·
441 4810 598 4862 Cratander.
636 4813 690 4864 Cir.
714 4813 790 4862 Haud
810 4813 889 4864 Tura.
910 4813 931 4862 l.
952 4827 978 4876 p.
999 4813 1060 4863 311.
1082 4837 1113 4848 -
1149 4813 1193 4863 10.
1213 4819 1269 4874 eut,
1288 4817 1333 4871 ιιι,
1352 4809 1505 4862 ubtltresd.

186 4877 217 4926 22
248 4885 304 4934 cst,
330 4880 375 4928 obi
404 4879 464 4932 llll.
483 4907 518 4918 -
553 4881 597 4933 11.
616 4885 747 4947 sequimur
765 4883 929 4934 Lambinus:
948 4897 1086 4948 scqoomm
1103 4881 1162 4934 ΜΕ.
1189 4907 1224 4916 -
1259 4881 1304 4930 11.
1324 4880 1454 4931 murti.
1473 4910 1507 4918 —

186 4945 229 4996 11.
249 4949 334 5011 iprum
352 4949 501 5003 Schtttzius.
521 4977 555 4986 -
578 4951 622 5003 st.
641 4955 704 5018 quid
721 4953 767 5004 Μι
787 4955 855 5020 quod
875 4954 956 5004 11.-
983 4953 1027 5004 36.
1046 4953 1204 5017 expetendae
1221 4952 1366 5003 Suetonius
1385 4949 1506 5005 orsum.

186 5030 253 5137 {ppo
266 5018 442 5140 ιῶΜ-Μέὓ.
461 5025 556 5088 opinor
573 5037 635 5074 cum
654 5023 782 5076 Suetonio
801 5023 846 5076 tt:
865 5031 894 5074 ιιι
913 5025 1009 5090 opinor
1027 5023 1057 5076 ll.
1079 5047 1109 5060 -
1127 5023 1172 5073 11.
1192 5023 1261 5074 Puto
1280 5030 1305 5076 ta
1320 5036 1389 5073 nunc
1406 5021 1506 5076 Aldusa
