3658 5930
323 435 385 498 620
824 428 884 492 ΕΡ.
906 427 958 488 hl)
981 423 1155 488 ATTICUhl

219 599 228 637 t
407 593 437 654 2.
461 592 533 664 „Ite
555 587 672 666 Quinto
693 583 790 650 tratre
811 603 969 650 mennon
990 581 1091 647 minus
1112 578 1224 646 laboro
1245 601 1339 667 quam
1354 579 1394 646 de
1408 599 1460 646 me
1473 579 1558 666 ipso;
1582 578 1646 644 sed

220 675 225 692 '
324 705 423 759 „eum
450 680 506 748 tibi
533 673 758 748 commendar‘e'
779 679 839 745 hoc
868 697 940 745 meo
968 685 1112 762 tempore
1139 694 1201 739 non
1223 673 1335 740 audeo.
1377 671 1457 742 lllud
1477 673 1647 740 dumtaxat

324 789 455 852 ..umen
476 774 600 841 audebo
622 782 730 861 petere
752 773 806 839 abs
828 782 874 848 te,
908 770 995 859 quod
1017 779 1047 835 te
1069 791 1145 844 oro,
1181 791 1220 835 ne
1243 770 1319 856 quid
1340 772 1500 837 existimes
1521 771 1560 836 ab
1583 770 1645 836 illo

327 871 466 944 ..lactum
496 891 583 943 esse,
617 868 805 956 quominus
833 887 903 932 mea
924 866 957 931 in
979 874 1009 929 te
1031 864 1132 930 officia
1154 873 1331 930 constarent
1351 865 1494 931 minusve
1516 876 1547 931 te
1568 865 1645 931 dili-

305 985 477 1052 e‚‚qerem,
513 964 679 1050 potiusque
701 981 825 1048 semper
845 960 934 1026 illum
955 965 1116 1054 auctorem
1144 969 1269 1024 nostrae
1291 958 1517 1024 coniunctionis
1542 958 1643 1024 luisse

324 1109 341 1134 ,.
354 1058 477 1144 meique
498 1057 618 1123 itineris
640 1056 803 1130 comitem,
832 1075 897 1119 non
918 1053 1039 1118 ducem.
1083 1054 1188 1129 Quare
1210 1053 1323 1118 ceteris
1349 1052 1380 1118 in
1401 1051 1498 1119 rebus
1519 1059 1642 1118 tantum

324 1154 382 1228 „ei
410 1150 728 1239 tribues,(quantum
756 1147 930 1215 humanitas
961 1156 1012 1212 tna
1041 1145 1239 1232 amicitiaque
1261 1156 1363 1213 vestra
1385 1145 1533 1234 postulat)
1570 1149 1641 1230 Ego

138 1185 228 1294 W
324 1248 380 1322 „ei
402 1269 439 1313 ne
462 1244 537 1334 quid
558 1244 640 1332 apud
663 1252 694 1310 tc
715 1243 833 1317 obsim,
856 1242 888 1307 id
910 1252 941 1306 te
963 1240 1166 1306 vehementer
1186 1246 1278 1306 etiam
1301 1252 1393 1328 atque
1416 1235 1512 1305 etr‘affi
1530 1243 1641 1326 rogo.”

184 1361 213 1480 p,
408 1345 437 1406 3.
461 1342 583 1418 Quare,
616 1338 642 1404 si
665 1338 734 1432 quis
765 1357 950 1421 congressus
972 1334 1067 1400 luerit
1087 1334 1164 1400 mihi
1185 1356 1256 1400 curn
1278 1339 1411 1401 Caesare
1433 1369 1474 1380 -
1496 1332 1554 1398 etsi
1575 1353 1641 1397 non

288 1456 315 1500 sn
324 1433 449 1510 dubito,
471 1433 547 1520 quin
568 1432 594 1498 is
615 1431 694 1498 lenis
716 1431 748 1496 in
770 1431 857 1496 illum
879 1431 1003 1496 iuturus
1025 1429 1065 1494 sit
1085 1427 1180 1514 idque
1202 1433 1264 1495 iam
1282 1428 1486 1496 declaraverit
1507 1465 1558 1504 -,
1579 1448 1641 1512 ego

323 1541 427 1596 tamen
447 1529 473 1594 is
495 1548 567 1602 ero,
600 1527 655 1614 qui
677 1547 803 1613 semper
824 1525 880 1592 lui.
927 1523 1004 1599 Sed,
1038 1533 1072 1588 ut
1094 1522 1206 1597 video,
1240 1525 1338 1591 multo
1360 1523 1458 1610 magis
1480 1531 1527 1586 est
1548 1519 1641 1586 nohis

322 1622 528 1690 laborandum
550 1621 589 1686 de
610 1621 731 1698 hirica;
760 1641 854 1708 qnam
875 1618 1001 1706 quidem
1023 1627 1058 1684 tu
1079 1616 1188 1684 scribis
1210 1618 1390 1684 confirmari
1416 1617 1554 1705 quotidie
1576 1637 1643 1680 ma-

322 1719 370 1802 gis
398 1717 437 1783 ad
465 1715 658 1782 condicionis
686 1737 774 1802 spem
796 1734 890 1801 quam
919 1712 1079 1778 victoriae.
1123 1712 1217 1789 Quod
1239 1713 1358 1778 utinam
1380 1716 1421 1777 ita
1444 1714 1541 1777 essetl
1578 1707 1641 1774 Sed

323 1809 415 1896 longe
440 1811 531 1877 aliter
558 1830 628 1875 esse
654 1808 811 1894 intelligo;
844 1815 937 1893 teque
967 1807 1071 1894 ipsum
1093 1806 1135 1872 ita
1157 1807 1338 1873 existimare
1359 1806 1512 1879 arbitror,
1551 1803 1643 1868 aliter

289 1913 427 1969 nantem
459 1902 613 1978 scrihere,
648 1924 711 1969 non
743 1901 870 1968 fallendi
899 1901 955 1967 sed
982 1899 1187 1967 confirmandi
1214 1901 1275 1966 mei
1309 1921 1425 1976 causa,
1457 1898 1641 1987 praesertim

324 2019 394 2064 cum
417 1998 603 2082 adiungatur
624 1997 663 2063 ad
684 1995 822 2062 Alricam
852 1995 945 2062 etiam
975 1995 1133 2081 Hispania.
1175 1999 1205 2060 1.
1234 1994 1327 2073 Quod
1347 2015 1398 2059 me
1420 1992 1585 2066 admones,
1606 2001 1643 2058 ut

324 2089 457 2158 scribam
488 2090 527 2156 ad
554 2091 723 2157 Antonium
754 2102 785 2156 et
813 2089 853 2155 ad
881 2099 1018 2155 ceteros:
1052 2089 1078 2155 si
1102 2088 1177 2175 quid
1198 2087 1357 2154 ridebitur
1377 2085 1435 2153 tihi
1456 2107 1536 2172 opus
1558 2106 1642 2160 csse,

324 2185 419 2251 velim
440 2185 534 2250 lacias
555 2184 614 2258 id,
638 2184 722 2271 quod
750 2205 845 2271 saepe
866 2182 976 2250 fecisti.
1019 2184 1100 2250 Nihil
1125 2184 1208 2249 enim
1230 2182 1307 2247 mihi
1330 2181 1467 2248 venitin
1490 2189 1641 2254 mentem,

325 2277 410 2365 quod
432 2277 630 2344 scribendum
657 2286 775 2364 putem.
818 2276 913 2355 Quod
934 2298 984 2342 me
1006 2278 1096 2342 audis
1118 2277 1303 2342 erectiorem
1327 2296 1396 2342 esse
1417 2279 1537 2348 animo,
1566 2271 1644 2358 qnid

287 2381 433 2458 ruputas,
463 2393 533 2436 cum
562 2371 669 2437 videas
699 2371 866 2436 accessisse
895 2369 934 2434 ad
956 2370 1137 2456 superiores
1160 2369 1371 2456 aegritudines
1393 2367 1568 2454 praeclaras
1589 2386 1644 2451 ge-

325 2465 394 2530 neri
416 2466 572 2530 actiones?
602 2469 649 2530 Tu
670 2474 774 2529 tamen
796 2462 887 2529 velim
909 2485 949 2528 nc
965 2464 1164 2540 intermittas,
1186 2465 1290 2552 quoad
1308 2464 1375 2529 eius
1396 2461 1500 2528 iacere
1514 2465 1642 2548 poteris,

325 2557 464 2625 scribere
486 2558 611 2634 adme,
648 2558 741 2623 etiarn
764 2561 789 2624 si
813 2577 898 2632 rem,
922 2555 960 2622 dc
982 2579 1044 2644 qua
1067 2557 1201 2634 scribas,
1236 2579 1298 2624 non
1321 2555 1459 2623 habebis.
1513 2560 1643 2641 Semper

326 2653 409 2717 enim
436 2652 572 2718 allerunt
596 2651 715 2739 aliquid
743 2651 819 2716 mihi
850 2651 971 2717 litterae
998 2660 1082 2718 tuac.
1142 2653 1287 2719 Galeonis
1315 2651 1518 2718 hereditatem
1546 2649 1643 2715 crevi.

325 2750 406 2813 Puto
427 2746 509 2812 enim
531 2747 701 2813 cretionem
724 2745 896 2833 simplicem
918 2745 1029 2822 luisse,
1058 2746 1207 2833 quoniam
1229 2747 1268 2814 ad
1296 2767 1346 2812 me
1368 2745 1452 2812 nulla
1472 2743 1565 2810 missa
1586 2753 1643 2809 est.

290 2857 404 2907 aevrrr.
427 2840 472 2907 ld.
495 2845 585 2907 Mart

785 2985 872 3047 aru.
917 2983 966 3064 (l.
992 2986 1025 3048 u.
1047 2985 1079 3048 c.
1103 2982 1188 3066 ror.)

810 3107 954 3170 ClCERO
976 3107 1121 3171 ATTlCO
1145 3109 1176 3170 S.

413 3222 440 3282 l.
463 3222 489 3283 A
510 3222 658 3282 Murenae
678 3215 793 3283 liberto
814 3216 890 3280 nihil
912 3215 1013 3281 adhuc
1035 3238 1217 3302 acceperam
1244 3217 1427 3283 litterarum.
1471 3217 1535 3299 11).
1560 3218 1646 3282 Siser

326 3310 507 3376 reddiderat
528 3333 596 3385 eas,
626 3311 740 3397 quibus
760 3310 913 3377 rescribo.
966 3315 1012 3376 De
1035 3312 1137 3376 Servii
1159 3312 1256 3402 patris
1279 3312 1389 3377 litteris
1410 3311 1495 3398 quod
1517 3311 1644 3386 scribis,

289 3405 417 3478 ⁸⁰itom,
452 3406 602 3484 Quintum
631 3407 665 3470 in
693 3406 815 3493 Syriam
844 3406 966 3471 venisse
997 3406 1083 3492 quod
1109 3408 1155 3472 ais
1183 3395 1250 3472 esse
1280 3408 1333 3492 qui
1361 3407 1518 3479 nuntient,
1552 3426 1590 3470 ne
1612 3405 1645 3469 id

327 3498 453 3585 quidem
481 3521 591 3564 rerum
621 3509 676 3564 est.
731 3498 825 3578 Quod
848 3500 1017 3565 certiorem
1047 3510 1076 3565 te
1103 3502 1151 3567 vis
1181 3500 1265 3576 lieri,
1295 3521 1358 3586 quo
1386 3500 1519 3585 quisque
1541 3498 1572 3564 in
1595 3519 1645 3564 me

327 3594 432 3658 animo
455 3593 495 3658 sit
516 3603 570 3658 aut
590 3593 687 3659 suerit
708 3614 835 3671 eorum,
858 3595 912 3680 qui
935 3595 994 3659 huc
1016 3605 1182 3661 venerunt:
1207 3595 1362 3660 neminem
1377 3595 1480 3659 alieno
1495 3594 1645 3660 intellexi.

328 3685 406 3761 Sed,
442 3696 591 3772 quantum
620 3687 652 3751 id
680 3709 749 3752 mea
780 3687 918 3761 intersit,
955 3689 1135 3754 existimare
1165 3699 1195 3754 tc
1222 3711 1315 3775 posse
1341 3699 1428 3754 certo
1451 3689 1525 3754 scio.
1569 3687 1646 3753 Mihi

328 3801 397 3845 cnm
427 3781 532 3845 omnia
562 3791 634 3846 sunt
660 3779 868 3846 intolerabilia
897 3781 935 3846 ad
966 3780 1124 3855 dolorem,
1154 3792 1220 3848 tum
1243 3788 1393 3857 maxime,
1417 3781 1502 3869 quod
1523 3782 1555 3846 in
1577 3803 1646 3846 earn

290 3880 450 3938 ⁸⁵causam
473 3875 595 3940 venisse
617 3897 667 3938 me
688 3873 797 3950 video,
819 3886 854 3940 ut
875 3875 941 3940 sola
963 3877 1050 3942 utilia
1073 3877 1148 3942 mihi
1171 3898 1239 3942 esse
1261 3877 1440 3951 videantur,
1463 3897 1543 3962 quae
1566 3897 1646 3940 sem·

191 3971 206 4055 ᾖ
328 3988 386 4053 per
416 3967 511 4032 nolui.
564 3973 597 4034 P.
619 3969 783 4034 Lentulum
805 3977 924 4054 patrem
947 3969 1049 4036 Rhodi
1071 3992 1139 4035 esse
1161 3971 1263 4044 aiunt,
1297 3970 1510 4036 Alexandreae
1533 3967 1643 4046 lilium;

190 4044 206 4086 d
327 4060 502 4147 Rhodoque
529 4063 756 4128 Alexandream
785 4066 818 4128 C.
841 4053 980 4128 Cassium
1009 4064 1185 4152 profectum
1216 4085 1283 4130 esse
1311 4074 1441 4130 constat.
1491 4068 1520 4128 2.
1550 4061 1646 4141 Quin·

397 4282 422 4332 5.
442 4295 543 4345 semper
559 4279 645 4344 illum]
664 4293 763 4343 semper
781 4283 817 4342 ll,
836 4282 912 4331 illum
929 4296 1028 4345 reaper
1046 4284 1068 4334 l.
1091 4309 1120 4320 -
1156 4286 1182 4334 7.
1202 4281 1301 4348 cestra]
1320 4289 1415 4334 nestro
1433 4285 1478 4334 nt.
1497 4309 1530 4318 -
1549 4285 1576 4334 3.
1607 4283 1647 4330 ln·

330 4366 437 4420 pressere
455 4353 486 4402 n.
507 4377 538 4390 -
575 4353 617 4403 10.
638 4353 709 4403 Fert.
731 4351 889 4404 declaravit.
909 4353 959 4404 On.
980 4381 1007 4389 -
1049 4355 1092 4404 11.
1111 4355 1185 4404 nobie
1203 4355 1239 4407 111.
1269 4381 1297 4392 -
1337 4355 1379 4404 12.
1400 4351 1564 4420 confirmari]
1587 4366 1648 4402 eort-

328 4425 397 4476 oertt
416 4424 532 4473 malebat
552 4422 699 4472 Ernestlus.
737 4423 809 4473 Fert.
830 4422 1003 4485 conforneore'.
1024 4425 1075 4476 0n.
1099 4449 1125 4458 -
1166 4426 1208 4476 19.
1228 4426 1380 4474 erectiorem
1397 4423 1452 4475 bil:
1473 4426 1596 4476 erectiore
1615 4423 1646 4483 n,

328 4495 481 4560 {rectiorem
508 4493 626 4544 victorio
653 4499 762 4542 anctore
792 4494 821 4543 11.
861 4491 935 4556 (Este
956 4495 1033 4559 Quod
1052 4495 1119 4545 salso
1136 4509 1176 4544 me
1193 4496 1270 4544 nudie
1288 4502 1338 4545 cet.
1360 4493 1424 4556 On.)
1446 4521 1472 4532 -
1513 4496 1556 4545 20.
1577 4506 1649 4543 neee-

325 4569 395 4630 pe'aee
419 4565 491 4614 Mill.
530 4563 618 4621 (Cora.
640 4561 867 4624 inblanutlana.)
898 4590 930 4599 -
976 4567 1147 4630 qenes-ellit.
1171 4590 1198 4600 -
1236 4567 1279 4615 21.
1298 4567 1557 4616 intromittant-
1593 4565 1649 4612 etus

329 4651 383 4688 om.
405 4634 427 4684 l.
449 4657 481 4670 -
516 4633 560 4683 23.
581 4634 762 4683 lttteroetuce
782 4634 815 4682 Rl
834 4641 861 4684 et
879 4648 917 4697 pr.
940 4635 985 4685 ld:
1013 4641 1075 4685 tuoe
1093 4637 1197 4686 litterae
1217 4635 1236 4684 E
1255 4642 1281 4686 at
1300 4650 1370 4686 corr.
1391 4636 1427 4686 Μ.
1449 4657 1481 4670 -
1517 4637 1561 4684 21.
1582 4633 1648 4682 Ρυεο

329 4708 400 4756 enim
418 4700 568 4766 cretionem]
588 4704 653 4753 dcto
672 4701 733 4766 (sic)
754 4706 822 4753 enim
841 4707 991 4754 oracionem
1009 4707 1048 4767 bl,
1077 4707 1144 4756 duco
1163 4707 1231 4754 enim
1259 4705 1414 4756 Trucionem
1433 4707 1472 4762 n.
1495 4705 1562 4754 duco
1581 4707 1649 4752 enim

269 4825 273 4834 ,
329 4777 479 4826 Cruttooem
507 4775 528 4823 1.
567 4771 655 4835 (Gerr.
675 4788 706 4823 ex
728 4787 781 4836 eng.
803 4773 889 4831 Cret.)
915 4801 942 4811 —
982 4776 1025 4826 28.
1047 4775 1076 4824 Ρ.
1097 4776 1177 4838 Steer]
1198 4775 1227 4824 Ρ.
1249 4777 1278 4826 F.
1299 4775 1355 4825 Ser.
1376 4777 1414 4833 li,
1446 4775 1496 4824 Sed
1516 4775 1544 4824 P.
1564 4774 1648 4823 Serni-

328 4849 364 4896 tr'e
393 4844 414 4894 l.
448 4867 478 4880 -
515 4843 557 4894 30.
586 4845 665 4900 itera,
698 4839 835 4906 Quintam]
865 4845 977 4907 itemque
1003 4847 1033 4898 lt.
1068 4871 1097 4882 -
1135 4853 1160 4896 et
1182 4846 1252 4910 quod
1277 4846 1296 4895 l.
1325 4871 1357 4881 -
1395 4846 1439 4896 33.
1459 4851 1526 4896 certe
1545 4843 1594 4895 hll.
1618 4870 1645 4882 -

330 4917 374 4966 31.
399 4916 452 4963 rint
478 4913 552 4964 hllil.
591 4915 677 4971 (Corr.
710 4915 737 4962 tn
768 4912 949 4974 blenutlana.)
982 4942 1012 4952 -
1066 4917 1108 4966 35.
1134 4922 1164 4966 ret
1188 4917 1246 4965 roto
1269 4916 1352 4966 Mill:
1384 4923 1414 4966 ut
1438 4929 1470 4964 eo
1499 4916 1557 4966 eolo
1585 4927 1648 4962 cum

330 4983 520 5103 Lambinofflll.
552 5009 585 5019 -
630 4985 674 5036 311.
700 4981 886 5033 assererem
909 5009 919 5020 ·
947 4984 1172 5038 -dtesoadreom
1195 4986 1236 5038 bl:
1268 4986 1448 5037 Alexandriae
1470 5009 1480 5020 -
1501 5009 1511 5020 ·
1534 4984 1648 5036 Aterno·

331 5054 459 5104 drinmll
498 5087 503 5100 .
