3656 5868
510 424 585 488 ΗΒ.
607 424 674 490 Vll.
708 424 768 488 ΕΡ.
790 423 842 487 82.
863 423 914 488 33.
959 423 1033 486 LlB.
1055 422 1135 486 VIII.
1178 422 1237 486 ΕΡ.
1260 424 1289 486 1.
1500 425 1561 490 125

240 593 309 656 tur,
330 589 367 647 ut
387 579 431 646 ait
450 577 635 647 Pbalootctes
656 578 895 666 spadanorum,
922 579 1035 644 obiecto
1054 580 1165 661 plotio.
1207 582 1237 644 2.
1260 576 1322 644 Sed
1335 586 1438 644 tamen
1456 578 1563 646 omnia

239 675 318 740 mibi
340 683 448 748 erunt,
481 673 509 738 si
531 682 565 738 tu
585 673 726 748 veneris,
755 672 919 750 bilariora;
942 691 1130 759 quamquam
1152 671 1280 747 venies,
1301 682 1337 737 ut
1358 672 1427 759 ipse
1448 672 1563 738 intelli·

239 768 304 854 gis,
337 767 370 832 in
392 765 600 833 maximarum
621 767 709 854 quasi
731 787 918 834 concursum
940 765 1195 853 occupationum,
1223 765 1370 852 quassi,
1406 776 1442 832 ut
1472 766 1562 832 volu·

238 883 327 935 mus,
360 861 598 944 exceperimus,
632 881 692 947 ego
712 881 791 926 vero
812 859 940 926 multam
961 858 1091 925 salutem
1113 869 1144 925 et
1165 858 1237 925 loro
1259 858 1360 924 dicam
1382 866 1413 924 et
1434 859 1561 935 curiae,

238 955 406 1041 vivamque
428 966 531 1020 tecum
552 954 685 1020 multum
706 964 830 1020 etcum
851 952 1070 1019 communibus
1091 952 1207 1018 nostris
1229 950 1431 1018 amatoribus.
1483 957 1585 1023 Nema

220 1055 272 1156 (et
293 1047 417 1114 Cassius
446 1057 517 1115 tuus
547 1055 578 1112 et
598 1047 760 1115 Dolabella
773 1043 919 1156 noster)
941 1046 990 1112 vel
1011 1046 1116 1132 potius
1137 1054 1271 1133 uterque
1292 1055 1416 1119 noster,
1435 1045 1562 1128 (studiis

237 1139 350 1206 iisdem
371 1150 517 1207 tenentur
538 1152 569 1207 et
589 1141 668 1206 meis
690 1141 885 1229 aequissimis
906 1147 1036 1224 uturffl
998 1135 1192 1205 uauribus
1183 1164 1198 1227 q
1234 1143 1321 1226 Opus
1337 1149 1384 1205 est
1398 1139 1459 1204 bue
1473 1137 1561 1204 lima·
1613 1152 1764 1208 “rr

237 1236 307 1301 tulo
340 1244 371 1300 et
397 1211 509 1322 polito
522 1244 578 1300 tuo
606 1234 724 1301 iudicio
752 1246 783 1302 et
814 1234 874 1300 illis
903 1233 1109 1300 interioribus
1139 1224 1250 1299 litieris
1284 1232 1408 1318 [meis]‚
1445 1231 1609 1319 quibus

236 1350 333 1415 saepe
360 1327 622 1396 verecundiorem
654 1350 704 1393 mc
725 1329 758 1394 in
784 1328 943 1416 loquendo
965 1326 1051 1392 sacis.
1092 1327 1169 1394 Mihi
1195 1327 1278 1392 enim
1305 1326 1475 1393 iudicatum
1496 1334 1561 1400 est,

237 1423 267 1490 si
288 1423 384 1489 modo
405 1422 466 1488 boc
487 1427 601 1490 Caesar
622 1430 675 1487 aut
701 1423 838 1508 patietur
865 1430 917 1488 aut
945 1421 1047 1497 volet,
1082 1419 1241 1507 deponere
1264 1421 1378 1488 illam'
1368 1441 1429 1486 ram
1451 1439 1600 1506 perso-so

238 1539 328 1592 nam,
350 1517 383 1583 in
405 1539 467 1604 qua
488 1537 538 1582 me
560 1536 654 1602 saepe
676 1515 721 1581 illi
743 1516 803 1603 ipsi
824 1515 975 1603 probavi,
998 1535 1034 1579 ac
1056 1535 1106 1580 me
1127 1522 1228 1580 totum
1250 1513 1283 1578 in
1304 1513 1422 1580 litteras
1444 1511 1561 1578 abdere

237 1619 405 1696 tecumque
427 1619 550 1675 etcum
572 1609 684 1676 ceteris
706 1629 815 1674 earum
837 1607 985 1674 studiosis
1007 1606 1227 1674 honestissimo
1249 1607 1315 1673 otio
1336 1605 1469 1694 perfrui.
1513 1610 1561 1672 Tu

237 1704 352 1770 vellem
373 1725 413 1768 ne
434 1703 553 1769 veritus
575 1723 675 1778 esses,
698 1723 738 1768 no
759 1701 940 1789 †pluribus
961 1701 1101 1786 legerem
1122 1711 1191 1767 tuas
1213 1700 1349 1774 litteras,
1372 1701 1399 1766 si
1419 1700 1496 1766 mibi
1520 1735 1560 1748 -

239 1796 502 1886 quemadmodum
524 1795 635 1862 scribis
657 1831 697 1844 -
718 1798 877 1882 longiores
904 1796 986 1862 forte
1008 1794 1161 1878 misisses;
1195 1815 1231 1858 ao
1252 1795 1345 1861 velim
1366 1794 1496 1881 posthac
1516 1794 1562 1860 sic

239 1901 371 1968 statues,
393 1901 461 1957 tuas
483 1889 561 1956 mibi
581 1890 698 1958 litteras
719 1889 917 1977 longissimas
939 1909 1079 1977 quasque
1100 1889 1291 1974 gratissImas
1312 1888 1393 1954 lore.
1572 1913 1599 1958 rs

756 2335 908 2397 LIBER
936 2335 1043 2396 vm.

741 2528 1059 2594 nt.anL11

447 2654 1353 2782 ue1suounu

866 2911 931 2969 Ab

529 3081 582 3155 Μ.
610 3081 882 3158 TULLIUM
908 3076 1277 3156 CICERONEM.

729 3396 1077 3480 nouom)

692 3521 853 3586 mmaus
876 3521 1059 3585 cuanom
1081 3521 1113 3583 s.

242 3651 270 3714 1.
316 3626 421 3732 Quod
448 3647 507 3715 tibi
529 3648 683 3715 decedens
704 3649 861 3736 pollicitus
882 3670 954 3715 snm
976 3670 1026 3715 me
1048 3668 1157 3714 omnes
1185 3668 1238 3714 res
1265 3647 1401 3714 urbanas
1431 3647 1561 3735 diligen·

240 3742 357 3808 tissime
379 3741 434 3808 tibi
455 3743 719 3830 perscripturum,
756 3742 827 3808 data
848 3763 946 3829 opera
967 3743 1093 3829 paravi,
1123 3743 1176 3830 qui
1199 3741 1244 3808 sic
1265 3743 1370 3809 omnia
1393 3763 1562 3831 perseque-

239 3845 345 3911 retur,
367 3844 402 3901 ut
423 3856 550 3913 verear,
580 3858 620 3902 ne
642 3836 699 3902 tibi
720 3837 852 3903 nimium
873 3845 982 3921 arguta
1004 3837 1080 3902 baec
1101 3836 1250 3902 sedulitas
1272 3837 1427 3903 videatur.
1471 3843 1561 3903 Tam·
1570 3860 1600 3905 ro

240 3931 298 3996 etsi
320 3940 353 3996 tu
374 3928 438 3995 scio
461 3950 554 4016 quam
577 3930 619 3996 sis
640 3931 784 3997 curiosus
807 3940 838 3996 et
859 3952 953 4018 quarn
975 3929 1122 3996 omnibus
1143 3929 1415 4016 peregrinantibus
1437 3940 1560 4015 gratum

240 4027 280 4088 sit
307 4024 506 4088 minimarum
534 4045 661 4111 quoque
688 4045 813 4098 rerum,
850 4045 931 4111 quae
963 4023 1047 4089 dorni
1079 4034 1252 4110 gerantur,
1287 4024 1360 4088 lieri
1392 4026 1561 4100 certiores,

239 4127 343 4184 umen
365 4118 397 4182 in
419 4117 478 4182 boc
499 4127 529 4182 te
552 4116 721 4203 deprecor,
744 4140 783 4183 ne
798 4139 902 4183 meum
921 4117 981 4183 boc
995 4117 1132 4183 officium
1147 4118 1345 4204 arrogantiae
1362 4117 1561 4194 condemnes,

240 4211 326 4298 quod
354 4211 436 4276 bunc
462 4209 604 4276 laborem
635 4211 724 4277 alteri
754 4211 911 4297 delegavi:
948 4233 1012 4278 non
1034 4211 1110 4298 quin
1132 4211 1208 4276 mibi
1230 4212 1447 4278 suavissimum
1469 4214 1509 4278 sit
1531 4220 1563 4277 et

240 4317 391 4391 occupato
414 4303 505 4369 etad
526 4304 643 4370 litteras
665 4305 860 4380 scribendas,
882 4316 918 4371 ut
938 4314 972 4370 tu
993 4305 1090 4381 nosti,
1112 4305 1285 4392 pigerrimo
1302 4315 1375 4371 tuae
1390 4305 1561 4372 memoriae
1571 4327 1600 4372 rs

241 4399 315 4464 dare
336 4420 482 4486 operam;
519 4399 575 4464 sed
598 4399 702 4485 ipsum
722 4401 890 4476 volumen,
913 4397 999 4485 quod
1018 4398 1076 4465 tibi
1097 4399 1188 4474 misi,
1211 4399 1318 4475 facile,
1342 4408 1378 4465 ut
1399 4417 1458 4484 ego
1479 4397 1564 4465 arbi·
1587 4445 1590 4452 ·

240 4501 324 4571 tror,
357 4513 409 4557 me
430 4502 568 4558 excusat.
618 4493 730 4559 Nescio
752 4493 841 4560 cuius
863 4493 920 4558 otii
942 4502 1024 4558 esset
1043 4514 1108 4558 non
1129 4494 1226 4560 modo
1247 4492 1444 4581 perscribere
1466 4491 1559 4568 baec,

308 4713 334 4762 1.
361 4712 463 4762 oblecto
485 4712 573 4776 atomo
601 4712 743 4774 Ciceroni,
771 4727 826 4763 non
851 4712 953 4772 Aeolo,
985 4713 1080 4763 tribuit
1097 4713 1128 4762 ll.
1157 4739 1185 4750 -
1224 4713 1251 4764 2.
1270 4714 1355 4763 venta
1373 4713 1468 4763 lanta:
1492 4714 1564 4762 orata

239 4781 298 4834 itti.
331 4805 361 4822 ··
406 4782 433 4832 ⁸.
459 4782 555 4834 titteris
580 4784 616 4832 ets
639 4783 729 4846 quibus
755 4783 916 4842 Lambinus,
944 4783 1039 4833 utrem
1057 4783 1148 4847 quitus
1166 4781 1234 4844 (om.
1253 4781 1326 4843 mdc)
1346 4783 1377 4832 E.
1400 4808 1430 4819 -
1466 4784 1510 4834 13.
1529 4798 1561 4836 ne

237 4851 355 4914 pluribus
381 4851 427 4902 M:
459 4866 492 4903 aa
519 4854 667 4915 perinvitus
696 4853 725 4902 ll.
770 4855 843 4904 Fort.
861 4869 893 4904 nc
909 4867 958 4916 per
977 4853 1111 4904 librarios.
1132 4853 1284 4916 opponitur
1301 4853 1395 4916 Topie.
1416 4854 1450 4902 1:
1473 4861 1503 4904 ut
1520 4867 1563 4905 eoa

241 4919 345 4986 (libror)
371 4935 420 4984 per
442 4927 468 4972 te
493 4924 548 4986 ipse
573 4923 677 4988 teperet.
704 4923 755 4974 on.
774 4949 809 4958 -
845 4923 890 4974 18.
908 4924 1030 4974 decom
1047 4923 1093 4974 Ma
1119 4924 1248 4974 decedenti
1266 4923 1304 4978 E.
1324 4923 1454 4973 amcam
1474 4925 1495 4973 1.
1517 4927 1561 4977 Fr.

240 4989 403 5044 Gronovius.
432 5017 467 5030 -·
506 4993 553 5044 25.
584 5000 610 5044 et
636 4989 682 5056 od]
708 5001 739 5045 ut
764 4995 801 5045 od
829 4993 868 5044 ri.
896 5019 927 5031 -
969 4994 1014 5045 11.
1046 4993 1178 5044 cccmobtt
1209 4993 1327 5044 malebat
1351 4993 1499 5047 Ernestius.
1528 5023 1561 5032 -

239 5061 385 5126 quotum
