3668 5924
726 413 800 476 Llll.
821 414 845 477 1.
888 413 945 476 ΕΡ.
970 413 1020 475 ld.
1465 417 1527 482 383

211 581 276 644 τοῖς
310 570 487 642 πολιτικοῖς
518 564 706 642 honestum,
741 568 818 633 nibil
853 568 995 645 illustre,
1031 569 1108 637 nihil
1137 569 1239 647 forte,
1275 572 1351 638 nihil
1381 573 1527 641 liberum.

210 660 274 726 Sed
300 659 377 726 baec
405 658 446 725 ad
476 668 507 723 te
532 659 666 726 scribam
695 661 769 726 alias
797 661 959 742 subtilium
990 683 1062 730 nam
1090 687 1192 752 neque
1219 665 1321 733 adbuc
1349 667 1426 733 mibi
1453 673 1527 734 satis

210 764 284 821 nota
311 763 383 820 sunt
410 761 441 818 et
470 753 543 818 buic
565 763 667 820 terrae
689 754 753 821 lilio
774 756 880 822 nescio
901 757 953 822 cni
971 758 1165 824 committere
1191 759 1354 845 epistolam
1375 762 1467 827 tantis
1487 761 1527 827 de

209 846 305 914 rebus
331 869 395 912 non
424 847 537 914 audeo.
590 850 820 916 serarianas
847 860 1008 937 praetores
1036 851 1174 918 nondum
1202 853 1304 918 sortiti
1331 866 1412 920 sunt.
1468 861 1528 921 Res

209 941 321 1008 eodem
356 949 403 1006 est
434 941 518 1014 loci,
556 963 619 1028 quo
653 944 818 1030 reliquisti.
884 951 1111 1022 Tonoaeetau,
1148 968 1240 1040 quem
1276 949 1438 1034 postulas,
1470 952 1550 1015 illi-⁵
1636 925 1663 1016 l

209 1036 276 1102 seni
308 1044 338 1100 et
369 1034 594 1112 Puteolorum,
633 1037 788 1102 includam
821 1039 957 1105 orationi
988 1061 1087 1105 meae.
1144 1047 1180 1106 l.
1212 1041 1242 1108 d.
1276 1061 1327 1107 ιιι.
1361 1047 1438 1107 Non.
1468 1047 1528 1108 De-

209 1127 327 1196 cembr.
358 1128 507 1194 mendose
534 1128 630 1195 luisse
659 1131 947 1204 animadverteram.
991 1138 1079 1213 Quae
1108 1135 1215 1200 laudas
1242 1156 1282 1201 ex
1311 1133 1527 1210 orationibus,

209 1222 286 1288 mibi
321 1222 433 1297 crede,
466 1224 557 1289 valde
586 1225 662 1291 mibi
693 1227 878 1312 placebant,
913 1229 968 1295 sed
1002 1250 1065 1294 non
1099 1227 1252 1295 audebam
1283 1238 1373 1295 antea
1405 1229 1527 1308 dicere;

208 1336 291 1382 nunc
319 1337 414 1392 vero,
451 1317 582 1404 quoda
610 1328 640 1385 te
666 1320 797 1405 probata
825 1333 913 1398 sunt,
950 1323 1048 1389 multo
1075 1323 1118 1388 mi
1148 1323 1345 1408 ἀιιικῶιερα
1372 1323 1526 1390 videntur.

208 1414 244 1477 ln
270 1411 355 1475 illam
384 1416 557 1477 orationem
588 1414 776 1482 Metellinam
805 1414 909 1482 addidi
936 1415 1097 1503 quaedam.
1153 1415 1248 1482 Liber
1278 1415 1336 1483 tibi
1366 1419 1564 1493 mittetur,¹⁰

209 1505 357 1590 qnoniam
388 1512 420 1570 te
452 1527 541 1571 amor
573 1509 672 1573 nostri
701 1511 906 1594 φιλορήιορα
934 1510 1079 1576 reddidit.
1137 1517 1168 1576 6.
1188 1512 1267 1577 Novi
1296 1510 1353 1576 tibi
1379 1511 1526 1598 quidnam

208 1598 362 1664 scribam?
395 1599 491 1685 quid?
527 1601 638 1668 Etiam.
680 1604 810 1669 Messala
831 1605 940 1671 consul
961 1604 1184 1672 Autronianam
1206 1606 1334 1672 domum
1356 1606 1431 1671 emit
1452 1608 1523 1672 116.

209 1713 352 1760 cxxxiv.
407 1693 491 1771 Quid
518 1694 610 1760 idad
631 1716 702 1770 me,
731 1696 875 1782 inquies?
903 1704 1050 1773 Tantum,
1072 1697 1158 1784 qnod
1180 1721 1215 1764 ea
1238 1699 1394 1785 emptione
1416 1707 1448 1764 et
1469 1718 1527 1762 nos

207 1785 287 1852 bene
309 1787 421 1852 emisse
442 1786 570 1852 iudicati
592 1810 697 1855 snmus
719 1799 750 1854 et
771 1790 912 1856 homines
933 1791 1107 1876 intelligere
1129 1801 1309 1878 coeperunt,
1332 1792 1427 1858 licere
1449 1791 1527 1857 ami-

207 1901 317 1946 cornm
338 1881 534 1947 lactdtatibus
555 1883 588 1948 in
611 1883 743 1949 emendo
766 1885 805 1948 ad
825 1884 1005 1970 dignitatem
1020 1885 1155 1972 aliquam
1169 1881 1344 1973 pervenire.
1390 1891 1525 1972 Τεῦκρις
1540 1909 1564 1946 ιι

207 1973 260 2038 illa
281 1974 396 2039 lentum
418 1975 578 2059 negotium
600 1987 660 2052 est,
682 1977 737 2042 sed
759 1987 861 2044 tamen
883 1980 983 2044 estin
1004 2000 1069 2065 spe.
1112 1985 1160 2045 Tu
1180 1984 1239 2045 ista
1260 1979 1387 2046 conlice.
1429 1987 1527 2046 Ano-

207 2065 256 2225 pp's
284 2067 464 2133 liberiorem
491 2069 653 2156 epistolam
680 2080 834 2158 exspecta.
888 2091 935 2138 vr.
963 2073 1092 2139 Kalend.
1119 2071 1211 2139 Febr.
1240 2079 1281 2141 Μ.
1307 2073 1453 2148 Messala,
1483 2075 1525 2138 Μ.

232 2181 322 2226 rsone
345 2181 424 2228 coss.

666 2339 747 2402 XIV.
789 2338 842 2418 (A.
868 2340 901 2403 ll.
924 2341 956 2402 C.
979 2339 1064 2416 693.)

689 2487 830 2554 ClCEllO
852 2487 995 2553 ATTICO
1018 2491 1050 2551 S.
1535 2501 1562 2538 ²⁰

292 2628 321 2690 l.
349 2630 490 2699 Vereor,
520 2647 560 2690 ne
581 2626 722 2712 putidum
752 2627 794 2693 sit
820 2627 959 2693 scribere
987 2627 1027 2694 ad
1054 2636 1101 2704 te,
1130 2650 1223 2716 quam
1253 2629 1312 2695 sim
1340 2639 1524 2717 occupatum

206 2719 261 2786 sed
288 2729 392 2785 tamen
423 2718 616 2795 distinebar,
651 2731 688 2786 ut
717 2722 789 2787 buic
824 2721 877 2787 vix
913 2723 1048 2787 tantulae
1082 2724 1232 2808 epistolae
1261 2733 1383 2810 tempus
1409 2722 1527 2790 babue-

205 2813 266 2878 rim
293 2823 387 2899 atque
416 2813 450 2877 id
475 2822 616 2899 creptum
644 2837 663 2879 e
691 2816 821 2881 summis
848 2816 1114 2902 occupationibus.
1170 2819 1274 2884 Prima
1301 2818 1407 2884 contio
1435 2822 1527 2884 Pom-

204 2905 269 2994 peii
296 2906 396 2993 qualis
424 2906 552 2982 finisset,
586 2909 697 2995 scripsi
724 2908 764 2974 nd
790 2919 820 2974 te
849 2920 959 2982 antea,
994 2931 1057 2975 non
1085 2911 1220 2977 iucunda
1247 2910 1390 2984 miseris,
1426 2911 1526 2975 inanis

204 2998 374 3087 improbis,
401 3000 500 3066 beatis
529 3023 591 3068 non
619 3012 722 3088 grata,
751 3002 842 3068 bonis
871 3024 934 3068 non
962 3004 1082 3088 gravis3
1111 3005 1217 3089 itaque
1245 3001 1389 3086 frigebat.
1445 3009 1562 3068 tumn

205 3095 327 3161 Pisonis
365 3096 502 3162 consulis
532 3097 668 3184 impulsu
696 3095 870 3163 levissimus
902 3095 1046 3188 tribunus
1077 3096 1119 3183 pl.
1147 3096 1252 3162 Fufius
1282 3097 1316 3161 in
1348 3095 1525 3162 contionem
1630 3085 1657 3182 J

205 3189 357 3276 produxit
386 3191 580 3276 Pompeium.
634 3197 695 3257 Res
727 3189 877 3276 agebatur
908 3190 941 3254 in
974 3190 1059 3255 circo
1091 3190 1241 3256 Flaminio
1273 3200 1305 3255 et
1333 3200 1400 3256 erat
1427 3191 1460 3256 in
1486 3211 1525 3255 eo

204 3282 275 3368 ipso
303 3282 375 3348 loco
403 3282 458 3350 illo
489 3283 540 3349 die
567 3284 775 3350 nundinarum
798 3280 983 3370 πανήγυρις.
1029 3284 1190 3363 Quaesivit
1210 3305 1250 3349 ex
1272 3303 1327 3358 eo,
1349 3284 1525 3370 placeretne

205 3377 235 3441 ei
266 3375 386 3442 iudices
412 3398 431 3442 a
456 3387 603 3463 praetore
637 3378 719 3463 legi,
751 3399 815 3466 quo
846 3379 978 3445 consilio
1010 3378 1094 3444 idem
1124 3387 1253 3465 praetor
1283 3386 1434 3443 uteretur.
1489 3378 1524 3443 ld

204 3478 308 3537 antem
338 3485 405 3537 erat
426 3470 465 3537 de
488 3472 634 3538 Clodiana
662 3473 814 3560 religione
835 3473 875 3539 ab
897 3483 1005 3539 senatu
1028 3478 1238 3540 constitutum.
1281 3477 1311 3537 2.
1333 3479 1412 3538 Τιιιιι
1433 3477 1561 3538 Pom-³⁰

203 3565 294 3651 peius
328 3565 405 3651 μάλ’
437 3570 714 3654 ἀριστοκρατικῶς
743 3568 864 3634 locutus
897 3577 964 3642 est,
1001 3575 1187 3653 senatusque
1220 3566 1435 3632 anctoritatem
1465 3564 1523 3632 sibi

204 3659 351 3725 omnibus
378 3661 411 3725 in
438 3660 534 3727 rebus
569 3662 698 3727 maximi
723 3661 824 3726 videri
853 3681 1039 3748 semperque
1073 3661 1170 3727 visam
1203 3681 1272 3726 esse
1303 3659 1466 3747 respondit
1494 3670 1526 3725 et
1636 3715 1646 3745 Ι,

203 3752 236 3818 Μ
266 3754 371 3820 multis
397 3753 513 3820 verbis.
569 3760 680 3822 Postea
707 3756 838 3823 Messala
865 3756 973 3843 consul
1001 3756 1033 3822 in
1063 3764 1172 3822 senatu
1194 3754 1232 3819 de
1253 3755 1403 3842 Pompeio
1429 3774 1525 3842 quae·
1625 3768 1642 3808 5¹

204 3846 293 3923 sivit,
326 3847 468 3935 quidde
496 3849 649 3935 religione
674 3857 706 3916 et
734 3850 773 3916 de
801 3848 996 3936 promulgata
1025 3850 1188 3935 rogatione
1209 3853 1347 3919 sentiret.
1389 3853 1524 3914 Locutus

203 3940 246 4007 ita
277 3950 324 4008 est
344 3943 376 4007 in
397 3951 520 4020 senatu,
550 3955 585 4010 ut
605 3944 710 4011 omnia
730 3944 813 4010 illius
835 3944 954 4011 ordinis
975 3943 1117 4010 consulta
1139 3947 1268 4026 γενικῶς
1288 3942 1444 4022 laudaret3
1466 3945 1563 4008 mi-as

272 4164 298 4213 1.
314 4165 431 4228 perferte
449 4165 481 4215 ll.
502 4189 533 4200 -
568 4165 701 4219 26011.
726 4195 760 4204 -
795 4167 821 4218 6.
840 4165 1022 4217 includendam
1040 4165 1073 4215 R.
1102 4189 1130 4201 -
1168 4163 1195 4214 3.
1213 4163 1289 4214 calm
1306 4164 1370 4214 mitat
1387 4176 1442 4214 am.
1461 4163 1523 4216 MR.

204 4229 333 4292 (liabent
349 4247 404 4296 mg.
424 4233 452 4286 Μ
470 4240 496 4284 et
514 4231 612 4296 Ι.)·-
651 4239 677 4288 a.
696 4241 733 4288 ma·
750 4237 818 4290 mn:
837 4238 901 4286 mtta'
919 4235 963 4286 tn.
990 4260 1024 4270 -
1061 4235 1104 4284 10.
1122 4232 1228 4283 Nullum
1245 4233 1283 4283 Μ.
1311 4230 1359 4296 (tn
1375 4233 1449 4284 illam
1466 4247 1522 4296 mg.

202 4301 258 4357 Μ.)
279 4329 308 4339 -
348 4301 725 4369 necennensium·
755 4309 827 4358 Fert.
846 4304 1047 4372 quidtumOn.
1068 4328 1101 4338 -
1137 4303 1180 4352 12.
1199 4303 1454 4364 amarontanuml,
1473 4304 1524 4352 An·

203 4375 342 4423 tentanum
359 4375 390 4424 ll.
411 4399 443 4410 -·
464 4375 506 4424 1³.
521 4389 619 4426 cram
637 4377 680 4428 nt:
700 4391 803 4428 curum
821 4377 851 4434 ll,
871 4389 934 4428 cccc
953 4411 960 4426 .
980 4387 1074 4424 ιιιινιι
1093 4373 1137 4424 lli.
1156 4397 1188 4408 -
1209 4375 1271 4437 quid
1288 4375 1323 4423 ud
1341 4374 1364 4423 ll
1381 4378 1407 4423 et
1425 4387 1465 4436 pr.
1484 4373 1522 4424 Μ.
1578 4387 1579 4391 ’

205 4467 233 4477 -
254 4444 297 4494 tt.
317 4446 396 4493 simus
413 4443 436 4493 1.
456 4470 489 4480 -
525 4449 655 4508 coeperint
672 4448 695 4496 l.
718 4473 746 4485 -
784 4449 828 4498 15.
848 4447 883 4496 ad
900 4445 1053 4512 [entitatem
1070 4445 1225 4506 dignitatem
1243 4457 1283 4507 pr.
1303 4443 1341 4494 Μ.
1362 4467 1393 4478 -
1422 4444 1524 4494 Teutria

203 4511 270 4575 Sptle
289 4515 323 4574 ll,
344 4515 436 4564 Teucri
452 4515 549 4578 apllant
566 4516 589 4566 1.
610 4541 641 4552 -
678 4517 917 4568 tuamensem
934 4517 1065 4578 negotium
1084 4514 1114 4563 ll.
1140 4540 1172 4551 —
1209 4514 1248 4563 Tu
1264 4516 1345 4574 insta,
1365 4514 1458 4579 confice
1475 4513 1534 4564 cae

202 4583 401 4634 sanbonus.-
440 4585 483 4635 17.
503 4586 634 4637 Deccmbr.
653 4586 675 4635 1.
698 4613 725 4624 -
764 4583 1271 4639 m.1²nanerd1t:ett1.1²tronetn.
1301 4607 1331 4620 ·-
1369 4585 1413 4634 22.
1435 4592 1524 4634 tamen

201 4652 242 4701 ita
260 4653 283 4704 1.
306 4678 334 4689 -
371 4656 419 4704 aie
434 4655 493 4714 bute
510 4656 533 4705 1.
568 4681 595 4692 -
632 4656 676 4706 23.
695 4671 728 4707 ιιι
745 4657 766 4707 1.
797 4683 825 4693 -
864 4657 908 4707 25.
928 4654 1116 4718 engebertum
1133 4655 1235 4704 Pitonia
1252 4655 1297 4714 Μ,
1317 4654 1464 4720 erigebatur
1479 4653 1524 4704 Pt-

201 4724 271 4772 rante
288 4724 329 4784 n,
358 4723 508 4790 erigebatur
524 4734 580 4776 tum
597 4727 699 4776 Pinnata
716 4727 739 4776 1.
768 4753 800 4762 -
841 4725 885 4775 26.
905 4725 1045 4774 tenuimus
1062 4737 1117 4774 orn.
1137 4723 1174 4774 Μ.
1211 4724 1315 4786 (Habet
1332 4737 1386 4786 mg.
1406 4721 1462 4786 Μ.)
1489 4744 1523 4758 -·

203 4791 294 4842 Fusius
311 4793 385 4846 bllll.
406 4819 434 4830 -
462 4797 582 4846 commone
600 4797 622 4845 l.
641 4819 675 4830 -
710 4797 754 4847 27.
771 4797 893 4859 producit
911 4794 982 4845 ntzl.
1001 4819 1035 4828 -
1071 4794 1166 4844 circulo
1183 4793 1207 4843 1.
1228 4818 1258 4830 ·-
1283 4794 1327 4844 28.
1346 4789 1403 4857 illo]
1421 4796 1480 4857 ipra
1498 4793 1521 4842 1.
1640 4799 1645 4815 ¹

203 4886 230 4897 -
269 4865 314 4914 29.
334 4867 357 4914 et
375 4870 476 4915 centum
493 4866 588 4916 ludices
605 4866 638 4915 ll.
669 4889 700 4902 ·-
736 4880 846 4932 quorum
863 4867 895 4916 ll.
924 4887 954 4899 -
991 4865 1072 4914 eidem
1087 4879 1116 4927 p.
1135 4878 1159 4912 r·
1179 4871 1295 4914 uteretur
1312 4878 1354 4928 pr.
1374 4864 1420 4924 Μ,
1442 4864 1522 4916 eidam

199 4945 243 4992 pr.
262 4940 379 4984 uteretur
396 4948 467 4984 corr.
487 4931 524 4987 Μ.
543 4961 576 4972 -
600 4935 643 4986 30.
662 4936 798 5000 Pompeius
812 4939 846 4996 ¹tn
864 4935 997 4998 (spatium
1015 4931 1147 4997 vacuum)
1167 4934 1265 4984 locutus
1282 4934 1304 4982 1.
1323 4957 1357 4970 -
1392 4935 1436 4986 31.
1453 4927 1523 4999 μάλ’

201 5015 255 5050 om.
275 5003 307 5053 Μ.
330 5029 358 5041 -
396 5003 440 5054 32.
458 5007 569 5056 mummi
588 5006 614 5058 1:
633 5008 746 5060 mamma
763 5007 805 5066 Μ,
825 5008 969 5058 maximam
989 5006 1041 5058 llll.
1064 5033 1091 5044 -
1130 5001 1224 5067 atrum]
1244 5019 1317 5056 usam
1335 5005 1357 5056 1.
1380 5029 1410 5044 -
1429 5005 1473 5056 tt.
1492 5005 1523 5056 dr

201 5077 263 5122 ante
279 5073 449 5140 pronautpata
468 5089 522 5127 om.
543 5077 573 5127 ll.
