3666 5874
192 419 388 485 ,xx-

335 577 402 646 boc
415 575 498 643 vitio
513 579 673 644 immunes
686 580 781 664 sunt,
801 580 897 645 velut
919 582 1077 666 quattuor
1089 577 1238 648 Medicei
1255 577 1352 649 Prot.
1364 579 1491 647 XLIX.
1500 579 1541 649 Ν.
1548 580 1594 650 V.
1603 579 1660 670 X,

337 684 391 769 qul
420 682 485 748 iuti
513 681 684 749 Laurentii
713 681 878 774 Medicei,
911 686 1083 751 correctus
1111 685 1214 774 igitur
1235 687 1269 751 in
1290 683 1355 752 hoc
1380 685 1422 752 ab
1445 687 1517 751 eius
1538 688 1660 758 amieo,

334 785 520 874 Politiano,
541 789 610 852 tum
630 783 823 874 x1.x111.‚
850 805 932 854 sane
954 786 1132 854 tenendum
1154 791 1218 854 erit
1238 788 1393 856 librarios
1411 790 1661 856 recentissimos

334 911 484 979 quosque
506 894 565 958 aui
587 909 629 958 ex
652 893 724 977 ipso
747 892 804 957 illo
827 890 982 959 Politianl
1005 897 1202 981 praecepto,
1227 893 1316 981 quod
1337 894 1443 960 refert
1464 892 1659 982 Bandinlus,

334 1014 449 1062 verum
472 994 620 1063 ordinem
640 998 827 1064 restituisse
847 1027 890 1043 -
911 1017 986 1065 nam
1008 999 1234 1066 exarabantur
1254 997 1337 1068 cdd.
1359 1001 1457 1067 etiam
1478 1000 1591 1068 Latini
1604 1001 1660 1068 vel

334 1105 413 1188 post
433 1104 602 1169 inventam
623 1101 881 1192 typographiam
904 1121 1008 1190 usque
1030 1102 1073 1170 ad
1094 1125 1215 1172 annum
1231 1109 1366 1174 circiter
1385 1105 1436 1173 Μ.
1452 1106 1509 1194 u.;
1531 1109 1579 1175 uti
1594 1127 1660 1174 no-

333 1209 441 1274 rimus
462 1206 845 1275 Cd.1lleermannianum
868 1207 980 1274 barum
1002 1206 1315 1300 Epp.See.XV1.,
1342 1212 1504 1278 lustinum
1527 1210 1660 1279 Gotbae

333 1314 541 1378 asservatum
563 1314 643 1380 anni
663 1307 992 1398 MGCGGXCW„
1013 1313 1122 1381 'l'aeiti
1143 1315 1352 1384 Germaniam
1374 1312 1456 1386 (iod.
1470 1315 1580 1383 'l‘urlc
1594 1319 1659 1384 cet.

330 1421 470 1505 -aut,
494 1415 526 1482 id
549 1415 638 1501 quod
660 1417 756 1483 nimis
777 1417 912 1485 difficile
932 1437 1000 1483 non
1023 1423 1112 1506 erat,
1142 1421 1235 1507 ipsos
1257 1421 1394 1489 eandem
1416 1422 1452 1487 in
1473 1423 1661 1488 correctio-

333 1538 408 1587 nem
434 1520 591 1590 lncldisse
619 1524 809 1591 accuratius
836 1527 998 1609 inspectis
1025 1527 1114 1591 notis
1145 1527 1397 1612 quaternionum
1419 1524 1479 1594 cd.
1495 1524 1659 1614 Medicel3

332 1626 483 1712 plerique
505 1631 646 1698 enimin
668 1632 742 1716 ipsa
763 1631 959 1697 Florentino
980 1633 1063 1700 urbe
1084 1632 1201 1716 scripti
1222 1630 1389 1697 videntur.
1431 1630 1535 1698 Nemo
1550 1635 1660 1697 autem

332 1749 437 1798 maus
459 1752 518 1800 eos
538 1735 633 1821 ipsos
653 1731 813 1822 Codices,
842 1737 896 1822 qul
920 1738 1076 1804 omittunt
1097 1736 1168 1802 bib.
1182 1734 1294 1826 viii,
1325 1757 1367 1804 ex
1389 1737 1456 1804 allo
1479 1737 1573 1802 iente
1595 1735 1660 1803 ilu-

332 1839 425 1906 xlsse
445 1840 638 1926 contendct;
674 1859 747 1909 eum
776 1842 871 1908 nimis
900 1842 1109 1908 manifestum
1132 1843 1177 1908 sit
1199 1843 1286 1910 tales
1307 1843 1532 1910 tantummodo
1555 1843 1598 1910 ab
1620 1843 1660 1909 iis

331 1946 368 2009 et
390 1948 549 2013 exaratos
571 1946 606 2013 et
628 1947 798 2032 expetitos
820 1962 912 2032 esse,
940 1945 994 2030 qui
1016 1940 1141 2014 Secuto
1162 1945 1240 2014 XV.
1261 1948 1318 2014 vel
1339 1948 1447 2016 falsae
1470 1949 1659 2037 elegantiae

332 2047 460 2136 studio,
482 2051 539 2118 vel
561 2051 762 2138 parsimonie
785 2049 941 2142 quadam,
962 2053 1000 2117 ut
1014 2051 1067 2141 iit,
1089 2057 1204 2141 spreta
1226 2055 1380 2145 ambigua
1401 2050 1506 2122 Gaelii
1527 2053 1660 2120 Latini-

331 2156 404 2222 tate
431 2157 582 2224 contenti
610 2160 725 2224 essent
750 2159 849 2222 unlus
870 2152 1042 2224 Ciceronis
1064 2157 1225 2243 epistolis
1268 2154 1333 2240 Qui
1355 2161 1466 2225 autem
1487 2158 1583 2224 nimis
1604 2160 1660 2225 in-

331 2259 424 2326 brmo
445 2262 512 2328 isto
533 2267 731 2353 argumento
753 2262 844 2328 abuti
867 2261 977 2352 volet,
999 2265 1029 2330 is
1043 2282 1144 2350 porro
1160 2262 1388 2329 demonstrare
1410 2261 1560 2350 debebit,
1581 2281 1615 2327 v.
1631 2280 1659 2328 c.

331 2365 540 2452 {lipsiensem
563 2386 604 2436 ac
625 2366 870 2454 Basileensem,
891 2369 1066 2455 utrumque
1089 2368 1212 2454 peioris
1234 2370 1336 2434 notae
1356 2367 1459 2456 Mes,
1481 2369 1605 2436 ceteris
1625 2369 1660 2433 ln
1682 2443 1686 2450 ¹

331 2471 426 2538 libris
447 2471 614 2559 propriam
636 2473 777 2559 aliquam
794 2476 829 2540 et
843 2490 935 2538 suam
949 2474 1135 2540 monstrare
1149 2472 1309 2559 indolem,
1332 2475 1498 2541 meliorem
1513 2474 1660 2541 rorasse

331 2575 367 2640 in
388 2577 500 2642 multis
521 2593 578 2664 ea,
600 2595 695 2663 quam
718 2596 799 2664 prae
821 2595 859 2643 se
880 2577 947 2644 lert
968 2576 1153 2646 Mediceus.
1197 2571 1265 2661 ΙΙ.)
1286 2578 1482 2647 Victoriana
1502 2579 1589 2644 ratio
1604 2580 1660 2643 in-

332 2697 497 2764 supereo
518 2683 749 2776 confirmatur,
771 2683 860 2771 quod
882 2703 926 2750 ex
946 2684 1118 2753 iudicibus
1138 2685 1226 2771 Epp.
1240 2683 1355 2752 codici
1377 2683 1536 2753 Mediceo
1559 2685 1594 2750 et
1616 2703 1660 2749 ex

333 2801 374 2850 eo
398 2783 582 2856 ltresdensi
610 2789 714 2874 primo
742 2790 934 2875 praemissis
962 2793 1131 2878 novimus,
1166 2791 1244 2876 post
1272 2789 1457 2875 Epistulam
1486 2785 1547 2856 13.
1568 2786 1659 2854 Libri

331 2887 515 2978 undecimi,
547 2893 646 2979 culpa
668 2896 706 2958 ui
727 2891 876 2982 videtur,
902 2895 1044 2984 librarii,
1070 2915 1169 2962 unam
1191 2893 1374 2981 excidisse,
1394 2893 1523 2962 Decimi
1543 2892 1659 2982 Bruti,

332 2998 427 3064 cuius
447 2997 575 3064 initium
601 3001 674 3064 erat
702 2994 914 3068 Parmeno-rer
935 3005 1157 3070 mtremmos.
1198 2999 1268 3066 lam
1291 3017 1363 3066 eam
1384 3000 1487 3085 ipsam
1511 3000 1554 3067 ob
1575 3017 1660 3067 cau-

330 3119 417 3190 sam,
441 3099 530 3188 quod
552 3102 726 3168 alibrario
747 3100 905 3170 Mediceo
928 3108 980 3172 est
1003 3107 1143 3189 omissa,
1165 3105 1281 3174 eadem
1296 3106 1438 3192 epistola
1452 3106 1543 3172 nullo
1557 3125 1661 3193 repe-

330 3207 416 3272 ritur
436 3207 471 3272 in
493 3201 553 3274 Cd.
595 3206 624 3272 li
646 3210 771 3291 auteur,
807 3227 891 3296 quos
913 3227 957 3275 ex
978 3210 1043 3277 aiio
1072 3210 1258 3300 archetypo
1286 3209 1407 3278 ductos
1434 3208 1564 3300 dicunt,
1600 3229 1661 3279 eur

330 3311 466 3378 tandem
495 3330 568 3379 eam
594 3312 691 3378 nobis
718 3333 787 3378 non
813 3306 1020 3380 servarunt?
1055 3305 1143 3397 iii.)
1165 3313 1362 3403 Ubicunque
1390 3314 1476 3384 duae
1500 3317 1660 3405 pluresue

329 3414 505 3502 Epistulae
527 3416 562 3481 in
584 3413 644 3484 Cd.
658 3415 816 3485 Mediceo
839 3423 979 3506 propter
1001 3420 1118 3485 titulos
1139 3421 1202 3485 iarn
1225 3421 1258 3486 in
1275 3421 1347 3486 eius
1361 3422 1541 3508 exemplari
1557 3424 1660 3490 omis-

245 3583 247 3591 .
331 3540 390 3588 sos
411 3522 665 3609 continuantur,
683 3524 735 3590 ita
750 3526 789 3590 ut
806 3527 946 3610 propter
960 3526 1057 3590 unius
1071 3525 1230 3610 cuiusque
1245 3522 1412 3592 diversum
1429 3534 1659 3618 argumentum

331 3626 374 3693 ab
396 3624 581 3693 editoribus
603 3625 731 3694 demum
752 3631 931 3714 separatae
946 3629 1080 3714 suisque
1095 3629 1201 3694 titulis
1214 3630 1397 3697 instructae
1411 3633 1493 3719 sint,
1516 3630 1659 3700 codices

331 3732 436 3798 ceteri
462 3733 544 3798 mira
573 3734 781 3801 contumacia
809 3731 942 3800 easdem
964 3733 1181 3822 coniungunt.
1223 3731 1401 3819 Complura
1423 3736 1494 3802 elus
1515 3753 1660 3822 perver-

331 3835 443 3901 sitatis
464 3853 525 3922 per
547 3839 651 3903 totum
673 3839 830 3905 volumen
852 3840 989 3905 exstant
1011 3837 1179 3923 exempla3
1212 3838 1335 3904 nullum
1365 3843 1475 3908 tamen
1497 3844 1659 3910 illustrius

330 3941 503 4032 magisque
521 3941 557 4006 ln
569 3943 676 4008 oculis
688 3943 848 4030 positum,
872 3961 967 4030 quam
980 3940 1029 4031 ld,
1051 3941 1139 4030 quod
1153 3941 1313 4010 habemus
1327 3944 1399 4012 Lib.
1413 3944 1495 4013 x11.
1519 3947 1584 4035 Ep.
1595 3943 1658 4015 22.

331 4057 442 4133 seqq,
475 4044 518 4112 de
540 4066 605 4133 quo
627 4048 780 4134 exemplo
803 4045 921 4114 conier
940 4045 1105 4112 adnotati¹
1122 4052 1272 4138 nostras,
1306 4047 1446 4118 Victorii
1468 4051 1659 4121 diditionem

333 4151 472 4217 alteram
494 4153 573 4218 anni
597 4149 712 4218 icae.
735 4171 766 4238 p.
787 4145 877 4218 3⁷7.
897 4168 1006 4237 seqq,
1028 4148 1260 4238 Benedictum,
1283 4153 1386 4238 quiin
1402 4156 1524 4224 talibus
1544 4157 1658 4246 sperni

331 4255 466 4340 nequit,
488 4255 552 4320 nisi
571 4259 730 4323 accurate
746 4255 929 4340 refutetur,
950 4252 988 4319 Τ.
1003 4254 1049 4320 ii.
1069 4252 1204 4341 paco,
1245 4257 1328 4344 Cur,
1351 4277 1493 4347 quaeso,
1514 4261 1658 4332 Codices

331 4359 437 4426 ceteri
459 4360 494 4423 ln
516 4357 752 4426 continuandis
771 4357 936 4445 Epistolls
962 4357 1106 4427 diversis
1126 4378 1233 4448 aeque
1254 4367 1369 4429 errant
1390 4359 1658 4436 subiecimus?

331 4463 430 4532 Hanc
445 4465 573 4532 seilicet
588 4483 685 4531 unam
702 4468 841 4552 propter
854 4467 1030 4552 rationem,
1053 4464 1142 4550 quod
1162 4484 1207 4532 ex
1228 4465 1343 4536 eodem
1365 4488 1479 4537 omnes
1502 4473 1658 4561 pendent.

418 4565 637 4657 Quamquam,
670 4572 707 4635 ut
736 4567 780 4636 ad
809 4564 923 4638 omnes
950 4572 1038 4637 ictus
1066 4570 1386 4657 excipiendossatis
1408 4583 1657 4666 percussum,

333 4673 515 4758 praevideo
547 4676 754 4762 exorituros,
789 4675 844 4760 qui
872 4674 1063 4761 praefracte
1090 4679 1217 4765 negent
1246 4675 1329 4746 haee
1361 4679 1426 4747 duo
1461 4686 1657 4772 argumenta

334 4775 510 4863 quidquam
538 4778 698 4865 ponderis
728 4778 862 4845 babere.
916 4780 1038 4848 illeent
1077 4781 1162 4848 enim
1198 4779 1304 4850 fuisse
1340 4778 1423 4856 cii,
1461 4786 1656 4874 antiquissi-

332 4893 419 4968 mos,
453 4884 619 4970 equibus
651 4884 692 4951 ll.
722 4881 819 4949 Bruti
849 4884 992 4968 epistola
1030 4886 1146 4952 nescio
1180 4888 1261 4971 quot
1300 4891 1379 4956 ante
1415 4892 1528 4960 secula
1560 4889 1656 4957 exci-

334 4982 437 5072 derit,
469 4987 504 5052 in
536 4991 719 5076 quibusque
753 4987 914 5057 contusae
944 4989 1012 5055 sint
1043 4987 1130 5076 Elpp.
1162 4989 1239 5058 illae
1267 4989 1305 5060 L.
1332 4991 1429 5081 xii,
1460 4993 1528 5064 22.
1561 5013 1655 5082 seqq.

333 5089 485 5180 aliaeque
514 5095 718 5183 complures3
754 5091 833 5164 irinc
861 5095 972 5162 autem
993 5093 1149 5163 iacitlime
1173 5096 1350 5186 explicari,
1386 5117 1446 5169 cur
1471 5099 1495 5166 ll
1525 5115 1656 5191 quoquc
