3668 5936
342 477 406 542 133
847 467 907 536 ΕΡ.
928 469 980 532 An
1002 467 1174 534 ATTICUM

343 633 472 722 perrexi
493 631 526 698 in
548 628 688 697 Ciliciam
707 647 767 714 par
788 623 1002 713 Cappadociae
1022 633 1143 712 partem
1166 645 1250 699 eam,
1272 645 1354 712 quae
1369 623 1507 692 Ciliciam
1528 623 1671 710 attingit.

234 729 242 753 ‘'
345 750 385 794 eo
405 725 557 800 consilio,
570 701 627 794 (ut
653 720 819 790 Armenius
847 719 1034 786 Artavasdes
1065 729 1097 784 et
1124 719 1184 806 ipsi
1205 719 1312 785 Parthi
1334 717 1528 804 Cappadocia
1550 739 1584 783 se
1607 738 1672 782 ex-

220 803 257 894 s.
344 822 427 889 cludi
449 813 630 925 putarent.)
646 817 731 883 Cum'
754 814 820 881 dies
848 815 986 901 quinque
1016 812 1055 878 ad
1083 812 1224 901 Cybistra
1253 812 1464 900 Cappadociae
1485 822 1585 878 castra
1608 811 1672 876 ha-

245 929 261 960 c
345 903 645 992 buisscms'certior
673 930 740 975 sum
770 908 870 974 lactus
896 907 1027 974 Parthos
1054 906 1093 972 ab
1120 907 1175 973 illo
1202 906 1287 973 aditu
1320 906 1532 993 Cappadociae
1569 905 1669 990 longe

322 1011 469 1086 labasse,
499 1007 623 1075 Ciliciae
651 1002 749 1088 magis
771 1002 944 1067 imminere.
993 1006 1101 1087 ltaque
1122 1001 1284 1067 confestim
1307 1001 1419 1066 iterio
1441 1001 1579 1068 Ciliciam
1602 1001 1667 1065 ieci

344 1128 402 1193 per
423 1102 518 1170 Tauri
540 1099 635 1188 pylas.
679 1103 709 1162 3.
731 1101 860 1162 Tarsum
883 1095 955 1160 veni
977 1115 1005 1160 a.
1027 1094 1058 1160 d.
1082 1115 1134 1161 ιιι.
1156 1101 1233 1161 Νοιι.
1250 1096 1377 1160 Octobr.
1420 1094 1495 1160 lude
1516 1095 1556 1160 ad
1571 1101 1669 1162 Ama-

344 1223 418 1266 num
441 1192 603 1268 coutendi,
636 1191 691 1278 qui
720 1191 840 1278 Syriam
868 1209 885 1254 a
919 1189 1024 1256 Cilicia
1057 1188 1089 1253 iu
1111 1207 1261 1275 aquarum
1285 1189 1421 1255 divortio
1443 1189 1572 1267 dividit;
1606 1189 1667 1277 qui

344 1314 435 1360 mons
463 1298 531 1356 erat
560 1286 695 1351 hostium
721 1285 832 1371 plenus
858 1287 1132 1368 sempiternorum.
1181 1283 1287 1349 ilica.
1309 1283 1339 1348 d.
1364 1302 1416 1349 ιιι.
1437 1282 1510 1349 ldus
1533 1281 1663 1348 Octobr.

305 1389 308 1396 ⁴
344 1405 491 1473 magnum
512 1399 677 1446 numerum
700 1379 837 1444 hostium
865 1377 1047 1443 occidimus.
1103 1377 1231 1444 Castella
1259 1377 1479 1452 munitissima,
1507 1387 1664 1444 nocturno

310 1476 511 1565 rcPomptinii
533 1473 684 1547 adventu,
718 1481 826 1537 nostro
848 1471 1016 1546 matutino,
1038 1470 1192 1557 cepimus,
1224 1470 1433 1549 incendimus:
1456 1473 1664 1558 imperatores

345 1572 488 1662 appellati
520 1589 638 1634 sumus.
690 1569 796 1632 Castra
825 1585 942 1651 paucos
965 1564 1031 1630 dies
1053 1563 1234 1641 habuimus,
1268 1587 1305 1631 ea
1333 1565 1414 1652 ipsa,
1452 1587 1533 1652 quae
1553 1576 1663 1631 contra

227 1647 238 1687 ¹
344 1667 473 1734 Darium
496 1659 646 1729 habuerat
668 1659 751 1746 apud
772 1663 871 1724 Issum
900 1657 1091 1733 Alexander,
1127 1659 1298 1757 impepator
1320 1658 1402 1724 haud
1423 1661 1528 1746 paullo
1549 1659 1666 1725 melior

216 1752 232 1782 ⁰
345 1781 438 1848 quam
467 1765 520 1824 aut
549 1765 582 1822 tu
609 1763 661 1820 aut
691 1774 760 1839 ego.
817 1750 865 1817 lbi
893 1751 959 1816 dies
995 1752 1133 1838 quinque
1162 1753 1291 1828 morati,
1328 1753 1452 1840 direpto
1484 1762 1516 1820 et
1543 1764 1665 1820 vastato

344 1861 480 1926 Amano,
513 1849 586 1916 inde
616 1848 823 1914 discessimus.
868 1847 934 1910 Scis
956 1851 1040 1911 euim
1062 1845 1123 1911 dici
1145 1847 1299 1933 quaedam
1327 1849 1468 1925 πανικοί,
1505 1847 1564 1914 dici
1587 1847 1665 1914 item

311 1952 385 2018 ιιτά
408 1948 484 2016 κενὰ
508 1949 565 2012 τοῦ
587 1951 736 2028 πολέμου.
781 1947 919 2007 humore
941 1940 1093 2006 adventus
1115 1941 1215 2007 nostri
1236 1951 1267 2007 et
1289 1943 1410 2017 Cassio,
1433 1942 1486 2029 qui
1501 1941 1666 2008 Antiochia

344 2042 529 2114 tenebatur,
561 2037 683 2102 animus
713 2035 842 2100 accessit
869 2044 900 2100 ol
930 2035 1048 2101 Parthis
1077 2035 1173 2101 timor
1201 2036 1333 2101 iniectus
1361 2045 1417 2102 est.
1473 2041 1580 2123 ltaque
1606 2057 1666 2103 eos

344 2137 489 2204 cedentes
519 2129 558 2197 ab
587 2130 705 2216 oppido
734 2129 857 2195 Cassius
887 2129 1044 2195 insecutus
1071 2149 1140 2194 rem
1169 2129 1249 2195 hene
1278 2131 1382 2216 gessit.
1426 2133 1495 2208 Qua
1517 2130 1550 2194 in
1572 2129 1662 2216 luga,

343 2251 454 2315 magna
477 2223 662 2292 auctoritate
685 2224 816 2296 Osaces,
839 2221 903 2314 dun
926 2222 1129 2298 Parthorum,
1152 2223 1263 2290 vulnus
1285 2225 1403 2309 accepit
1425 2245 1526 2311 eoque
1547 2224 1667 2290 interiit

344 2323 451 2410 paucis
479 2327 551 2404 post
579 2314 700 2381 diebus.
743 2319 817 2380 Erat
846 2315 877 2379 in
907 2315 1158 2402 Syrianostrum
1181 2338 1294 2384 nomeu
1317 2318 1478 2403 ingratia.
1520 2322 1551 2396 1,.
1572 2319 1666 2384 Venit

307 2414 469 2488 aninterim
497 2409 637 2476 Bibulus.
691 2408 809 2482 Credo,
847 2408 946 2474 voluit
974 2410 1180 2496 appellatione
1209 2410 1266 2477 hac
1287 2412 1370 2478 inani
1392 2412 1483 2476 nohis
1505 2432 1575 2477 esse
1596 2432 1666 2499 par.

344 2513 379 2573 ln
402 2505 513 2572 eodem
536 2509 655 2570 Amano
677 2503 778 2588 coepit
800 2501 969 2567 laureolam
992 2507 1023 2568 in
1041 2514 1199 2570 mustaceo
1214 2527 1375 2594 quaerere.
1418 2511 1456 2571 At
1478 2505 1530 2570 ille
1549 2505 1665 2572 cohor·

271 2633 281 2669 ι
345 2609 407 2666 tem
420 2600 552 2686 primam
567 2604 663 2661 totam
675 2594 811 2682 perdidit
825 2595 1102 2684 centurionemque
1118 2599 1209 2684 primi
1225 2600 1296 2686 pili,
1312 2598 1448 2690 nobilem
1464 2599 1512 2665 sui
1529 2600 1664 2683 generis,

265 2694 279 2788 ‘p
344 2694 484 2761 Asinium
506 2697 698 2765 Dentonem,
731 2699 762 2756 et
784 2689 923 2777 reliquos
945 2691 1082 2758 cohortis
1108 2692 1246 2758 eiusdem
1274 2704 1305 2759 et
1332 2697 1404 2759 Sex.
1431 2693 1598 2767 Lucilium,
1628 2698 1665 2759 Τ.

320 2724 435 2862 iOa‘v'ii
457 2783 636 2872 Caepionis,
667 2784 830 2870 locupletis
853 2798 884 2850 et
905 2785 1058 2872 splendidi
1080 2784 1230 2860 hominis,
1260 2787 1374 2861 lilium,
1403 2786 1562 2852 tribunum
1584 2787 1666 2853 mili·

308 2891 421 2952 astum.
472 2882 552 2944 Sane
580 2878 701 2965 plagam
730 2878 871 2944 odiosam
900 2889 1062 2966 acceperat
1089 2879 1159 2945 cum
1188 2900 1239 2954 re,
1268 2889 1333 2946 tum
1355 2890 1507 2966 tempore.
1550 2887 1580 2946 5.
1601 2885 1665 2947 Nos

177 2965 197 3066 J
346 2974 577 3047 Pindenissum,
600 2971 686 3059 quod
708 2970 857 3059 oppidum
879 2973 1120 3038 munitissimum
1139 2972 1431 3038 Eleutherocilicum
1447 2974 1585 3039 omnium
1599 2995 1666 3039 me-

189 3021 203 3112 ¹
346 3069 447 3134 moria
468 3068 501 3133 in
523 3065 716 3140 armisiirit,
742 3111 780 3122 .-
810 3065 868 3131 ieri
891 3065 1033 3133 homines
1054 3076 1086 3133 et
1106 3089 1194 3132 acres
1215 3075 1246 3131 et
1267 3066 1412 3133 omuibus
1434 3065 1589 3133 rebusad
1611 3067 1665 3132 de·

346 3159 534 3228 tendendum
557 3159 674 3247 parati,
702 3197 743 3210 -
765 3160 921 3226 cinximus
943 3162 1025 3226 vallo
1047 3170 1078 3226 et
1100 3161 1200 3238 fossa,
1222 3181 1336 3247 aggero
1358 3160 1513 3234 maximo,
1546 3160 1663 3234 vineis,

346 3266 433 3322 turre
464 3255 632 3328 altissima,
661 3275 774 3340 magna
804 3264 1030 3321 tormentorum
1057 3255 1168 3340 copia,
1203 3255 1308 3321 multis
1336 3254 1519 3338 sagittariis,
1551 3275 1665 3340 magno

310 3350 470 3422 solabere,
505 3359 671 3436 apparatu;
708 3348 813 3414 multis
840 3348 953 3415 sauciis
981 3349 1111 3425 nostris,
1138 3349 1286 3416 incolumi
1316 3352 1472 3421 exercitu,
1505 3349 1665 3433 negotium

347 3443 548 3508 confecimus.
596 3441 704 3506 llilara
734 3461 808 3507 sane
834 3441 1019 3508 Saturnalia.
1061 3440 1210 3510 Militibus
1232 3463 1373 3530 quoque,
1401 3441 1489 3528 equis
1511 3443 1663 3529 exceptis,

349 3537 500 3624 reliquam
522 3534 671 3622 praedam
694 3536 914 3602 concessimus.
963 3537 1117 3624 Mancipia
1143 3535 1288 3603 venibant
1313 3534 1527 3602 Saturnalibus
1555 3536 1664 3603 tertiis.

350 3633 426 3696 Cum
450 3629 525 3694 hacc
556 3628 746 3704 scribebam,
778 3629 811 3694 in
841 3628 990 3697 tribunali
1011 3651 1063 3697 res
1085 3639 1152 3697 erat
1173 3630 1212 3696 ad
1234 3633 1305 3696 113.
1322 3649 1403 3697 cxx.
1445 3630 1524 3697 Hinc
1546 3631 1665 3697 exerci-

220 3779 226 3788 .
348 3734 414 3790 tum
435 3723 467 3788 in
490 3721 620 3788 hiberna
642 3724 709 3809 agri
731 3722 810 3788 male
832 3723 932 3810 pacati
952 3723 1168 3794 deducendum
1190 3725 1306 3804 Quinto
1321 3723 1411 3818 fratri
1425 3721 1547 3790 dabam.
1596 3729 1665 3811 lpse

313 3839 400 3890 acme
431 3817 614 3883 Laodiceam
646 3816 847 3904 recipiebam.
901 3821 931 3883 6.
961 3821 1046 3884 llaec
1074 3818 1184 3886 adhuc.
1227 3818 1289 3885 Sed
1310 3818 1349 3884 ad
1371 3819 1538 3905 praeterita
1558 3838 1665 3884 rever·

957 3981 965 3984 .
983 3979 1199 3987 ....-..-.---
1207 3981 1283 3988 ----
1573 3975 1669 3988 ·-—-

419 4047 446 4100 2.
473 4046 598 4098 dranceos
625 4046 773 4098 Artcnodca
797 4045 830 4096 a.
858 4071 886 4083 -
924 4045 952 4097 3.
979 4047 1094 4098 dturtru
1115 4047 1152 4099 11.
1179 4072 1209 4085 -
1247 4044 1429 4113 Cappadociae
1446 4047 1556 4098 reclusit
1573 4047 1603 4096 Ε.
1634 4071 1664 4084 ·-

349 4117 377 4168 ll.
395 4119 490 4168 auditu
508 4131 548 4181 pr.
569 4117 606 4166 11.
636 4141 664 4152 -
704 4117 730 4166 t.
755 4117 847 4167 Cilicio
864 4117 893 4165 tn
911 4130 1041 4182 cpuomm
1058 4116 1126 4168 bill:
1159 4117 1250 4170 Cilicio
1267 4121 1323 4170 imo
1340 4131 1470 4183 cpucruaa
1487 4118 1549 4177 ΥΕ,
1575 4117 1666 4167 Cilicia

349 4201 479 4252 uquarum
496 4187 519 4236 1.
556 4186 612 4236 Cir.
632 4186 711 4236 tland
730 4186 809 4238 Tura.
831 4185 879 4236 ΙΙΙ.
899 4201 926 4251 p.
945 4188 1006 4238 311.
1030 4211 1058 4223 -
1096 4189 1211 4240 alaneio
1228 4187 1266 4239 11.
1291 4213 1322 4226 -
1358 4191 1385 4240 a.
1404 4189 1516 4239 hostium
1532 4200 1666 4238 nuancmm

350 4259 431 4308 11.-
469 4257 604 4308 cecidimus
633 4257 654 4306 1.
681 4280 715 4296 -
750 4259 793 4308 10.
816 4258 976 4308 incendimus
1002 4265 1026 4309 ct
1044 4260 1215 4322 imperotores
1233 4259 1255 4310 1.
1283 4283 1315 4296 -
1351 4260 1394 4309 11.
1420 4271 1518 4323 paucos
1535 4265 1595 4321 port
1612 4257 1666 4306 dica

351 4329 373 4380 1.
395 4353 424 4366 ·-
463 4329 505 4378 12.
526 4321 619 4389 larum]
639 4327 725 4390 ipsum
743 4328 802 4388 111,
827 4341 911 4392 ypcon
928 4341 983 4392 mg.
1003 4328 1040 4379 ld·
1065 4353 1096 4366 -
1132 4330 1175 4380 13.
1195 4331 1306 4394 pelopea
1323 4330 1377 4380 dica
1395 4328 1417 4377 1.
1447 4353 1478 4365 -
1513 4328 1556 4379 11.
1577 4329 1666 4377 ducas·

350 4401 440 4449 rimus.
458 4399 567 4449 tmcrim
584 4398 633 4446 acia
651 4398 719 4446 cutm
737 4398 864 4462 quamam
883 4397 949 4461 (om.
969 4396 1032 4461 dici)
1052 4398 1074 4450 l.
1094 4423 1126 4437 -
1162 4396 1281 4462 πανικὰ]
1300 4411 1447 4466 καγκοινα
1465 4399 1496 4448 ll.
1516 4421 1550 4436 -
1568 4398 1611 4448 13.
1631 4411 1666 4448 ra

350 4484 437 4520 κοινα
455 4469 486 4518 ll.
508 4491 538 4504 -
576 4466 619 4517 13.
640 4469 712 4518 emta
731 4468 769 4518 11.
791 4495 820 4507 -
859 4468 901 4519 18.
923 4469 1013 4520 Orotcc
1032 4469 1063 4520 a.
1087 4495 1115 4507 -
1153 4470 1245 4520 colnac
1262 4469 1299 4521 u.
1326 4493 1353 4507 -
1389 4467 1477 4533 copae]
1497 4475 1575 4532 utque
1592 4467 1614 4518 1.
1634 4487 1666 4502 -

350 4541 442 4589 interit
460 4538 497 4588 11.
531 4561 561 4576 ·-
598 4538 641 4586 10.
660 4533 723 4599 pur]
741 4552 788 4598 per
806 4553 847 4603 pr.
867 4539 903 4591 11.
932 4565 965 4576 -
1001 4539 1044 4590 31.
1064 4539 1164 4591 lorcoto
1181 4542 1266 4590 mtcua
1284 4545 1356 4590 turco
1375 4552 1415 4603 pr.
1433 4539 1477 4599 11,
1496 4538 1621 4588 loreolam
1638 4537 1666 4585 r'n

349 4617 480 4658 mustaceo
498 4621 568 4657 corr.
589 4606 635 4666 11,
667 4606 784 4657 lorcdom
803 4610 831 4658 tn
848 4615 979 4660 murtccco
997 4611 1034 4670 il,
1054 4610 1198 4660 murcatum
1216 4612 1302 4660 mimir
1320 4611 1399 4660 tocttc
1417 4608 1439 4658 Ι.
1472 4632 1503 4645 -
1539 4607 1666 4658 33313·

350 4676 417 4741 dcm]
437 4679 491 4728 cicc
508 4679 568 4728 driu
585 4675 636 4726 111.
659 4699 686 4710 -
726 4677 755 4726 Τ.
776 4679 965 4730 631131.-
994 4679 1297 4745 sarracenescum.
1326 4703 1361 4717 ·-·
1395 4679 1439 4730 33.
1459 4691 1507 4729 nor
1524 4678 1560 4728 ad
1575 4676 1667 4741 panda·

350 4751 449 4798 ntrncm
468 4761 508 4811 pr.
529 4747 571 4807 M,
589 4757 638 4795 nos
655 4745 691 4794 od
705 4748 890 4810 ponderassem
902 4762 974 4800 corr.
987 4750 1025 4811 ld,
1044 4750 1098 4800 Noa
1115 4751 1358 4801 chcodcaticcuca
1376 4749 1413 4809 11,
1432 4761 1479 4798 nor
1491 4749 1526 4798 cd
1536 4747 1666 4811 madenia·

272 4826 276 4834 ·
351 4818 440 4868 euml.
460 4843 492 4854 -
510 4816 554 4867 26.
569 4815 697 4880 eleuthero
716 4817 817 4868 cilicum
835 4820 951 4869 omntom
962 4819 1064 4871 etheum
1075 4824 1203 4871 morto
1219 4820 1256 4872 11.
1277 4819 1320 4876 (Ut
1338 4833 1408 4878 noa,
1427 4819 1480 4879 nr,
1501 4820 1571 4868 omna·
1590 4817 1667 4868 ham-

353 4889 441 4938 blnua.
478 4887 551 4938 Fert.
581 4887 721 4936 hominum.
750 4886 815 4950 Oa.)
841 4913 876 4924 -
911 4890 954 4940 30.
979 4892 1074 4940 muctla
1091 4904 1124 4941 cc
1139 4892 1238 4941 matria
1255 4889 1278 4938 1.
1310 4911 1341 4926 -
1385 4889 1428 4940 31.
1448 4887 1529 4953 quta]
1547 4902 1560 4938 c
1577 4885 1666 4952 pathus

352 4971 393 5021 pr.
412 4958 456 5017 11,
474 4957 564 5022 pullus
582 4956 594 5005 1
614 4961 641 5006 at
658 4969 714 5020 rag.
732 4957 770 5009 11.
792 4955 873 5022 (rocta
890 4973 961 5010 corr.
980 4956 1036 5024 11.)
1064 4983 1096 4995 -
1133 4959 1177 5010 31.
1198 4959 1334 5010 amulum
1351 4959 1426 5012 11111.
1446 4981 1477 4996 -
1516 4955 1610 5020 ructu]
1629 4963 1666 5006 tar

351 5029 385 5145 ptr
401 5026 445 5087 11,
462 5028 547 5147 ³c‘crtc'a
565 5027 601 5085 a,
620 5039 676 5145 erpi
696 5026 718 5077 Ι.
739 5049 770 5064 -
805 5027 850 5079 33.
868 5041 944 5081 ccxx.
962 5029 987 5080 1.
1005 5051 1037 5068 -
1071 5029 1311 5082 311311-
1350 5029 1572 5094 mmndurnpac
1586 5025 1666 5094 [cutm

365 5128 372 5144 c
394 5119 425 5132 ¹·
498 5127 505 5142 a
523 5108 563 5146 Μ
580 5108 635 5146 om·
679 5129 687 5147 a
