3662 5908
306 353 368 416 aas
731 323 1077 414 amsromnu'nso
1098 347 1190 411 sau.

306 521 372 577 stus
403 508 454 576 sui
486 526 589 572 cansa:
632 509 745 570 Cantus
774 505 834 578 sis,
869 501 913 568 mi
941 503 1027 569 Tiro.
1068 507 1155 569 blare
1185 523 1332 590 magnum
1359 513 1391 571 et
1416 503 1543 572 difficile
1565 504 1626 572 tibi

306 610 411 670 restat.
461 601 494 666 Si
523 597 658 688 poteris,
691 619 762 662 cum
783 597 946 675 Mescini03
983 605 1071 662 caute
1092 596 1120 662 is
1147 597 1227 662 solet
1247 602 1415 683 navigare:
1451 599 1625 674 siminus,

306 718 377 764 cnm
398 697 529 762 honesto
549 694 655 780 aliquo
676 691 817 768 bomine,
840 691 929 756 cuius
950 691 1134 756 anctoritate
1154 691 1362 758 navicularius
1383 702 1558 759 moveatur.
1587 697 1626 759 ln

307 790 367 855 boc
397 809 522 854 omnem
548 787 738 872 diligentiam
766 784 793 851 si
821 783 1000 851 adhibueris
1029 794 1122 872 taque
1151 783 1241 851 nobis
1269 785 1456 852 incolumem
1485 787 1624 862 stiteris,

284 883 412 950 somnia
433 904 451 948 a
472 891 502 947 te
525 879 657 946 habebo.
714 879 815 946 Etiam
837 887 929 965 atque
951 878 1059 953 etiam,
1096 887 1203 945 noster
1230 879 1321 956 liro,
1343 881 1422 946 vale.
1477 879 1623 956 Medico,

308 980 418 1049 Curio,
441 975 555 1063 Lysoni
577 974 616 1041 de
637 982 667 1039 te
689 973 801 1060 scripsi
822 973 1065 1059 diligentissime.
1108 973 1204 1047 Vale,
1226 973 1320 1044 salve.

786 1140 1134 1226 nouom)

780 1266 940 1331 TULLIUS
962 1265 1096 1330 TIRONI
1118 1267 1148 1330 S.

393 1385 422 1446 1.
453 1383 520 1465 Ego
542 1398 619 1443 vero
640 1377 734 1465 cupio
755 1387 785 1443 te
806 1376 845 1442 ad
865 1398 916 1442 me
938 1375 1065 1456 venire3
1099 1375 1154 1442 scd
1176 1377 1259 1442 viam
1281 1377 1387 1444 timeo.
1430 1376 1620 1444 Gravissima

275 1504 300 1545 o
309 1475 491 1561 aegrotasti,
527 1471 632 1538 inedia
661 1482 693 1536 et
722 1470 959 1558 purgationibus
987 1479 1019 1535 et
1047 1470 1078 1536 vi
1109 1470 1207 1556 ipsius
1230 1470 1332 1537 morbi
1353 1482 1554 1558 consumptus
1576 1493 1621 1539 es.

310 1573 426 1634 Graves
448 1567 548 1632 solent
569 1565 757 1631 offensiones
779 1586 847 1631 esse
868 1587 909 1631 ex
930 1563 1078 1650 gravibus
1100 1562 1238 1640 morbis,
1275 1565 1403 1651 siquae
1425 1564 1515 1651 culpa
1537 1586 1622 1631 com-

308 1662 402 1727 missa
427 1670 483 1726 est.
532 1665 596 1726 lam
620 1660 659 1726 ad
680 1660 712 1726 id
733 1658 883 1734 biduum,
915 1657 1002 1745 quod
1022 1657 1120 1723 fueris
1141 1658 1174 1724 in
1195 1658 1262 1734 via,
1299 1657 1427 1724 dumio
1450 1661 1621 1724 Cumanum

308 1757 414 1832 venis,
437 1754 583 1822 accedent
603 1756 751 1821 contiuuo
773 1754 812 1818 ad
833 1751 969 1819 reditum
992 1751 1058 1818 dies
1079 1753 1226 1841 quinque.
1267 1756 1335 1838 Ego
1356 1753 1388 1817 in
1410 1751 1577 1818 Formiano
1592 1773 1621 1818 a.

308 1850 339 1916 d.
370 1871 420 1918 111.
445 1850 512 1916 Kal.
541 1871 609 1916 esse
635 1849 718 1916 volo.
775 1847 822 1913 Ibi
849 1854 879 1912 tc
907 1855 941 1912 ut
969 1845 1094 1914 firmum
1116 1846 1289 1921 oliendam,
1326 1847 1369 1911 mi
1391 1847 1486 1919 Tiro,
1523 1845 1620 1911 ellice.

274 1949 337 2012 isi.
359 1944 528 2009 Litterulae
549 1966 638 2010 meae
660 1944 726 2008 sive
748 1953 871 2008 nostrae
893 1941 939 2006 tui
962 1939 1119 2006 desiderio
1141 1939 1379 2025 oblanguerunt.
1431 1942 1499 2004 Hac
1518 1946 1622 2005 tamen

308 2037 458 2124 epistola,
494 2059 587 2123 quam
609 2045 736 2103 Acastus
757 2035 873 2107 attulit,
910 2034 1017 2100 oculos
1046 2034 1184 2121 paullum
1206 2033 1406 2099 sustulerunt.
1455 2033 1622 2119 Pompeius

309 2142 375 2196 erat
402 2131 485 2217 apud
517 2153 583 2205 mc,
616 2153 687 2196 cum
716 2130 791 2195 baec
817 2126 1009 2204 scribebam,
1042 2129 1141 2193 hilare
1169 2136 1199 2193 ct
1219 2126 1373 2194 lubenter.
1425 2128 1462 2193 Ei
1484 2127 1622 2213 cupienti

309 2223 419 2289 audire
441 2235 546 2290 nostra
568 2223 635 2288 dixi
655 2223 722 2289 sine
744 2231 774 2287 te
795 2223 899 2287 omnia
920 2245 989 2288 mea
1011 2232 1095 2288 muta
1117 2215 1202 2288 esse.'
1239 2228 1285 2288 Tu
1306 2222 1402 2288 ldusis
1416 2220 1530 2286 nostris
1545 2242 1622 2307 para

310 2326 345 2382 ut
375 2338 487 2403 operas
519 2316 645 2393 reddas;
677 2325 783 2382 nostra
811 2315 851 2381 ad
880 2315 963 2381 diem
986 2316 1097 2382 dictam
1123 2316 1207 2382 licut.
1248 2317 1348 2382 Docui
1370 2316 1454 2381 onim
1474 2326 1521 2391 te,
1544 2315 1622 2381 lides

273 2436 301 2474 m
311 2413 427 2498 ἔτυμον
443 2410 527 2498 quod
542 2408 680 2476 baberet.
709 2415 769 2476 Fac
785 2409 876 2497 plane
889 2419 926 2476 ut
938 2411 1052 2476 valeas.
1080 2415 1142 2477 Nos
1157 2410 1313 2476 adsumus.
1336 2411 1421 2479 Vale.
1443 2429 1535 2477 x1111.
1552 2409 1621 2476 Kal.

783 2583 838 2645 XI.
880 2581 931 2660 (A.
956 2583 988 2645 U.
1009 2583 1041 2646 C.
1062 2581 1149 2651 705.)

417 2705 577 2769 TULLIUS
599 2706 649 2767 ET
671 2704 829 2776 CICERO,
852 2704 1240 2777 TERENTIA,TULL1A,
1264 2703 1303 2779 Q.
1326 2702 1364 2778 Q.
1387 2701 1521 2766 TIRONI

832 2809 864 2871 S.
885 2809 994 2871 PLUR.
1016 2809 1092 2872 DIC.

395 2925 422 2984 t.
458 2919 524 2985 Etsi
545 2919 807 3006 opportunitatem
831 2938 947 3006 operae
973 2927 1044 2984 tuae
1069 2916 1215 2984 omnibus
1236 2918 1313 2985 locis
1334 2919 1494 2997 desidero,
1517 2929 1621 2986 tamen

270 3033 372 3090 annon
400 3022 463 3080 tam
489 3033 559 3078 mea
591 3034 684 3100 quam
713 3024 765 3078 tua
793 3033 884 3078 causa
912 3011 1005 3077 doleo
1027 3022 1057 3077 te
1078 3034 1141 3079 non
1163 3013 1277 3082 valere.
1333 3014 1395 3080 Sed
1416 3013 1566 3104 quoniam
1587 3015 1621 3080 in

308 3113 489 3193 quartamm
511 3127 662 3172 conversa
682 3107 730 3172 vis
752 3115 798 3172 est
819 3104 921 3171 morbi
942 3135 982 3150 -
1012 3105 1057 3170 sic
1078 3107 1160 3171 enim
1182 3103 1290 3171 scribit
1311 3108 1423 3175 Curius
1445 3146 1503 3187 -,
1524 3129 1621 3197 spero

308 3211 338 3266 te
360 3200 518 3285 diligentia
540 3199 676 3267 adbibita
698 3201 790 3266 etiam
812 3199 983 3265 firmiorem
1004 3198 1082 3269 iore.
1125 3199 1219 3265 Modo
1243 3200 1307 3276 lac,
1336 3201 1368 3267 id
1389 3201 1475 3290 quod
1496 3211 1543 3268 est
1563 3201 1622 3267 bu-

308 3295 461 3360 manitatis
483 3303 572 3368 tuae,
594 3294 730 3382 nequid
752 3294 835 3360 aliud
857 3315 948 3360 cures
970 3293 1029 3358 boc
1051 3301 1207 3380 tempore,
1230 3294 1290 3359 nisi
1311 3309 1347 3362 ut
1368 3317 1461 3384 quam
1482 3315 1622 3361 commo-

308 3386 434 3476 dissime
466 3387 673 3453 convalescas.
725 3393 794 3454 Non
822 3387 952 3473 ignoro,
981 3395 1131 3472 quantum
1152 3408 1192 3452 ex
1214 3385 1370 3454 desiderio
1392 3389 1535 3468 labores3
1564 3386 1621 3454 sed

270 3489 400 3546 aoerunt
431 3480 535 3546 omnia
563 3480 680 3558 facilia,
716 3486 743 3548 si
765 3478 893 3548 valebis.
945 3478 1102 3546 Festinare
1124 3488 1154 3544 te
1181 3481 1272 3558 nolo,
1307 3503 1347 3548 ne
1369 3504 1502 3549 nauseae
1523 3482 1621 3548 molc-

307 3573 397 3640 stiam
430 3573 580 3660 suscipias
613 3595 707 3660 aeger
735 3585 766 3640 et
792 3572 969 3661 periculose
991 3572 1092 3640 bieme
1114 3575 1251 3660 naviges.
1309 3580 1339 3642 2.
1361 3582 1427 3662 Ego
1449 3577 1489 3643 ad
1510 3576 1620 3642 urbem

306 3666 423 3732 accessi
453 3668 555 3753 pridie
585 3673 687 3734 Nonas
722 3673 843 3734 Ianuar.
898 3664 1029 3734 Obviam
1051 3667 1127 3734 mibi
1148 3669 1194 3736 sic
1215 3679 1262 3736 est
1283 3671 1456 3757 proditum,
1489 3679 1524 3736 ut
1543 3669 1619 3737 nihil

308 3761 406 3846 possit
427 3759 496 3826 fieri
516 3764 666 3830 ornatius.
709 3762 770 3829 Sed
789 3760 887 3827 incidi
910 3761 943 3826 in
965 3762 1063 3847 ipsam
1077 3762 1234 3828 dammam
1255 3765 1355 3830 civilis
1377 3764 1549 3832 discordiae
1569 3763 1620 3832 vel

307 3855 411 3940 potius
432 3854 524 3934 belli3
557 3857 609 3922 cui
637 3878 708 3923 cum
737 3877 885 3943 cuperem
909 3855 1031 3921 mederi
1052 3867 1099 3931 ct,
1132 3866 1167 3923 ut
1188 3856 1342 3935 arbitror,
1368 3880 1512 3946 possem,
1534 3857 1620 3944 cupi-

141 3949 143 3953 ’
270 3972 298 4012 as
308 3948 417 4014 ditatos
438 3959 596 4016 certorum
628 3949 789 4017 bominum
811 3984 852 3996 —
873 3969 945 4014 nam
966 3971 1006 4015 ex
1027 3961 1160 4036 unaque
1181 3964 1269 4038 parte
1291 3963 1375 4030 sunt,
1404 3953 1458 4041 qui
1479 3972 1619 4041 pugnare

193 4049 204 4144 p,
306 4043 431 4130 cupiant
460 4081 501 4092 -
531 4044 753 4131 impedimento
774 4041 851 4109 mibi
872 4041 1008 4113 fuerunt
1051 4045 1185 4110 Omnino
1208 4056 1239 4112 et
1259 4047 1326 4133 ipse
1348 4051 1475 4123 Caesar,
1502 4046 1619 4112 amicus

306 4147 428 4213 noster,
463 4136 598 4204 minaces
619 4137 658 4204 ad
688 4147 828 4204 senatum
850 4146 882 4202 et
902 4137 1029 4203 acerbas
1051 4138 1168 4205 litteras
1190 4140 1337 4215 miserat,
1378 4149 1409 4206 et
1430 4151 1498 4206 erat
1518 4129 1619 4206 adbuc

305 4230 484 4317 impudens,
521 4232 575 4318 qui
597 4232 770 4312 exercitum
791 4242 823 4296 et
843 4232 1036 4318 provinciam
1058 4232 1155 4298 invito
1179 4244 1288 4300 senatu
1307 4244 1442 4315 tencret;
1471 4245 1502 4301 et
1523 4231 1618 4300 Curio

304 4346 393 4390 meus
414 4325 501 4392 illum
522 4324 679 4392 incitabat.
708 4318 885 4392 (Antonius
907 4324 1032 4412 quidem
1054 4335 1161 4392 noster
1182 4337 1212 4394 ct
1241 4331 1279 4407 Q.
1303 4330 1444 4404 Cassius,
1482 4328 1565 4395 nulla
1586 4325 1619 4392 vi

119 4400 187 4498 ..χ’
268 4437 296 4480 co
306 4419 447 4504 expulsi,
469 4421 508 4485 ad
530 4423 693 4487 Caesarem
713 4441 784 4487 cum
806 4420 942 4488 Curione
962 4419 1096 4507 proiecti
1118 4399 1228 4513 crant)
1258 4427 1288 4488 3.
1310 4427 1514 4511 Posteaquam
1530 4442 1617 4489 sena·

373 4645 400 4695 2.
427 4647 469 4694 rto
491 4646 577 4696 minua
602 4645 698 4696 Drcsd.
726 4647 830 4698 tertius.
850 4671 882 4684 —
917 4647 944 4698 t.
963 4649 1060 4698 stiterit
1078 4648 1133 4698 Vb:
1163 4650 1264 4699 steteris
1281 4648 1328 4710 M,
1352 4649 1516 4713 praestiteris
1533 4647 1565 4698 Ε.
1584 4667 1618 4684 -

306 4715 349 4764 lt.
369 4729 434 4779 quoe
451 4715 495 4767 bl:
517 4729 569 4779 quo
586 4715 617 4764 Ε.
632 4740 664 4752 -
682 4715 726 4765 ll.
745 4718 817 4782 specs
833 4717 871 4768 bl.
889 4743 922 4752 -
942 4716 984 4767 to.
1005 4718 1091 4767 oculus
1109 4718 1147 4770 bl.
1161 4740 1193 4752 ·-
1211 4719 1368 4782 Pomponius
1386 4719 1565 4782 lisgazonius.
1585 4741 1617 4753 -

305 4784 349 4835 2⁰.
375 4787 497 4835 odramm
515 4785 560 4836 ld:
588 4785 623 4834 od
639 4798 766 4835 rammam
783 4787 813 4837 Ε.
835 4811 863 4822 -
900 4789 943 4838 25.
963 4790 1086 4852 quonium
1104 4789 1149 4839 bia
1168 4801 1245 4850 quom
1265 4789 1294 4838 Ε.
1312 4816 1347 4824 -
1381 4790 1426 4839 27.
1446 4796 1483 4839 est
1500 4789 1619 4838 lamoni-
1742 4825 1746 4832 .

305 4856 369 4904 totis
380 4863 440 4906 tanc
451 4855 497 4908 lde
515 4856 688 4906 inmunitatis
697 4862 757 4907 taos
769 4862 806 4906 ert
818 4856 849 4906 Ε.
865 4881 896 4894 -
914 4857 958 4908 83.
975 4859 1057 4920 pouit
1070 4858 1113 4908 Ma
1132 4866 1217 4920 posset
1230 4857 1320 4911 Guelt.
1334 4873 1374 4923 pr.
1385 4896 1393 4919 ,
1410 4860 1526 4923 potnerit
1537 4859 1567 4909 Ε.
1586 4879 1615 4892 -

305 4922 349 4974 36.
367 4926 481 4988 mount.
529 4925 640 4975 Οιηπίπο
657 4931 681 4976 et
699 4925 760 4976 Vb:
785 4927 890 4987 [comm
916 4929 1030 4979 omnino.
1069 4929 1100 4977 lit
1123 4928 1152 4978 Ε.
1183 4952 1211 4963 -
1260 4929 1305 4981 37.
1323 4931 1358 4981 ad
1376 4931 1422 4982 boe
1446 4930 1468 4981 l.
1488 4930 1532 4980 Fr·
1552 4927 1618 4978 Gro-

305 4994 409 5045 uovins.
455 4995 509 5047 Clr.
530 4995 609 5046 lland
626 4995 703 5048 Tura.
724 4996 745 5048 l.
766 5011 793 5060 p.
813 4996 872 5047 157.
