3666 5874
1442 445 1514 502 iim

192 597 368 666 interiecti
388 585 606 678 reversione]
633 601 737 665 tineos·
759 597 965 688 corafimsare
990 601 1064 666 eius
1089 587 1172 666 osta
1196 615 1267 664 raon
1290 601 1517 688 emphasi·—

193 701 247 770 bia
266 703 400 788 inquam
422 703 455 767 in
476 702 606 788 uerbis,
628 720 700 770 cum
720 702 808 770 haud
829 705 925 770 nimis
943 707 1126 790 promptum
1141 705 1233 768 emet
1246 717 1360 768 verua
1380 705 1515 789 perspi-

194 825 290 894 cere,
313 807 361 872 ita
383 806 627 892 interpolarent
655 805 737 872 cdd.
758 805 869 874 Ursini
899 811 934 874 et
952 808 1054 874 lunii:
1091 805 1150 872 tite
1177 809 1269 872 mrim
1289 811 1321 872 st
1347 809 1513 897 maturet,

193 927 376 1000 rmrtmsuna
392 928 456 976 rros
475 913 598 976 umore
614 908 819 998 coinfirmore
838 915 912 979 sins
931 915 1014 978 octa
1027 913 1195 998 coepisset
1201 929 1212 996 3
1234 907 1401 976 sensenna
1415 925 1516 993 pror-

194 1033 253 1080 sus
267 1011 481 1080 absurda-
501 1011 553 1080 Ile
566 1014 877 1098 interpolationibus
893 1015 965 1082 Lib.
982 1009 1050 1100 16,
1066 1010 1135 1098 15,
1149 1009 1185 1078 3.
1199 1011 1274 1099 cin,
1296 1029 1380 1100 quae
1394 1029 1516 1080 excer-

192 1119 245 1205 psi
268 1135 288 1184 e
311 1116 504 1204 Malaspina
532 1133 610 1204 pag.
634 1114 724 1184 422.
753 1117 817 1184 ild.
844 1136 936 1186 meae
964 1119 1095 1204 prioris.
1137 1113 1260 1184 ilmnes
1291 1119 1400 1182 autem
1429 1117 1516 1182 istas

192 1222 476 1307 interpolationes
502 1212 678 1305 (consulto
705 1223 807 1289 toties
832 1221 897 1290 boc
924 1222 1089 1290 uocabulo
1110 1211 1208 1301 utor]
1236 1221 1416 1286 simillimae
1437 1221 1516 1286 sunt

193 1327 284 1413 eius,
308 1343 395 1412 quae
413 1327 590 1411 tantopere
603 1343 666 1392 nos
680 1328 778 1392 torsit
799 1327 832 1392 in
846 1325 933 1412 Epp.
951 1326 995 1392 ad
1012 1325 1126 1392 Fannii.
1145 1324 1218 1390 Lib.
1234 1322 1296 1388 ss.
1315 1322 1379 1409 Ep.
1393 1323 1433 1390 2·
1454 1324 1517 1392 cir.

192 1431 323 1496 ilistor.
339 1431 412 1496 crit.
426 1427 513 1514 Epp.
523 1428 566 1494 ad
581 1428 671 1495 Fam.
686 1449 717 1515 p.
728 1428 839 1498 XXV.
869 1431 992 1498 Verum
1005 1432 1038 1494 in
1051 1425 1166 1496 Curtio
1177 1445 1307 1514 quoque
1319 1431 1398 1494 ante
1409 1426 1517 1494 Zum-

192 1535 298 1621 piium
312 1536 364 1618 et,
386 1531 475 1620 quod
491 1549 598 1619 paene
620 1533 813 1602 incredibile
835 1536 905 1622 est,
925 1536 1003 1622 post
1023 1532 1212 1618 Zumpiium
1234 1550 1379 1619 quoque,
1401 1532 1435 1597 in
1456 1532 1517 1599 lu-

193 1639 285 1704 aiino
316 1639 396 1703 ante
424 1637 654 1722 liuebnerum,
686 1631 800 1704 cntici
829 1639 928 1704 eiiam
955 1637 1051 1704 buius
1079 1637 1201 1703 aetatis
1222 1653 1325 1721 saepe
1347 1635 1455 1720 decipi
1477 1653 1516 1702 aa

192 1741 286 1827 passi
308 1743 389 1805 sunt
407 1757 428 1804 a
449 1739 679 1808 Grammaticis
693 1741 806 1829 Italis,
827 1742 881 1828 qui
900 1742 934 1806 in
956 1741 1087 1808 Latinis
1111 1739 1331 1825 scriptoribus
1352 1741 1514 1807 arbitratu

193 1863 254 1911 suo
273 1841 479 1932 retingendis
492 1845 599 1909 omnia
617 1843 784 1911 audebant
799 1849 900 1932 atque
915 1843 1077 1911 interdurn
1091 1844 1149 1910 taii
1165 1860 1237 1910 cum
1259 1842 1461 1910 dexteritate
1475 1861 1517 1910 eo

193 1950 228 2012 in
249 1947 382 2014 scelere
405 1937 464 2028 (ut
483 1949 649 2014 atrociore
667 1949 831 2016 vocabulo
853 1939 1005 2029 utamur]
1032 1946 1257 2034 perpetrando
1278 1950 1404 2014 uersati
1422 1950 1517 2034 sunt,

194 2054 232 2116 ut
250 2049 418 2138 hodieque
443 2049 639 2118 deiensores
659 2053 767 2142 nacti,
788 2053 881 2119 viros
903 2055 1074 2139 ceteroqui
1095 2052 1303 2118 doctissimos
1317 2052 1431 2138 nobis,
1461 2053 1516 2139 qui

195 2157 353 2242 antiquae
375 2152 523 2222 codicum
544 2157 681 2222 ueritati
701 2157 799 2225 unice
820 2155 1007 2246 studemus,
1028 2156 1242 2223 adversarios
1263 2157 1435 2224 suscitent

279 2293 378 2380 Quod
395 2295 437 2362 ad
453 2295 617 2364 editiones
631 2296 746 2365 barum
760 2297 985 2386 Epistolarum
1004 2300 1145 2388 attinet,
1164 2299 1355 2386 praemissis
1368 2296 1516 2365 Ernesti!
1537 2389 1539 2394 Ι

196 2397 326 2468 iudiciis
348 2419 412 2467 nos
433 2419 517 2488 quae
539 2401 719 2470 obseruare
740 2403 838 2470 nobis
860 2403 923 2470 visi
946 2421 1059 2470 sumus
1080 2403 1303 2471 subtexemus.

282 2540 349 2608 «ut
373 2542 408 2607 in
433 2544 529 2609 textu
545 2542 693 2630 quidem,
721 2545 841 2632 inquii,
870 2543 1103 2613 constituendo
1129 2563 1197 2611 non
1221 2545 1395 2636 contigere
1420 2545 1517 2613 uobis

195 2646 352 2713 librorum
367 2647 565 2732 scripturum
580 2645 762 2731 praesidia:
783 2652 861 2716 sunt
880 2650 964 2716 enim
985 2650 1116 2716 omnino
1134 2649 1285 2735 exempla
1305 2647 1418 2716 barum
1441 2649 1517 2734 epi-

196 2750 355 2816 stolarum
376 2751 503 2836 scripta
523 2751 652 2817 rariora
672 2751 792 2836 multu,
815 2769 909 2840 quam
927 2755 1112 2832 ceterorum
1127 2752 1299 2839 librorum;
1319 2755 1415 2820 cuius
1429 2770 1517 2838 pau-

196 2855 309 2922 citatis
335 2870 437 2922 eausa
462 2853 534 2919 sine
560 2851 659 2922 dubio
687 2855 721 2921 in
740 2856 797 2922 iiia
822 2857 894 2942 ipsa
919 2859 991 2940 est,
1021 2855 1290 2944 orandinum,
1320 2853 1517 2924 dificultate

196 2956 405 3046 intelligendi
430 2960 464 3023 et
489 2958 649 3026 lectorum
677 2960 826 3026 raritate.
867 2953 938 3026 Sed
966 2958 1031 3028 bue
1057 2960 1171 3026 maiori
1199 2963 1235 3026 et
1262 2960 1391 3026 iustiori
1420 2959 1518 3043 copia

197 3062 420 3146 exemplorum
436 3059 597 3128 editorum
611 3061 761 3128 formulis
777 3062 1036 3153 typographicis
1050 3062 1148 3131 nobis
1160 3061 1398 3148 suppeditavit
1426 3059 1517 3132 Usus

198 3165 280 3230 enim
303 3183 375 3232 aum
403 3165 563 3251 exemplis
587 3167 718 3254 primis,
749 3165 901 3232 Romano
932 3164 1158 3234 Susisrlcernit
1181 3169 1215 3232 et
1240 3162 1449 3254 Parnmrtii,
1482 3167 1517 3232 et

196 3265 328 3336 Veneto
350 3263 508 3353 immonni,
532 3273 598 3334 tum
620 3269 727 3336 altero
748 3268 900 3336 Romanu
922 3271 995 3336 sine
1015 3270 1080 3336 loci
1096 3271 1131 3336 et
1144 3269 1222 3334 anni
1236 3271 1332 3353 noia,
1355 3266 1514 3337 Bortbo·

197 3369 323 3440 lumust
341 3368 493 3439 satiasti
514 3370 746 3441 Bononiensis
766 3375 800 3439 ei
820 3369 989 3440 Ludooict
1009 3371 1112 3461 liepit
1132 3367 1381 3462 cooaeternus,
1404 3374 1435 3436 in
1452 3391 1518 3457 qua

198 3477 248 3542 est
267 3475 425 3560 repetitio
449 3473 605 3542 editionis
634 3475 746 3543 iactae
768 3494 829 3561 per
851 3474 1227 3567 montanensem,
1262 3475 1347 3542 alias
1370 3473 1495 3544 Frenis
1501 3496 1515 3563 ,·

197 3579 273 3646 item
296 3575 743 3664 aroinopnnoa.151³,
777 3584 812 3646 et
840 3582 978 3663 celeria,
1008 3598 1092 3668 quae
1112 3580 1201 3646 inter
1227 3597 1330 3664 opera
1358 3581 1518 3646 universa

197 3681 369 3752 Ciceronis
380 3682 551 3770 prodiere3
572 3687 707 3769 praeter
717 3683 1018 3770 Mediolanensem,
1037 3687 1071 3750 in
1086 3684 1180 3768 euius
1193 3681 1349 3750 editionis
1364 3684 1516 3770 exemplo

197 3805 267 3854 meu
291 3785 412 3853 desunt
434 3787 605 3872 epistolae.
646 3781 718 3854 Sed
740 3806 780 3854 eu
802 3806 854 3856 me
875 3793 985 3854 lamen
1006 3807 1099 3854 usum
1122 3790 1220 3876 puto,
1249 3805 1311 3872 per
1339 3785 1516 3855 editionem

198 3909 331 3977 operum
349 3887 520 3966 ciceronis
539 3890 696 3958 Ascenaii
715 3893 865 3980 primam,
887 3909 983 3979 quam
998 3911 1017 3960 e
1031 3890 1278 3958 Mediolanensi
1294 3890 1425 3960 ductam
1440 3909 1517 3963 essa

197 3995 229 4060 in
250 3994 328 4060 aliis
355 3992 510 4061 librorum
535 3993 824 4063 Ciceronianorum
852 3997 1004 4082 partibus
1020 3995 1171 4082 repperi,
1208 3996 1243 4060 ut
1268 3996 1303 4060 in
1321 3997 1517 4064 recensione

198 4116 332 4184 operum
354 4099 582 4165 uniuersorum
603 4098 688 4165 dixi:
710 4102 748 4165 ut
769 4103 878 4166 tamen
897 4118 957 4166 eos
978 4101 1216 4186 recentiorum,
1239 4099 1346 4185 quiin
1364 4097 1417 4164 bis
1438 4100 1517 4184 epi-

197 4203 293 4270 stolis
313 4201 526 4288 laborarunt,
546 4202 650 4271 libros
670 4221 738 4270 non
759 4204 974 4295 negligerem.

279 4327 448 4399 lssmmncs
467 4336 576 4399 uirum
597 4351 617 4399 e
637 4334 722 4400 libro
742 4335 869 4422 scripto
891 4353 983 4401 auum
1005 4336 1133 4402 testum
1146 4351 1189 4401 an
1204 4351 1225 4400 a
1239 4333 1391 4401 itomano
1406 4332 1516 4401 duxe-

197 4437 255 4524 rit,
285 4453 352 4502 nun
372 4436 522 4501 sustineo
554 4439 779 4522 pronuntiare.
820 4438 897 4506 Non
918 4440 1030 4504 tamen
1050 4435 1132 4504 illud
1152 4435 1226 4503 mibi
1252 4455 1335 4504 uero
1358 4436 1516 4505 dissimile

197 4541 346 4626 ridetur,
366 4539 452 4607 adeo
473 4539 582 4606 multis
600 4541 684 4608 locis
705 4543 748 4610 ab
767 4542 916 4609 itomano
935 4541 1087 4627 exemplo
1103 4539 1271 4608 dissentit:
1294 4541 1516 4628 imprimisque

197 4663 247 4710 me
267 4645 380 4710 movet
398 4641 482 4730 boc,
504 4642 590 4730 quod
612 4644 745 4714 Graeca
763 4665 830 4712 non
853 4644 971 4732 babet,
1000 4663 1086 4733 quae
1107 4647 1186 4710 sont
1207 4647 1241 4710 in
1258 4643 1427 4729 liumano,
1448 4664 1517 4714 non

197 4747 251 4814 lile
268 4746 423 4833 proiecto
443 4748 638 4836 emissurus,
660 4750 688 4815 si
706 4766 778 4817 eam
792 4749 889 4816 nodo
905 4750 1115 4836 repetiisset,
1135 4749 1258 4814 leuiter
1275 4751 1459 4818 comestam
1472 4751 1517 4819 ab

199 4867 254 4941 eo,
275 4853 331 4934 uui
345 4868 427 4917 suae
442 4849 578 4918 editioni
592 4857 781 4939 praeesset:
803 4857 837 4920 et
850 4855 983 4940 repperi
997 4854 1091 4938 luca,
1113 4854 1146 4918 in
1164 4852 1282 4939 quibus
1302 4853 1510 4922 manifestum

199 4957 265 5042 eat,
295 4973 367 5021 eum
390 4958 518 5022 textum
537 4957 590 5042 qui
609 4957 772 5045 coniecit,
799 4955 974 5024 editionem
996 4956 1178 5024 itomanam
1195 4974 1263 5022 non
1286 4956 1459 5044 babuisse,
1479 4979 1513 5026 r.

199 5061 266 5125 not.
286 5060 434 5126 nostram
449 5058 493 5125 ad
513 5058 563 5147 V,
585 5056 621 5127 1.
634 5061 711 5128 item
729 5061 942 5148 Maiaspinae
960 5059 1003 5128 ad
1021 5061 1109 5128 ilium
1127 5061 1244 5131 locun.
1286 5055 1441 5130 Getarum
1460 5063 1517 5131 iiia
