3666 5874
142 709 168 821 s

290 349 330 412 11
710 349 985 418 srtsrotatttttt
1004 353 1057 418 ΔΙ)
1077 353 1168 418 snat.

287 503 422 572 maxime
437 525 478 571 er
495 525 568 572 meo
588 503 686 573 fraus
706 507 851 593 cognovi.
886 510 989 586 Quem
1007 529 1080 574 cum
1098 507 1130 572 in
1150 507 1291 576 Sardinia
1312 512 1480 598 Pompeius
1501 513 1609 600 paam

286 611 358 688 post
377 598 504 676 diebus,
536 621 631 688 mam
652 607 735 668 Luca
761 601 960 677 discesserat,
997 603 1207 669 convenisset:
1251 609 1332 680 „Te,
1363 604 1478 694 inquit,
1505 606 1608 692 ipssnn

286 693 395 781 sepios
417 693 492 760 nihil
509 695 717 781 opportunius
736 695 837 780 potuit
855 695 1016 761 accidere:
1039 696 1098 762 nisi
1111 717 1184 762 oum
1205 701 1311 763 blanco
1328 697 1426 764 fratre
1444 697 1609 785 diligenter

286 787 403 874 egeris,
426 785 665 875 dependendum
691 787 746 856 tibi
776 800 839 863 est,
862 789 948 876 quod
975 788 1050 854 milri
1078 811 1138 876 pro
1161 789 1216 855 illo
1247 779 1468 878 spopondisti?
1523 795 1608 872 Quid

261 880 404 952 smultat
439 892 568 968 questus
599 893 646 949 est
675 883 827 970 graviter3
856 903 913 948 sua
944 883 1054 949 merita
1079 885 1356 962 commemoravit;
1385 885 1462 972 quid
1491 887 1608 972 egisset

285 977 465 1064 saepissime
486 975 527 1043 <le
547 976 622 1043 actis
642 977 782 1044 Caesaris
803 997 874 1042 cum
898 976 967 1062 ipso
996 997 1067 1042 meo
1089 975 1186 1044 fratre
1208 977 1346 1065 quidque
1367 977 1428 1044 sibi
1447 979 1474 1044 is
1495 980 1535 1046 de
1555 1003 1607 1046 me

285 1071 469 1158 recepisset,
504 1071 536 1135 in
564 1071 747 1137 memoriam
774 1069 913 1156 redegit;
945 1091 1059 1157 seque,
1093 1091 1175 1157 quae
1195 1070 1236 1137 ae
1263 1071 1332 1137 mea
1356 1072 1455 1138 salute
1477 1073 1605 1158 egisset,

286 1165 445 1232 voluntate
466 1165 607 1232 Caesaris
627 1165 728 1250 egisse
748 1164 851 1251 ipsum
869 1184 975 1230 meum
993 1163 1123 1230 nauem
1145 1175 1272 1231 testatus
1289 1173 1354 1242 est;
1376 1166 1465 1232 cuius
1481 1187 1606 1234 cansam

286 1259 527 1346 dignitatemque
554 1258 631 1324 mihi
653 1269 690 1326 ut
715 1257 962 1332 commendaret,
998 1259 1138 1344 rogavit,
1160 1271 1195 1325 ut
1217 1281 1287 1324 eam
1311 1281 1351 1324 ne
1372 1280 1605 1348 oppugnarem,

251 1354 313 1420 nsi
331 1353 449 1418 nollem
468 1362 522 1419 aut
540 1373 613 1419 non
629 1371 755 1439 possem
774 1353 867 1419 tueri.
912 1357 962 1420 10.
982 1355 1070 1418 Haec
1090 1373 1161 1418 curn
1183 1352 1222 1418 ad
1241 1374 1291 1418 me
1310 1353 1409 1420 irater
1427 1355 1606 1441 pertulisset

286 1457 318 1514 et
342 1467 414 1514 cum
434 1458 537 1514 nmen
565 1446 733 1534 Pompeius
765 1446 803 1512 ad
833 1467 884 1514 ma
912 1467 985 1513 cum
1015 1446 1167 1512 mandetis
1190 1447 1360 1515 Vibullium
1386 1447 1535 1522 misisset,
1571 1461 1606 1514 ut

285 1543 443 1627 integrum
464 1539 539 1606 mibi
558 1541 599 1607 de
623 1561 717 1606 cansa
739 1544 894 1627 Campana
918 1540 959 1606 ad
982 1562 1076 1606 suum
1096 1539 1232 1606 reditum
1257 1563 1471 1618 reservarem,
1494 1543 1605 1630 collegi
1651 1595 1652 1602 ,

285 1636 353 1722 ipse
374 1656 425 1700 me
444 1645 565 1702 etcum
586 1634 653 1721 ipsa
668 1635 757 1721 quasi
774 1633 953 1721 republica
973 1636 1147 1702 collocutus
1162 1657 1248 1709 sum,
1271 1646 1307 1702 ut
1328 1635 1405 1700 mihi
1425 1647 1488 1702 tam
1509 1637 1605 1703 multa

285 1749 346 1816 pro
367 1749 402 1794 se
422 1749 573 1817 perpesso
594 1739 687 1816 atque
708 1728 873 1816 perfuncto
898 1728 1105 1804 concederet,
1134 1739 1170 1794 ut
1193 1729 1328 1794 officium
1355 1751 1460 1795 meum
1488 1752 1606 1796 memo-

251 1843 417 1910 nremque
432 1823 465 1888 in
487 1823 696 1890 benemeritos
717 1823 855 1888 animum
876 1821 1033 1909 fidemque
1054 1821 1160 1888 fratris
1186 1823 1248 1888 mei
1275 1835 1488 1910 praestarem,
1519 1845 1607 1891 eum-

285 1939 361 2005 que,
389 1937 484 2004 quem
502 1915 621 1984 bonum
647 1918 747 1984 civem
767 1937 892 2005 semper
916 1917 1092 1992 habuisset,
1121 1917 1238 1982 bonum
1260 1916 1365 1982 nrum
1391 1938 1460 1982 esse
1482 1927 1607 2004 petere-

284 2023 346 2080 tur.
389 2015 424 2077 ln
448 2010 508 2076 illis
528 2021 633 2077 autem
659 2012 737 2076 meis
761 2011 935 2078 actionibus
964 2011 1186 2098 sententiisque
1212 2009 1375 2084 omnibus,
1405 2033 1486 2099 quse
1514 2016 1607 2076 Pom-

283 2105 391 2194 peium
406 2104 593 2172 videbantur
607 2104 786 2181 offendere,
801 2117 961 2172 certorum
972 2105 1154 2180 bominum,
1170 2126 1250 2192 quos
1265 2105 1326 2170 iam
1336 2103 1434 2169 debes
1444 2103 1605 2189 suspicari,

284 2218 447 2264 sermones
465 2198 683 2265 referebantur
698 2199 738 2264 ad
758 2220 829 2277 me;
851 2199 906 2285 qui
927 2199 1069 2265 camilla
1094 2200 1244 2265 sentirent
1266 2199 1298 2263 in
1317 2197 1500 2285 republica,
1523 2219 1606 2286 quae

248 2311 346 2378 nego
363 2289 513 2377 agebam,
536 2313 724 2380 semperque
749 2293 931 2368 sensissent,
962 2314 1013 2359 me
1033 2303 1136 2360 tamen
1166 2313 1228 2358 non
1252 2291 1430 2358 satisfacere
1455 2293 1605 2380 Pompeio

285 2389 514 2472 Caesaremque
535 2386 780 2452 inimicissimum
802 2386 878 2452 mibi
898 2386 1040 2454 futurum
1060 2386 1199 2472 gaudere
1216 2408 1250 2452 se
1276 2385 1409 2452 aiebant.
1452 2391 1528 2452 Erat
1546 2387 1607 2452 boc
1708 2443 1712 2453 .

285 2479 362 2545 milri
386 2479 572 2547 dolendum:
595 2481 651 2546 sed
671 2480 771 2547 multo
788 2481 865 2546 illud
882 2481 998 2566 magis,
1021 2481 1108 2570 quod
1130 2479 1289 2545 inimicum
1311 2499 1417 2546 mcum
1438 2515 1478 2526 —
1501 2500 1606 2545 meum

286 2579 414 2639 autem?
435 2573 531 2640 immo
545 2595 623 2641 vero
638 2575 757 2660 legum,
778 2572 983 2650 iudiciorum,
1006 2574 1072 2650 otii,
1093 2574 1222 2661 patriae,
1244 2573 1402 2639 bonorum
1416 2573 1602 2639 omnium-

285 2665 330 2732 sic
345 2667 617 2753 amplexabantur,
632 2669 723 2733 sicin
737 2667 880 2734 manibus
894 2667 1059 2744 habebant,
1082 2667 1127 2733 sic
1142 2666 1300 2742 fovebant,
1315 2668 1360 2733 sic
1376 2688 1427 2732 me
1440 2679 1606 2753 praesente

249 2760 524 2837 aemulabantur,
545 2782 610 2828 non
624 2761 669 2827 illi
684 2761 811 2849 quidem
827 2771 863 2828 ut
877 2763 952 2828 mibi
966 2762 1162 2830 stomachum
1176 2761 1330 2838 lacerent,
1353 2783 1446 2849 quem
1462 2782 1522 2846 ego
1536 2760 1605 2826 lurn-

286 2855 368 2922 ‹litus
388 2855 527 2941 perdidi,
559 2855 614 2921 sed
635 2867 773 2923 certent
794 2855 897 2922 lacere
926 2879 960 2923 se
982 2856 1220 2923 arbitrarentur.
1277 2856 1335 2920 Hic
1356 2875 1432 2942 ego,
1455 2867 1605 2945 quantum

286 2950 422 3016 bumnno
444 2949 575 3017 consilio
601 2949 725 3016 efficere
744 2951 848 3038 potui,
877 2951 1108 3038 circumspectis
1129 2950 1226 3016 rebus
1250 2949 1327 3014 meis
1341 2949 1486 3016 omnibus
1509 2949 1605 3015 ratio·
1713 3031 1719 3042 ¹

283 3045 439 3132 nibusque
456 3043 632 3120 subductis,
666 3065 820 3110 minam
838 3045 898 3111 ieci
918 3046 1142 3130 cogitationum
1160 3065 1304 3111 mearum
1328 3042 1486 3120 omnium,
1509 3063 1605 3132 qnam

284 3138 359 3216 tibi,
381 3139 551 3226 sipotero,
574 3137 713 3205 breviter
737 3159 904 3226 exponam.
948 3145 999 3206 11.
1020 3144 1111 3226 Ego,
1133 3139 1160 3205 si
1186 3137 1225 3204 ab
1247 3135 1399 3223 improbis
1422 3147 1453 3202 et
1475 3135 1604 3223 perditis

248 3233 406 3301 ncivibus
429 3232 674 3320 rempublicam
698 3235 799 3299 teneri
828 3233 984 3308 viderem,
1022 3233 1102 3299 sicut
1125 3243 1156 3300 et
1174 3233 1252 3298 meis
1274 3229 1468 3317 temporibus
1489 3231 1604 3295 scitum

283 3337 316 3394 et
336 3328 494 3394 nonnullis
515 3326 582 3392 aliis
603 3326 766 3403 accidisse,
787 3349 852 3392 non
868 3327 964 3394 modo
986 3327 1154 3414 praemiis,
1175 3347 1256 3412 quae
1270 3325 1355 3411 apud
1371 3346 1421 3389 me
1441 3323 1603 3389 minimum

283 3423 402 3497 valent,
432 3420 487 3486 sed
507 3441 548 3485 ne
577 3421 724 3507 periculis
745 3421 872 3509 quidem
893 3421 1074 3507 compulsus
1094 3421 1180 3496 ullis,
1209 3417 1323 3507 quibus
1350 3429 1452 3484 tamen
1474 3437 1604 3482 moven-

284 3525 337 3582 tur
349 3516 442 3582 etiam
463 3513 624 3580 fortissimi
639 3515 716 3592 viri,
739 3515 778 3581 ad
796 3535 907 3580 eorum
922 3535 1047 3581 causam
1068 3535 1119 3580 me
1137 3513 1356 3600 adiungerem,
1379 3534 1418 3578 ne
1434 3513 1459 3577 si
1483 3531 1604 3577 summa

284 3608 412 3696 quidem
431 3629 544 3674 eornm
566 3607 598 3673 in
621 3629 672 3674 me
694 3609 805 3675 merita
832 3618 1020 3675 constarent.
1064 3612 1141 3676 Cum
1163 3620 1268 3674 antem
1291 3607 1323 3671 in
1344 3605 1523 3692 republica
1549 3610 1602 3671 Cn.

248 3703 450 3790 ssl’ompeius
471 3701 617 3790 princeps
638 3715 738 3779 esset,
759 3703 872 3778 viris,
895 3705 950 3790 qui
972 3703 1051 3769 banc
1067 3703 1236 3789 potentiam
1259 3711 1289 3767 et
1308 3699 1439 3786 gloriam
1460 3699 1603 3764 maximis

283 3796 317 3862 in
337 3795 583 3882 rempublicam
604 3799 723 3864 meritis
744 3799 1077 3886 praestantissimisque
1100 3796 1197 3862 rebus
1224 3795 1318 3882 gestis
1347 3805 1428 3861 esset
1454 3813 1604 3859 consecu-

283 3900 334 3958 tus
351 3889 503 3980 cuiusque
529 3911 590 3976 ego
612 3891 766 3977 dignitatis
792 3891 831 3957 ab
852 3892 1061 3958 adolescentia
1079 3891 1201 3965 lautor,
1222 3889 1256 3955 in
1277 3899 1424 3975 praetura
1448 3895 1603 3952 autemst

283 3983 315 4049 in
336 3985 499 4052 consulatu
518 3984 643 4052 adiutor
665 3987 758 4052 etiam
784 3986 986 4064 exstitissem
1014 4006 1149 4073 cumque
1170 3984 1254 4050 idem
1276 3981 1459 4049 auctoritate
1482 3990 1513 4046 et
1533 3999 1603 4044 sen-

282 4077 378 4144 tentia
393 4097 452 4163 per
476 4099 527 4155 se,
556 4079 692 4146 consiliis
710 4091 742 4147 et
765 4079 874 4146 studiis
896 4089 1019 4155 tectam,
1046 4101 1097 4145 me
1121 4078 1289 4145 adiuvisset
1307 4097 1475 4162 meumque
1500 4072 1604 4140 inimi-

246 4193 354 4238 eccum
375 4193 475 4238 unum
495 4173 528 4238 in
548 4173 670 4241 civimte
689 4172 819 4239 haberet
835 4173 1014 4248 inimicum,
1037 4193 1100 4238 non
1120 4172 1227 4260 putavi
1245 4172 1360 4236 lamam
1381 4167 1602 4235 inconstantiae

283 4267 358 4333 mibi
379 4266 676 4354 pertimescendam,
698 4269 726 4334 si
743 4267 931 4354 quibusdam
944 4267 977 4334 in
998 4267 1156 4333 sententiis
1170 4265 1310 4353 paullum
1326 4285 1375 4329 me
1389 4263 1601 4328 immutassem

282 4381 449 4452 meamque
471 4362 663 4429 voluntatem
684 4363 723 4428 ad
745 4361 859 4428 summi
878 4359 938 4427 viri
970 4360 1009 4426 de
1030 4381 1144 4448 meque
1162 4359 1278 4448 optime
1298 4359 1400 4424 meriti
1422 4356 1602 4442 dignitatem

281 4475 510 4543 aggregassem.
555 4459 604 4522 tn
626 4461 661 4523 ln
688 4457 747 4522 bac
771 4455 923 4523 sententia
944 4454 1198 4541 complectendus
1221 4461 1290 4518 erat
1312 4452 1388 4517 nribi
1415 4455 1544 4522 Caesar,
1567 4457 1602 4514 ut

147 4552 169 4634 ζ
282 4549 384 4627 vides,
406 4551 439 4616 in
459 4551 624 4638 coniuncta
644 4560 675 4618 et
694 4569 788 4615 cansa
810 4559 842 4616 et
862 4548 1026 4635 dignitate)
1062 4549 1122 4614 Hic
1140 4547 1274 4613 multum
1292 4545 1400 4640 iffi}
1414 4565 1486 4610 cum
1511 4551 1601 4607 vetus

172 4645 191 4742 μ’
246 4643 431 4721 «sumetis,
453 4666 548 4733 quam
565 4656 600 4712 tu
625 4665 689 4710 non
708 4643 835 4729 ignoras
851 4643 928 4709 mibi
949 4652 981 4709 et
1002 4643 1119 4722 Quinto
1141 4641 1231 4708 fratri
1254 4662 1326 4706 cum
1347 4645 1477 4707 Caesare
1494 4635 1599 4708 luisse,

351 4825 394 4877 11.
413 4840 470 4877 cunt
487 4835 575 4881 tanuen
592 4829 641 4880 bl:
661 4842 718 4878 cum
734 4831 797 4877 unte
817 4833 904 4878 teman
930 4827 961 4878 Ε.
981 4827 1053 4878 Fort.
1067 4839 1124 4877 nam
1141 4827 1214 4876 item.
1233 4823 1283 4876 On.
1312 4822 1404 4874 Malim
1418 4835 1474 4870 cum
1488 4819 1599 4869 tandem.

284 4893 415 4946 11η-
451 4899 678 4963 recusemusque
702 4899 826 4964 fidemque
844 4897 882 4948 11.
903 4921 935 4933 -
965 4899 1008 4952 ts.
1026 4893 1469 4966 afferebanturMartyni-Laguna.
1505 4887 1598 4939 Malim

282 4965 463 5090 :lnqqressbontur
484 4970 527 5022 vel
552 4969 769 5036 perforabantur,
798 4973 826 5018 nt
844 4963 873 5029 ὅ.
892 4968 936 5018 111.
956 4967 1008 5021 On.
1030 4995 1058 5006 -
1096 4967 1139 5019 31.
1159 4967 1279 5018 malbec
1297 4965 1345 5016 bl:
1364 4961 1485 5012 seddim
1502 4959 1600 5020 omopl-
