3628 5876
623 491 625 496 ,
652 436 727 500 Llll.
748 435 804 499 Χ..
830 435 890 499 HP.
911 433 963 498 83.
983 433 1036 498 dl.
1444 434 1505 498 toa

181 590 324 678 legiones
345 589 377 656 in
398 587 538 656 bibernis
559 589 756 657 collocaram.
798 595 844 656 lta
864 610 963 676 porro
984 587 1142 656 festinavit
1161 598 1295 679 uterque
1316 589 1505 679 confligere,

181 695 341 771 umquam
362 683 439 749 nihil
467 685 557 768 peius
579 684 725 752 timerent
745 706 839 772 mam
860 705 899 750 ue
927 684 995 750 sine
1016 685 1155 751 maximo
1176 685 1225 750 rei
1245 685 1389 773 publicae
1409 687 1507 754 detri-

181 788 289 846 mento
307 776 424 843 bellum
439 787 693 864 componeretur.
736 778 815 852 Sed,
836 777 864 843 si
876 775 1108 864 properandum
1125 778 1200 854 luit,
1223 780 1300 846 nibil
1314 801 1377 844 non
1392 779 1507 846 summi

181 872 270 939 ducis
291 871 422 937 consilio
444 872 577 956 gessisse
599 872 734 938 Hirtium
756 870 859 937 rideo.
902 875 933 936 t.
960 876 1047 936 Nunc
1068 871 1144 938 baec
1165 872 1242 939 mibi
1263 872 1443 940 scribuntur
1464 895 1506 940 ex

182 966 282 1032 Gallia
304 963 412 1050 Lepidi
433 973 465 1030 et
485 967 678 1033 nuntiantur:
701 970 818 1032 Pansae
839 963 1012 1030 exercitum
1026 966 1186 1031 concisum
1207 987 1296 1045 esse;
1319 973 1450 1034 Pansam
1463 987 1530 1035 exa

181 1057 367 1126 vulneribus
395 1067 571 1138 mortuum;
607 1059 720 1126 eodem
745 1059 868 1146 proelio
896 1058 1039 1124 Martiam
1067 1058 1223 1143 legionem
1253 1060 1396 1128 interisse
1418 1069 1451 1128 et
1470 1065 1506 1126 L.

182 1153 334 1220 Fabatum
356 1160 387 1234 et
409 1155 442 1218 C.
464 1152 660 1218 Peducaeum
688 1163 719 1218 et
745 1158 782 1218 D.
806 1152 1021 1227 Carlblenum;
1057 1151 1183 1219 Hirtino
1205 1161 1308 1221 autem
1331 1155 1455 1241 proelio
1476 1166 1508 1222 et

182 1256 327 1334 quartam
349 1245 505 1331 legionem
529 1255 559 1311 et
580 1267 690 1312 omnes
710 1266 867 1333 peraeque
888 1245 1014 1309 Antonii
1036 1265 1156 1320 caesae,
1184 1245 1259 1312 item
1281 1249 1391 1326 Hirtii;
1414 1269 1508 1336 quar-

183 1352 247 1407 tam
268 1359 367 1411 vero,
400 1360 471 1404 cum
493 1348 593 1405 castra
616 1361 742 1427 quoque
764 1339 888 1406 Antonii
909 1339 1059 1424 cepisset,
1089 1340 1237 1426 aquinta
1257 1341 1381 1424 legione
1403 1341 1508 1409 conci-

183 1457 251 1500 snm
273 1453 358 1510 esse;
392 1431 437 1496 ibi
465 1433 601 1498 Hirtium
623 1455 750 1522 quoque
772 1434 891 1519 perisse
913 1443 944 1496 et
965 1432 1109 1498 Pontium
1131 1434 1293 1520 Aquilam;
1331 1437 1392 1502 dici
1414 1437 1545 1502 etiamne

183 1527 390 1594 Octavianum
412 1526 562 1592 cecidisse
584 1531 791 1615 -quaesi,
814 1525 1186 1611 quoddiiprobibeantl
1223 1549 1298 1594 vera
1320 1539 1411 1605 sunt,
1444 1551 1508 1596 nou

182 1621 387 1688 mediocriter
408 1618 501 1685 doleo
524 1643 579 1699 -;
601 1621 769 1688 Antonium
790 1619 925 1705 turpiter
945 1619 1083 1686 Mutinae
1098 1619 1312 1688 obsessionem
1325 1623 1507 1711 reliquisse,

183 1714 240 1780 sed
263 1711 381 1778 babere
403 1713 603 1799 equitum**,
639 1713 780 1799 legiones
811 1712 870 1779 sub
892 1713 988 1798 signis
1009 1721 1143 1778 armatas
1166 1724 1230 1781 tres
1252 1722 1283 1781 et
1303 1721 1335 1782 P.
1359 1717 1509 1801 Bagienni

184 1828 296 1881 mam,
318 1810 455 1872 inermes
476 1805 558 1872 bene
579 1805 709 1886 multos;
731 1806 911 1874 Ventidium
931 1825 1058 1893 quoque
1080 1827 1114 1872 se
1136 1827 1207 1894 curn
1228 1808 1351 1894 legione
1366 1811 1507 1896 septima,

183 1914 312 1976 octava,
346 1920 429 1966 nona
450 1901 671 1980 coniunxisso;
708 1900 735 1966 si
757 1899 833 1966 nihil
853 1899 887 1964 in
907 1899 1026 1984 Lepido
1048 1900 1116 1986 spei
1137 1901 1193 1975 sit,
1223 1899 1447 1968 descensurum
1468 1903 1508 1969 ad
1521 1934 1547 1973 sa

184 2008 328 2064 extrema
349 2002 381 2060 et
401 2013 466 2059 non
488 1993 583 2060 modo
604 1995 747 2060 nationes
767 1992 824 2058 sed
844 1997 937 2058 etiam
959 1993 1087 2060 servitia
1101 1999 1344 2074 concitaturum
1366 2001 1507 2062 Parmam

184 2092 354 2177 direptam3
387 2091 422 2154 L.
443 2087 612 2154 Antonium
633 2088 727 2174 Alpes
748 2107 929 2172 occupasse.
971 2091 1002 2154 5.
1026 2090 1115 2165 Quae
1137 2092 1162 2154 si
1186 2109 1260 2154 vera
1283 2102 1370 2175 sunt,
1392 2091 1511 2158 nemini

184 2189 328 2250 nostrum
351 2181 536 2248 cessandum
570 2191 696 2248 estnec
717 2179 975 2267 exspectandum,
1010 2181 1087 2268 quid
1108 2180 1255 2248 decernat
1273 2193 1407 2250 senatus.
1423 2201 1430 2216 ·
1448 2191 1510 2251 Hes

185 2278 268 2344 enim
292 2277 376 2360 cogit
398 2274 470 2340 buic
491 2283 577 2340 tanto
598 2275 744 2341 incendio
765 2294 953 2340 succurrere
975 2294 1098 2350 omnes,
1121 2275 1176 2362 qui
1197 2284 1251 2342 aut
1271 2275 1439 2363 imperium
1457 2287 1517 2354 aut,

185 2392 300 2438 nomen
322 2369 459 2457 deniqne
480 2369 588 2455 populi
610 2369 743 2436 Romani
763 2367 883 2433 salvum
904 2368 1015 2434 volunt
1032 2387 1111 2436 esse.
1154 2374 1285 2436 Brutum
1300 2373 1382 2436 enim
1397 2372 1547 2439 cohor-2¹·

184 2476 230 2531 tes
252 2482 343 2531 xvrr.
364 2471 395 2528 et
415 2461 494 2528 duas
515 2483 578 2529 nou
607 2462 788 2550 frequentes
814 2461 954 2528 monum
985 2461 1141 2546 legiones,
1172 2484 1255 2550 quas
1283 2465 1512 2552 conscripserat

185 2559 355 2632 Antonius,
379 2555 495 2622 babere
516 2555 622 2623 audio.
664 2561 772 2642 Neque
794 2563 897 2620 omen
920 2553 1045 2630 dubito,
1078 2556 1153 2642 quin
1176 2577 1301 2631 omncs,
1325 2559 1378 2646 qui
1401 2580 1512 2646 super-

184 2653 246 2719 sint
267 2650 308 2716 de
329 2649 424 2716 Hirtii
445 2650 602 2724 exercitu,
625 2647 781 2717 oonlluaut
801 2647 842 2714 ad
863 2669 947 2715 cum.
996 2655 1072 2714 Nam
1094 2649 1126 2714 in
1149 2650 1272 2718 delectu
1293 2673 1356 2718 nou
1379 2653 1510 2719 multum

184 2747 253 2834 spei
274 2753 353 2832 puto
374 2763 460 2822 esse;
481 2743 666 2830 praesertim
688 2764 760 2809 cum
781 2741 859 2807 nibil
880 2747 920 2806 sit
941 2743 1148 2827 periculosius
1170 2766 1265 2831 quam
1287 2747 1421 2833 spatium
1436 2767 1512 2812 con-

184 2837 331 2907 lirmnndi
352 2858 420 2903 sese
441 2842 577 2904 Antonio
598 2837 677 2905 dari.
719 2835 800 2902 Anni
815 2845 919 2902 sutem
939 2845 1062 2922 tompus
1076 2835 1252 2904 libertatem
1267 2843 1418 2904 maiorem
1434 2838 1549 2906 mihis.

185 2935 253 3008 dat,
275 2940 445 3020 propterea
467 2932 541 3018 quia
562 2931 718 2999 frumenta
740 2941 792 2997 aut
814 2929 846 2994 in
868 2930 953 3015 agris
975 2940 1029 2996 ant
1042 2930 1075 2994 in
1091 2931 1172 2996 villis
1186 2941 1267 2997 sunt.
1310 2937 1417 3018 ltaque
1436 2952 1511 3017 pro-

186 3028 280 3095 ximis
303 3026 414 3093 litteris
436 3025 600 3091 consilium
622 3045 727 3090 meum
748 3023 950 3109 expedietur:
985 3043 1056 3088 nam
1079 3045 1182 3111 neque
1204 3024 1313 3090 deesse
1336 3045 1438 3108 neque
1460 3044 1512 3089 su-

185 3141 314 3209 peresse
343 3119 392 3184 rei
413 3118 556 3205 publicae
584 3119 667 3185 volo.
709 3117 846 3184 Maxime
868 3123 971 3181 tamen
994 3115 1087 3182 doleo
1108 3117 1189 3183 adeo
1211 3128 1242 3182 et
1263 3118 1357 3204 longo
1379 3125 1410 3182 et
1431 3116 1511 3183 inle-

186 3225 234 3281 sto
257 3214 371 3280 itinere
392 3213 432 3278 ad
454 3233 504 3278 me
526 3211 649 3286 veniri,
672 3220 707 3278 ut
728 3210 780 3278 die
795 3209 1034 3296 quadragesimo
1051 3220 1122 3296 post
1135 3220 1189 3277 aut
1201 3211 1282 3276 ultra
1294 3209 1395 3283 etiam,
1418 3231 1511 3297 quana

185 3308 267 3374 lacta
289 3315 378 3382 sunt,
401 3309 505 3371 omnia
527 3304 718 3370 nuntientur.
1521 3335 1548 3373 aa

625 3447 764 3509 rsus.
807 3442 855 3529 (A.
882 3447 914 3509 u
937 3442 1079 3530 c.·111.)

211 3543 416 3642 (nmmos
438 3572 517 3634 rur.
537 3563 640 3634 uua
663 3569 777 3633 nour.
799 3570 895 3632 unx.
919 3570 951 3632 s,
972 3570 1010 3631 n.
1031 3571 1073 3632 u.
1095 3568 1239 3632 suamc
1261 3569 1455 3636 crccuouu.

274 3686 304 3748 1.
348 3685 379 3747 S.
401 3686 438 3747 V.
461 3685 495 3745 li.
517 3683 552 3744 E.
574 3683 609 3744 H.
633 3685 668 3746 V.
724 3682 800 3745 Cum
828 3678 984 3744 audissem
1013 3679 1181 3745 Antonium
1208 3699 1280 3745 cum
1308 3681 1374 3746 suis
1396 3681 1511 3768 copiis,

186 3779 362 3864 praemisso
383 3778 419 3839 L.
440 3772 669 3838 Antoniorum
690 3782 780 3858 parte
802 3771 976 3860 equitatus,
999 3773 1031 3838 in
1052 3772 1248 3859 provinciam
1269 3795 1371 3841 meam
1393 3776 1512 3850 venire,

187 3892 259 3936 cum
282 3871 424 3934 exercitu
445 3886 518 3932 meo
540 3864 579 3931 ab
601 3864 778 3932 confluente
800 3865 869 3947 †ab
890 3865 1042 3932 ltbcdauo
1063 3875 1163 3932 casua
1178 3867 1264 3933 movi
1279 3889 1315 3934 ac
1328 3876 1437 3934 contra
1456 3889 1551 3934 cosas

187 3964 298 4029 venire
319 3959 450 4028 institui.
503 3965 611 4046 ltaque
643 3959 799 4025 continuis
827 3959 992 4027 itineribus
1021 3960 1061 4026 ad
1090 3965 1206 4026 Forum
1228 3963 1361 4030 Voconii
1388 3963 1462 4028 veni
1483 3972 1514 4028 et

186 4057 269 4124 ultra
291 4065 392 4120 castra
422 4053 462 4119 ad
483 4052 599 4120 llumen
620 4058 811 4136 Argenteum
833 4063 940 4120 contro
962 4055 1156 4122 Antonianos
1177 4055 1249 4120 leci.
1293 4060 1326 4122 P.
1348 4055 1514 4122 Ventidius

188 4171 261 4216 suas
282 4149 424 4235 legiones
445 4158 509 4214 tres
531 4145 694 4213 coniunxit
714 4167 785 4213 cum
807 4167 847 4213 eo
875 4156 908 4212 et
928 4149 1010 4213 ultra
1032 4169 1082 4212 me
1104 4159 1204 4214 castra
1225 4147 1347 4234 posuit;
1380 4145 1515 4213 babebat

188 4247 279 4311 antea
299 4244 456 4330 legionem
478 4243 615 4330 quintam
637 4250 669 4306 et
696 4261 735 4306 ex
758 4239 888 4327 reliquis
909 4239 1086 4326 legionibus
1108 4261 1252 4327 maguam
1273 4240 1513 4314 multitudinem,

187 4339 244 4405 sed
264 4341 472 4405 inermorum.
515 4337 693 4423 Equitatum
716 4333 810 4400 babet
824 4354 994 4419 *magnum
1018 4356 1089 4400 nam
1111 4335 1215 4400 omnis
1235 4355 1277 4400 ex
1297 4335 1420 4421 proelio
1434 4337 1551 4412 inte-so

187 4453 246 4519 ger
266 4430 425 4505 discessit,
449 4434 491 4494 ita
512 4441 547 4494 ut
569 4429 630 4494 sint
651 4428 784 4514 amplius
805 4428 1032 4514 †equitum**.
1074 4433 1183 4516 ltaque
1202 4426 1241 4493 ad
1263 4451 1313 4494 me
1336 4429 1514 4515 complures

258 4588 283 4637 1.
324 4594 431 4649 utsrqsss
460 4595 512 4632 cor.
531 4581 668 4648 constipare
694 4582 872 4633 Henttsattus.
904 4607 938 4616 -
985 4583 1011 4633 7.
1044 4585 1154 4633 Hirtino
1184 4582 1229 4634 ll:
1263 4583 1388 4632 Hirtiano
1418 4582 1448 4632 s.
1483 4608 1511 4620 -

190 4658 233 4709 ld.
253 4653 467 4720 EQi'th'HVH
486 4649 516 4712 (l.
538 4665 563 4702 e.
582 4653 697 4716 sqatitm
715 4655 827 4716 quinque
843 4651 929 4716 milio)
949 4652 1102 4710 blanoilus,
1122 4653 1287 4716 liengelins,
1306 4651 1467 4716 Madvigius.
1480 4677 1514 4688 -

189 4735 214 4780 at
230 4727 326 4790 pupilli
344 4725 465 4790 tegimus
484 4721 522 4773 Μ.
550 4745 580 4758 -
619 4723 662 4770 17.
682 4723 817 4785 &septum
835 4722 873 4774 Μ.
900 4748 935 4758 -
970 4725 1014 4775 23.
1039 4724 1133 4774 dilectu
1149 4723 1185 4774 Μ.
1213 4747 1247 4758 -·
1290 4721 1334 4772 29·
1354 4723 1518 4788 quadragen-

190 4801 254 4848 simo
271 4797 309 4846 Μ.
339 4819 370 4832 -·
406 4795 451 4844 ³5.
479 4793 513 4842 ab
531 4792 673 4858 confluente
690 4792 724 4842 nt
744 4793 869 4842 Rhodano
886 4794 930 4845 H:
962 4794 996 4843 ab
1022 4793 1163 4860 cmaptuests
1188 4793 1313 4843 Ptodnao
1337 4791 1367 4842 ll.
1389 4793 1460 4844 Part.
1479 4793 1515 4844 ab

191 4868 332 4935 emperors
358 4865 394 4915 ad
425 4862 588 4913 Riedonum.
632 4861 672 4912 Cl.
695 4862 829 4925 lnscriptt.
849 4863 906 4913 Lat.
927 4863 959 4914 H.
978 4863 1171 4914 116οε11018.
1191 4863 1242 4913 Οι.
1279 4887 1301 4899 ·-
1342 4861 1386 4912 36.
1409 4863 1515 4914 Voconii

193 4937 276 5002 Epist.
297 4937 339 4986 17.
360 4932 389 4998 8.
409 4933 443 4983 l:
471 4933 623 5010 Vesontiurp
641 4931 701 4982 ΜΒ.
730 4932 761 4982 ln
782 4933 876 4983 liiterts
895 4934 1044 4984 adiecticiis
1063 4934 1145 4993 latet,
1166 4933 1194 4983 nl
1213 4932 1311 4991 fallor,
1331 4931 1398 4983 dles.
1419 4933 1512 4984 On.-

193 5008 236 5058 ³¹1.
255 5007 383 5057 Antonios
399 5002 438 5054 Μ.
457 5027 491 5036 -
526 5003 570 5052 aa.
589 5003 709 5066 quintam
725 5002 772 5055 ll:
790 5005 929 5054 secundam
948 5005 976 5054 H.
998 5030 1026 5041 -
1047 5000 1082 5067 et]
1101 5010 1132 5055 att
1149 5003 1187 5055 Μ.
1206 5027 1240 5037 -
1269 5000 1314 5053 t1.
1333 5001 1448 5056 acuam
1466 5003 1513 5055 ll:

193 5079 298 5130 decutit
317 5075 348 5128 ll.
367 5099 401 5108 -
420 5075 537 5138 equitum
552 5071 628 5123 mitia
645 5073 766 5138 quisque.
785 5073 825 5124 Ad
842 5087 882 5125 me
899 5074 1061 5138 Madvigius.
