3662 5908
602 416 677 479 LlB.
699 417 783 480 xlll.
825 415 884 480 ΕΡ.
910 413 959 478 11.
983 414 1033 478 13.
1057 412 1107 477 ll.
1130 413 1180 476 15.
1204 413 1253 476 16.
1505 415 1567 478 139

708 575 773 637 ιν.
816 568 865 656 (Α.
891 572 924 636 ο.
947 571 979 636 ο.
1002 567 1090 648 roa.)

657 693 800 760 uerno
822 694 987 760 causant
1007 694 1087 758 me.
1109 693 1141 758 s.

326 828 354 890 1.
375 823 563 890 Praecilium
585 823 639 890 tibi
663 822 850 890 commendo
870 821 979 896 unice,
1013 819 1058 887 tui
1081 821 1270 897 necessarii,
1304 823 1367 888 mei
1388 822 1568 893 familiaris·

239 917 330 992 simi,
363 918 425 983 viri
455 919 566 1005 optimi
591 917 706 996 lilium;
738 938 833 1004 quem
861 936 932 982 cum
961 913 1190 981 adolescentem
1213 920 1316 1002 ipsum
1344 927 1476 1004 propter
1497 919 1566 986 eius
1653 909 1680 992 ζ

239 1005 442 1086 modestiam,
465 1012 704 1088 humanitatem,
726 1011 864 1077 animum
887 1018 918 1075 et
939 1029 1080 1075 amorem
1107 1030 1181 1094 erga
1196 1031 1246 1074 me
1267 1012 1457 1098 singularem
1481 1015 1591 1079 miri-⁵

241 1103 297 1168 bec
327 1104 444 1192 diligo,
477 1114 542 1172 tum
568 1116 690 1192 patrem
716 1104 784 1170 eius
815 1124 851 1169 re
883 1101 993 1168 doctus
1017 1102 1159 1168 intellexi
1191 1112 1222 1169 et
1247 1102 1342 1169 didici
1371 1107 1447 1172 mibi
1472 1105 1568 1174 luisse

240 1219 366 1285 semper
394 1201 629 1266 amicissimum.
672 1197 831 1286 lim‚(bjc
864 1199 917 1264 ille
940 1197 1055 1264 estlde
1086 1199 1163 1275 illis,
1200 1200 1336 1265 maxime
1359 1201 1412 1286 qui
1434 1201 1568 1267 irridere
1609 1197 1663 1264 »(1

240 1303 332 1378 atque
355 1293 525 1380 obiurgare
548 1317 598 1360 me
621 1293 731 1360 solitus
761 1300 827 1367 est,
865 1291 951 1379 quod
972 1313 1023 1357 me
1045 1313 1108 1356 non
1131 1300 1250 1369 tecum,
1287 1295 1474 1381 pracsertim
1497 1315 1568 1362 cum

240 1384 295 1450 abs
316 1397 347 1451 te
368 1387 683 1454 bonorificentissime
706 1385 871 1462 invitarer,
894 1386 1129 1471 coniungerem.

398 1503 501 1589 ΙἈλλ’
523 1503 603 1588 ἐμὸν
623 1501 665 1569 οὔ
688 1527 763 1568 ποτε
784 1499 891 1584 θυμὸν
913 1510 961 1566 ἐνὶ
985 1500 1160 1580 στή3εοσιν
1179 1499 1316 1568 ἔπειθεν.
1580 1505 1607 1548 ¹⁰

240 1609 415 1677 Audiebam
437 1614 521 1680 eninr
543 1624 669 1679 nostros
682 1631 840 1701 'proceres
863 1611 1071 1680 clamitantes:

402 1725 566 1810 Ἀλκιμος
585 1725 675 1803 iod,
695 1732 752 1793 ἰ’να
775 1737 820 1802 τίς
841 1751 878 1790 σε
900 1735 957 1790 καὶ
980 1722 1149 1810 isperdetur
1171 1721 1208 1790 ed
1233 1729 1314 1810 εἴπῃ.

408 1819 472 1895 ’.Ως
494 1827 610 1900 νεφέλη
632 1821 780 1901 ἐκάλυψε
798 1826 947 1904 μέλαινα.

239 1931 270 1992 1.
293 1927 355 1993 Sed
376 1937 479 1994 tamen
504 1929 588 1996 idem
611 1951 661 1996 me
685 1931 884 1998 consolatur:
915 1931 1009 1996 etiam
1031 1928 1190 1998 bominem
1213 1941 1377 2018 perustum
1396 1931 1566 1998 etiamnum

239 2021 340 2104 gloria
362 2022 471 2089 volunt
493 2025 660 2090 incendere
688 2033 781 2112 atquc
803 2025 846 2090 ita
866 2023 1054 2110 loquuntur:
1580 2042 1607 2082 ¹³

410 2135 473 2216 Μὴ
498 2137 567 2220 μὰν
594 2141 753 2204 ἀσπουδεὶ
773 2164 809 2222 γε
832 2148 889 2203 καὶ
914 2140 1051 2212 ἀκλειῶς
1070 2139 1270 2222 ἀπολοίμην,

406 2231 512 2297 'Attal
535 2245 621 2317 μέγα
643 2237 738 2318 ῥέξας
760 2259 790 2298 τι
812 2242 870 2296 καὶ
891 2233 1106 2316 ἐσσομένοισι
1132 2240 1305 2299 πυθέσθαι.

240 2340 303 2408 Sed
324 2362 374 2407 me
396 2341 499 2406 minus
519 2340 580 2408 iam
597 2353 738 2420 movent,
759 2353 796 2409 ut
815 2342 915 2409 vides.
957 2346 1066 2430 ltaque
1087 2342 1127 2410 ab
1149 2344 1281 2411 Homeri
1303 2343 1567 2430 magniloquentia

239 2433 370 2500 consero
392 2456 443 2500 me
465 2434 504 2500 ad
525 2458 601 2504 vera
622 2447 790 2524 praecepta
814 2440 1006 2523 Εὐριπίδου·
1103 2451 1106 2458 “

407 2551 516 2614 Minoi
540 2551 721 2631 σοφιστήν,
747 2551 829 2628 dcccc
850 2553 911 2629 οὐχ
937 2552 1028 2632 αὑτῷ
1047 2550 1164 2631 σοφός·
1578 2565 1607 2606 ²⁰

240 2679 334 2746 quem
365 2680 493 2725 versum
526 2683 623 2726 senex
650 2661 819 2727 Praecilius
851 2660 957 2728 laudat
988 2661 1114 2746 egregie
1146 2669 1178 2727 et
1201 2661 1243 2727 ait
1264 2683 1358 2750 posse
1381 2663 1516 2729 eundem
1537 2673 1569 2730 ct

240 2753 312 2838 ἅμα
332 2755 470 2839 πρόσσω
495 2767 552 2822 καὶ
578 2760 705 2822 ὀπίσσω
727 2755 837 2821 videre
860 2763 1015 2820 ettamen
1038 2754 1241 2819 nibilominus

412 2870 491 2934 Aisa
512 2870 698 2955 ἀριστεύειν
717 2880 774 2935 καὶ
793 2871 969 2952 ὑπείροχον
995 2867 1134 2950 ἔμμεναι
1155 2867 1274 2933 ἄλλων.

241 2983 273 3046 3.
295 2977 371 3052 Sed.
393 2988 428 3045 ut
449 2978 577 3045 redeam
598 2979 638 3046 ad
660 2979 709 3056 id,
731 2978 814 3046 unde
836 2979 943 3066 coepi:
965 2977 1170 3043 vehementer
1193 2977 1267 3042 mibi
1290 2986 1414 3062 gratum]
1436 2979 1567 3054 leceris,

241 3073 268 3138 si
301 3072 383 3138 bunc
405 3071 635 3140 adolescentem
670 3073 858 3139 humanitate
880 3081 952 3146 tna,
986 3093 1067 3158 quac
1090 3081 1137 3136 est
1158 3070 1340 3156 singularis,
1364 3074 1607 3159 comprober-¹³

242 3166 327 3232 deris
349 3175 380 3231 et
402 3165 441 3231 ad
462 3166 516 3240 id,
547 3167 632 3256 quod
655 3172 797 3254 ipsorum
819 3167 1042 3233 Praeciliorum
1064 3186 1157 3231 causa
1179 3172 1208 3229 te
1230 3166 1310 3231 vello
1332 3164 1486 3240 arbitror,
1516 3168 1570 3232 ad-

241 3260 359 3325 dideris
380 3260 542 3327 cumulum
563 3260 843 3328 commendationis
864 3281 964 3326 meac.
1008 3263 1130 3325 Gencre
1153 3279 1235 3324 novo
1256 3279 1325 3323 sum
1340 3257 1515 3326 litterarum
1530 3261 1569 3327 ad

242 3362 271 3418 te
294 3375 388 3430 usus,
410 3363 445 3421 ut
465 3355 659 3441 intelligeres
680 3377 745 3420 non
766 3355 929 3440 vulgarem
951 3373 1020 3419 esse
1041 3351 1355 3419 commendationem.

702 3525 783 3588 ru.
825 3521 874 3607 μ.
900 3524 933 3588 u.
956 3523 988 3586 c.
1011 3523 1096 3594 roe.)

705 3646 849 3713 cronno
872 3646 1038 3710 cansam
1059 3645 1091 3710 s.
1580 3665 1609 3708 a

328 3781 356 3843 1.
386 3781 421 3842 P.
453 3779 599 3844 Crassum
628 3796 670 3842 ex
700 3780 787 3842 omni
814 3773 976 3841 nobilitate
1003 3773 1233 3840 adolescentem
1260 3773 1358 3840 dilexi
1380 3775 1569 3861 plurimum,

242 3880 335 3936 etex
357 3891 397 3936 eo
419 3891 491 3936 cum
523 3869 563 3936 ab
588 3871 716 3936 ineunte
740 3869 807 3936 eius
840 3876 942 3935 aetate
962 3866 1044 3934 benc
1065 3867 1289 3953 speravissem‚
1314 3879 1377 3934 tum
1400 3871 1499 3955 †per
1520 3893 1570 3936 me

243 3965 424 4030 existimare
457 3964 548 4051 coepi
579 3963 642 4048 [er]
678 3963 717 4029 iis
747 3963 887 4037 iudiciis,
921 3981 1001 4048 quac
1022 3961 1062 4026 de
1085 3981 1125 4026 eo
1146 3960 1287 4037 feceras,
1310 3962 1453 4048 cognitis.
1496 3965 1571 4030 Eius

242 4056 390 4149 libertum
411 4058 611 4144 Apollonium
629 4058 692 4122 iam
715 4067 780 4124 tum
800 4055 963 4144 equidem,
986 4076 1057 4121 cum
1078 4054 1130 4119 ille
1150 4055 1288 4130 viveret.
1312 4067 1343 4122 et
1360 4057 1464 4141 magni
1478 4057 1572 4122 lacie-
1682 4120 1688 4130 ,

243 4143 380 4218 bam'et
409 4150 593 4238 probabam.
653 4155 729 4216 Erat
758 4151 841 4216 cnim
865 4159 898 4214 et
918 4149 1077 4216 studiosus
1107 4151 1210 4216 Crassi
1233 4159 1265 4214 ct
1290 4150 1330 4216 ad
1357 4151 1424 4216 eius
1454 4151 1611 4239 optimass

243 4244 345 4312 studia
373 4245 576 4313 vehementer
600 4253 710 4330 aptus;
745 4244 852 4330 itaque
875 4242 916 4309 ab
944 4263 983 4308 eo
1010 4241 1179 4308 admodum
1204 4242 1403 4328 diligebatur.
1445 4251 1476 4311 1.
1499 4251 1573 4312 Post

243 4348 378 4405 mortem
401 4346 505 4404 autem
529 4338 633 4405 Crassi
659 4359 699 4403 eo
726 4337 802 4403 mibi
825 4337 919 4403 etiam
942 4334 1069 4420 dignior
1091 4333 1175 4400 visus
1202 4345 1266 4411 est,
1302 4359 1396 4423 quem
1419 4345 1450 4406 in
1477 4341 1571 4410 fidem

242 4443 336 4519 atque
359 4432 529 4498 amicitiam
555 4453 658 4498 meam
680 4433 871 4520 reciperem,
894 4428 980 4517 quod
1001 4449 1057 4495 eos
1084 4449 1157 4494 ase
1178 4429 1394 4499 observandos
1416 4443 1448 4499 et
1468 4433 1573 4500 colen-

312 4633 340 4683 7.
360 4633 409 4682 Em
421 4633 464 4684 bl:
483 4631 526 4683 Ba
539 4631 571 4684 3.
584 4657 615 4670 -
634 4632 662 4684 3.
675 4633 748 4684 soliti
757 4639 817 4684 runt
828 4631 986 4682 Lambinus.
1000 4655 1035 4664 -
1053 4629 1097 4680 11.
1110 4644 1186 4682 enoc
1197 4647 1255 4682 ινα.
1267 4657 1295 4668 -
1312 4633 1355 4683 13.
1370 4633 1450 4684 lianc
1463 4647 1573 4686 verram

237 4707 304 4766 post
323 4695 440 4755 ducebar
459 4704 549 4766 posuit
567 4701 598 4754 ll.
629 4729 661 4740 -
698 4718 737 4765 ως
754 4701 830 4768 φελη
848 4701 887 4752 11.
913 4725 947 4736 -
985 4699 1029 4750 ld.
1048 4701 1116 4750 idem
1133 4715 1173 4750 ms
1192 4701 1343 4753 somniatur
1360 4703 1408 4754 bl:
1438 4705 1516 4754 Mem
1532 4721 1573 4757 ma

244 4773 414 4822 consolantur
432 4773 463 4824 Ε.
492 4797 527 4806 -
562 4774 642 4824 etlam
669 4773 799 4822 bominem
823 4777 960 4834 perustum
986 4772 1131 4820 etiamnum
1147 4771 1235 4836 glorio
1253 4769 1297 4824 ld:
1326 4781 1349 4822 st
1367 4775 1422 4824 iona
1444 4775 1573 4827 borniorm

242 4850 395 4906 pernotant,
415 4843 491 4892 inani
508 4843 596 4907 plotio
614 4843 644 4894 li.
664 4868 693 4880 -
733 4842 776 4892 17.
795 4856 966 4906 εσομενοισι
984 4840 1021 4891 11.
1050 4863 1078 4874 -
1118 4839 1161 4891 13.
1184 4841 1233 4892 Sed
1250 4855 1290 4892 ma
1307 4845 1393 4893 minus
1412 4845 1451 4894 B:
1470 4845 1520 4896 Sed
1535 4848 1573 4898 mi

244 4914 331 4962 minor
349 4913 392 4970 11,
412 4911 566 4964 Sedminur
584 4911 615 4964 E.
637 4937 665 4949 -
704 4911 749 4962 11.
769 4926 878 4982 προσσι
896 4909 988 4960 111.-
1024 4910 1068 4960 31.
1088 4911 1231 4962 meoli:
1251 4913 1378 4964 desoss.
1416 4913 1471 4965 Cir.
1492 4917 1572 4968 lland

244 4982 326 5032 Tura.
346 4981 381 5031 11.
401 4996 428 5046 p.
447 4983 511 5034 311.
545 5009 576 5020 -
613 4989 668 5032 tam
684 4982 792 5046 parcan
811 4980 971 5041 sabbaim,
990 4988 1045 5032 tum
1064 4981 1160 5044 optima
1178 4981 1335 5033 Lambinus.
1355 5009 1389 5018 -
1425 4985 1471 5040 33.
1490 4989 1574 5039 seila

245 5051 290 5102 ll:
309 5053 343 5102 iia
360 5051 510 5105 umerum.
531 5075 565 5092 -·
601 5053 699 5118 {meror
716 5051 890 5114 Madvigiusr
909 5052 1021 5117 [ermom
1039 5049 1099 5103 1111.
1119 5076 1154 5085 -
1189 5051 1233 5104 at.
1254 5051 1363 5106 libanam
1379 5053 1417 5106 11.
