3666 5874
740 441 814 506 ΠΒ.
835 441 858 506 Ι.
901 443 961 506 ΕΡ.
983 441 1013 503 9.
1501 449 1540 512 19

215 600 398 667 devinctam
424 607 577 686 putarem.
630 605 738 686 ltaque
760 599 829 668 eius
850 598 937 664 omni
958 606 990 664 et
1010 597 1129 682 gratia,
1162 619 1243 684 quae
1264 621 1386 667 summa
1407 610 1474 678 est,
1509 615 1543 670 et

217 689 348 780 opibus,
371 713 448 778 qnas
469 692 617 778 intelligis
639 714 708 758 esse
730 692 897 767 maximas,
918 691 964 756 sic
982 690 1075 756 lruor
1092 701 1129 756 nt
1148 692 1237 760 mab.
1280 698 1343 758 Neo
1361 695 1436 762 mibi
1451 696 1542 764 aliter

217 787 358 874 potuisse
379 786 491 852 videor
511 785 675 853 bominum
695 786 891 873 perditorum
915 785 954 850 de
976 805 1027 850 me
1048 785 1180 850 consilia
1201 785 1367 871 frangere,
1389 788 1449 854 nisi
1470 809 1542 856 cum

217 880 383 969 praesidiis
403 881 460 956 iis,
491 901 572 967 quae
593 901 719 967 semper
738 879 854 954 habui,
877 899 959 944 nuno
981 879 1075 944 etiam
1096 879 1271 965 potentiam
1292 879 1542 956 benevolentiam

216 974 461 1042 coniunxissem.
505 978 558 1040 22.
585 974 642 1040 llis
671 995 730 1060 ego
758 973 913 1048 consiliis,
947 970 975 1038 si
1000 981 1031 1036 te
1060 983 1256 1058 praesentem
1277 973 1472 1050 habuissem,
1508 984 1568 1042 uta

217 1069 327 1156 opinio
349 1088 417 1132 mea
439 1068 517 1142 fert,
550 1088 652 1134 essem
673 1089 749 1133 usus
771 1066 900 1133 eisdem.
950 1065 1030 1132 Novi
1052 1066 1136 1130 enim
1165 1068 1402 1153 temperantiam
1424 1080 1456 1137 et
1476 1089 1543 1136 mo·

217 1160 413 1228 derationem
435 1168 564 1226 naturae
586 1169 672 1237 taae;
694 1160 768 1226 novi
782 1159 922 1226 animum
939 1180 1011 1226 cum
1026 1159 1102 1226 mibi
1114 1159 1353 1236 amicissimum,
1375 1171 1441 1228 tum
1460 1163 1545 1228 nulla

217 1255 251 1320 in
273 1263 396 1319 eeteros
417 1253 635 1320 malevolentia
655 1253 826 1328 suffusum,
857 1264 1029 1339 conuaque
1051 1273 1122 1318 cum
1143 1273 1291 1338 magnum
1312 1264 1344 1318 et
1365 1256 1545 1332 excelsum,

218 1347 397 1414 tumeliam
418 1355 562 1433 apertum
584 1356 615 1412 et
636 1346 819 1433 simplicem.
862 1347 935 1414 Vidi
958 1367 1018 1430 ego
1040 1345 1193 1433 quosdam
1213 1347 1248 1412 ia
1269 1356 1299 1413 te
1322 1348 1414 1425 tales,
1437 1349 1545 1436 quales

219 1452 254 1508 tu
276 1441 404 1506 eosdem
424 1441 458 1506 in
479 1462 531 1505 me
550 1440 660 1507 videre
680 1440 821 1527 potuisti.
864 1443 955 1518 Quae
972 1461 1023 1506 me
1039 1449 1222 1514 moverunt,
1245 1440 1415 1508 movissent
1436 1442 1584 1510 eademne

217 1544 249 1600 te
272 1534 424 1621 profecto.
468 1535 550 1611 Sed,
573 1555 762 1622 quocunque
784 1543 927 1620 tempore
941 1535 1018 1600 mibi
1035 1543 1171 1620 potestas
1186 1535 1360 1619 praesentis
1375 1535 1420 1604 tui
1440 1534 1546 1612 fuerit,

218 1639 253 1696 tu
285 1627 348 1693 eris
380 1628 521 1694 omnium
548 1629 732 1695 moderator
758 1627 962 1694 consiliorum
984 1647 1146 1705 meorum;
1182 1627 1239 1694 tibi
1260 1627 1320 1694 erit
1342 1629 1460 1704 eidem,
1496 1631 1548 1698 eui

162 1761 169 1774 ·
218 1722 302 1788 salus
324 1742 393 1787 mea
413 1719 486 1798 tuit,
508 1722 601 1788 etiam
621 1722 756 1807 dignitas
777 1743 883 1788 curae.
925 1727 976 1788 llo
991 1721 1117 1808 quidem
1138 1730 1223 1787 certe
1238 1734 1363 1788 tuarum
1380 1724 1547 1798 actionum,
1644 1763 1671 1856 p

218 1815 461 1892 sententiarum,
493 1816 705 1891 voluntatum,
737 1836 847 1882 rerum
876 1815 1011 1903 denique
1034 1815 1174 1882 omnium
1197 1815 1318 1902 socium
1339 1815 1549 1903 comitemque
1633 1857 1648 1912 5

219 1907 367 1988 babebis;
401 1929 503 1996 neque
523 1909 599 1974 mibi
620 1909 652 1974 in
674 1909 761 1975 omni
785 1907 847 1974 vita
871 1918 1007 1975 restam
1029 1909 1090 1974 erit
1108 1907 1172 1974 ulla
1197 1899 1375 1995 pro‘posita,
1394 1909 1492 1997 quam
1513 1919 1587 1978 utta

218 2003 361 2090 quotidie
382 2002 597 2070 vehementius
620 2013 650 2070 te
673 2003 712 2068 de
731 2023 782 2068 me
804 2003 923 2086 optime
943 2003 1091 2068 meritum
1112 2023 1182 2068 esse
1206 2003 1335 2068 laetere.
1379 2007 1431 2070 23.
1454 2003 1548 2082 Quod

218 2118 334 2183 rogas,
356 2105 391 2162 ut
412 2117 482 2162 mea
504 2096 560 2164 tibi
575 2097 691 2184 scripta
706 2097 841 2172 mittam,
864 2118 944 2183 qnae
961 2105 1033 2182 post
1047 2096 1217 2163 discessum
1235 2104 1324 2162 tuum
1343 2099 1549 2184 scripserim,

219 2201 292 2257 sunt
315 2189 475 2256 orationes
500 2191 671 2278 quaedam,
708 2212 786 2277 quas
811 2191 985 2258 Menocrito
1010 2189 1109 2264 dabo,
1146 2211 1248 2277 neque
1275 2191 1318 2257 ita
1339 2191 1472 2270 multae;
1508 2215 1549 2259 ne

218 2285 431 2371 pertimescas.
476 2284 593 2370 Scripsi
615 2283 709 2348 etiam
734 2315 774 2327 -
797 2285 984 2350 nemetiam
1002 2285 1041 2350 ab
1059 2283 1254 2350 orationibus
1270 2285 1399 2371 diiungo
1415 2308 1466 2351 me
1482 2287 1550 2354 fere

219 2378 389 2466 referoque
410 2377 451 2442 ad
472 2376 698 2444 mansuetiores
716 2383 836 2454 Musas,
870 2397 951 2464 quae
982 2399 1032 2442 me
1054 2377 1191 2442 maxime
1216 2383 1297 2444 sicut
1321 2379 1384 2445 iam
1407 2401 1425 2444 a
1448 2381 1587 2466 primam

220 2471 429 2538 adolescentia
459 2471 653 2538 delectarunt
680 2507 720 2518 -
752 2469 862 2557 scripsi
883 2470 981 2555 igitur
1001 2469 1182 2538 Aristotelio
1204 2493 1314 2548 more,
1346 2474 1549 2560 quemadmo

220 2566 296 2632 dum
318 2566 444 2652 quidem
477 2565 582 2641 volui,
618 2575 683 2632 tres
715 2563 813 2630 libros
837 2565 869 2630 in
896 2564 1103 2650 disputatione
1126 2585 1163 2630 ac
1183 2565 1308 2651 dialogo
1331 2567 1370 2632 de
1394 2569 1549 2644 Oratore,

220 2680 301 2748 quos
325 2659 465 2726 arbitror
486 2660 620 2726 Lenttdo
650 2669 705 2726 tuo
738 2657 808 2724 lore
830 2679 893 2724 non
915 2659 1050 2726 inutiles.
1104 2657 1283 2726 ebbonem
1314 2661 1398 2726 enim
1424 2683 1442 2726 a
1464 2683 1550 2733 com·

220 2752 368 2820 munibus
390 2755 582 2842 praeceptis,
604 2763 698 2842 atque
720 2775 845 2820 omnem
867 2753 1129 2840 antiquorumet
1148 2753 1359 2820 Aristoteliam
1381 2766 1413 2820 et
1429 2760 1550 2822 leocra-

220 2846 297 2914 tiam
318 2846 472 2913 rationem
490 2849 662 2914 oratoriam
676 2849 935 2935 complectuntur.
979 2847 1096 2933 Scripsi
1108 2845 1201 2912 etiam
1216 2845 1360 2913 versibus
1372 2857 1435 2913 tres
1450 2847 1588 2915 librasse

221 2941 261 3008 de
282 2939 478 3028 temporibus
501 2942 594 3018 meis,
627 2963 707 3030 qnos
729 2943 791 3008 iam
813 2941 935 3027 pridem
956 2939 996 3006 ad
1018 2951 1048 3006 te
1070 2940 1240 3014 misissem,
1269 2939 1388 3010 siesse
1410 2940 1549 3008 edendos

222 3046 379 3122 putassem
419 3069 458 3080 ·-
495 3045 566 3102 sunt
594 3036 677 3102 enim
711 3045 805 3101 testes
837 3044 869 3100 et
907 3041 999 3098 erunt
1038 3033 1220 3119 sempiterni
1255 3032 1440 3099 meritorum
1475 3055 1550 3120 erga

222 3150 273 3196 me
300 3138 428 3194 tuorum
462 3151 612 3217 meaeque
656 3130 777 3216 pietatis
799 3152 855 3207 -ς
886 3126 942 3194 sed
971 3126 1045 3212 qnia
1067 3125 1203 3192 verebar
1237 3147 1301 3192 non
1333 3146 1405 3200 eos,
1440 3127 1494 3214 qui
1515 3147 1549 3196 se

222 3223 324 3288 laesos
343 3222 572 3289 arbitrarentur
594 3223 718 3306 (etenim
740 3222 772 3289 id
787 3221 847 3288 leci
869 3241 963 3306 parce
979 3227 1010 3282 et
1029 3218 1196 3299 molliter),
1219 3218 1274 3282 sed
1292 3239 1366 3294 eos,
1390 3241 1470 3305 qnos
1483 3227 1550 3285 erat

222 3315 376 3383 inlinitum
395 3317 477 3383 bene
497 3317 536 3382 de
556 3339 606 3382 me
620 3317 750 3382 meritos
764 3335 874 3382 omnes
892 3311 1064 3377 nominare.
1109 3314 1197 3390 Quos
1218 3321 1322 3377 umen
1344 3311 1429 3397 ipsos
1441 3312 1587 3386 librasse

223 3410 249 3474 si
282 3431 392 3496 quem,
427 3411 478 3476 eui
502 3421 586 3478 recte
622 3411 834 3485 committam,
868 3408 1034 3481 invenero,
1069 3405 1188 3472 curabo
1212 3406 1250 3471 ad
1280 3416 1311 3472 te
1334 3407 1549 3493 perferendos.

223 3508 324 3589 Atque
344 3503 435 3570 istam
458 3504 583 3590 quidem
613 3515 734 3590 partem
756 3504 838 3570 vitae
860 3500 1157 3587 consuetudinisque
1182 3509 1308 3566 nostrae
1330 3509 1425 3566 totam
1450 3501 1489 3568 ad
1512 3511 1549 3569 ,te

223 3596 344 3662 desero.
398 3600 557 3676 Quantum
576 3597 707 3672 litteris,
730 3606 881 3684 qnantum
904 3595 1030 3671 studiis,
1057 3593 1217 3661 veteribus
1236 3595 1353 3660 nostris
1371 3593 1548 3662 delectatio·

223 3688 330 3764 nibus,
353 3690 504 3776 consequi
518 3691 707 3776 poterimus,
730 3690 763 3757 id
781 3710 876 3755 omne
892 3688 931 3755 ad
949 3688 1113 3756 arbitrium
1129 3699 1237 3763 tuum,
1260 3689 1315 3776 qui
1333 3688 1410 3754 baec
1424 3710 1549 3775 semper

224 3783 347 3858 amasti,
370 3782 572 3850 libentissime
594 3784 803 3852 censeremus.
853 3787 905 3850 24.
928 3786 1017 3861 Quae
1043 3783 1153 3848 adme
1176 3783 1215 3848 de
1237 3783 1298 3850 tuis
1322 3781 1419 3848 rebus
1440 3781 1585 3850 dome-es

224 3877 307 3944 sticis
319 3876 431 3942 scribis
442 3899 585 3966 quaeque
596 3877 673 3944 mibi
680 3876 890 3951 commendas,
905 3898 942 3942 ea
954 3885 1055 3943 tantae
1065 3875 1141 3943 mibi
1150 3885 1333 3950 curaesunt,
1348 3887 1440 3942 utme
1452 3876 1548 3944 nolim

224 3968 404 4046 admoneri,
435 3971 542 4056 rogari
564 3993 641 4038 vero
662 3972 730 4038 sine
752 3991 866 4056 magno
890 3969 1001 4036 dolore
1018 3970 1071 4036 vix
1092 3971 1221 4057 possim.
1265 3969 1360 4049 Quod
1381 3969 1420 4036 de
1440 3971 1549 4048 Quinti

225 4063 329 4128 fratris
352 4064 478 4148 negotio
500 4065 612 4132 scribis
631 4077 660 4131 te
689 4064 797 4151 priore
820 4073 952 4138 aestate,
986 4062 1073 4150 quod
1094 4063 1208 4130 morbo
1233 4063 1401 4150 impeditus
1423 4063 1456 4129 in
1478 4064 1548 4130 Cili·

224 4156 304 4222 ciam
325 4159 583 4234 neumanensis,
605 4159 760 4225 conficere
781 4179 843 4224 non
863 4156 1018 4243 pontisse,
1041 4177 1125 4222 nunc
1137 4167 1242 4223 autem
1262 4157 1366 4223 omnia
1381 4155 1546 4232 iacturum,

225 4260 259 4316 ut
280 4249 442 4318 coniicias:
464 4251 497 4318 id
518 4252 597 4318 scito
623 4273 691 4317 esse
717 4249 886 4322 eiusmodi,
908 4259 943 4316 ut
965 4249 1062 4316 lrater
1082 4273 1171 4318 meus
1197 4273 1272 4318 vere
1292 4251 1468 4327 existimet,
1491 4251 1584 4322 adro

226 4343 330 4411 iuncto
356 4344 418 4412 isto
449 4345 547 4411 lundo
575 4345 798 4434 patrimonium
826 4343 895 4410 fore
917 4366 1009 4410 suum
1035 4365 1094 4432 per
1112 4355 1144 4411 te
1165 4347 1375 4414 constitutum.
1426 4352 1475 4414 Tu
1495 4367 1547 4412 me

292 4555 319 4605 5.
338 4554 378 4603 bis
396 4567 441 4618 epo
458 4557 521 4604 mdc
538 4555 652 4605 comitiis
664 4555 730 4606 Cod.
749 4553 885 4612 Santonii,
905 4553 938 4603 ad
957 4553 1113 4605 Terentian.
1135 4570 1162 4618 p.
1176 4555 1236 4606 279.
1254 4583 1282 4593 -
1303 4556 1330 4606 7.
1350 4571 1407 4606 cam
1425 4556 1470 4607 M:
1491 4562 1547 4605 tum

225 4621 256 4673 tt.
277 4649 308 4660 —
343 4625 373 4674 2.
392 4621 457 4688 tum]
482 4631 543 4674 tuna
567 4626 604 4676 Μ.
625 4649 655 4662 -
684 4625 727 4675 ta.
751 4624 894 4675 Menecrate·
916 4625 1349 4688 ructoreblanutioltlrrt.Lag.
1371 4627 1547 4676 -19.nam

225 4694 304 4744 etlam
321 4692 366 4745 ta:
394 4708 457 4744 nam
476 4694 507 4744 li.
535 4695 607 4746 Fert.
632 4710 696 4745 nam
719 4709 759 4744 me
782 4697 837 4744 iam
855 4693 887 4744 ab
906 4694 1070 4745 orationibus
1093 4697 1201 4759 diionqo
1219 4697 1281 4760 (ere.
1302 4695 1352 4747 On.
1375 4719 1404 4732 -
1423 4711 1463 4746 me
1481 4699 1546 4746 ante

223 4763 276 4828 {ere
293 4777 348 4814 om.
370 4777 412 4828 pr.
439 4765 477 4816 Μ.
498 4788 528 4800 -
566 4767 609 4816 at.
636 4767 797 4816 delectarunt
823 4763 869 4814 bt:
897 4763 1023 4814 &balent
1054 4765 1085 4815 li.
1106 4793 1134 4803 -
1168 4765 1319 4816 Aristotelio
1343 4765 1390 4816 bt:
1421 4767 1546 4820 Aristocr-

225 4834 264 4882 leo
291 4833 321 4884 Ε.
352 4857 384 4870 -
421 4835 465 4884 22.
490 4836 520 4884 tn
542 4838 719 4899 disputatione
743 4850 775 4885 ao
797 4833 1075 4898 dialopodel.b1art.
1101 4835 1166 4897 Lag.
1197 4860 1231 4870 -
1267 4835 1311 4884 et.
1330 4843 1408 4900 atque
1427 4837 1484 4886 Vb:
1513 4839 1546 4890 ab

226 4918 267 4969 pr.
286 4905 331 4960 Μ,
357 4917 389 4952 ac
405 4903 462 4959 Va.
490 4911 515 4956 ct
534 4905 554 4955 Ε
573 4920 634 4956 cum
654 4920 724 4955 corr.
744 4905 781 4957 Μ.
803 4927 836 4940 ·-
874 4905 1053 4956 Aristoteliam
1071 4916 1095 4956 et
1115 4907 1270 4955 Isocratiam
1287 4905 1334 4956 bl:
1366 4907 1546 4959 trutoteteam

225 4981 249 5024 et
263 4975 422 5024 leocrateom
440 4975 470 5024 E.
492 5002 523 5012 —
542 4975 586 5026 28.
606 4977 670 5040 qaia
688 4981 797 5026 auctore
817 4977 839 5025 l.
859 4976 889 5024 1².
909 4975 1045 5026 Gronovio
1063 4977 1117 5026 del.
1138 4977 1215 5027 biart.
1237 4976 1302 5039 Lag.
1323 5001 1353 5010 -
1373 4976 1416 5026 ab.
1437 4979 1473 5028 od
1489 4995 1544 5031 orn.

226 5058 267 5108 pr.
287 5043 325 5095 Μ.
353 5066 384 5080 -
421 5044 465 5094 36.
494 5043 595 5108 tamea]
621 5055 645 5097 et
669 5054 731 5097 ante
756 5059 797 5110 pr.
821 5046 866 5106 Μ,
896 5053 924 5096 at
949 5053 973 5096 et
997 5054 1059 5096 ante
1082 5061 1153 5096 corr.
1179 5047 1216 5100 Μ.
1247 5070 1277 5082 -
1302 5048 1355 5096 rint
1383 5061 1423 5110 pr.
1443 5047 1478 5099 Μ.
1515 5075 1545 5086 -

226 5113 270 5164 37.
287 5117 385 5178 poartrn
404 5113 449 5166 tte
475 5129 581 5179 passam
600 5116 629 5166 li.
