3656 5868
566 387 578 414 ⁸
700 437 1023 502 mmmm
1468 441 1508 504 u

192 613 391 684 quascunque
406 591 490 658 vires
509 589 652 667 babebit,
675 591 715 658 cb
736 592 774 658 iis
796 593 887 680 ipsis,
909 591 1023 680 quibus
1044 603 1182 668 tenetur,
1205 594 1244 661 de
1263 607 1293 663 te
1313 596 1508 684 propediem.

191 689 395 762 mihicrede,
429 686 619 773 impetrabit.
662 691 691 753 6.
714 687 820 754 Redeo
846 687 943 773 igitur
967 685 1005 752 ad
1025 687 1074 763 id,
1096 697 1132 754 ut
1155 689 1219 754 iarn
1243 689 1298 755 tibi
1327 692 1421 758 etiam
1442 692 1510 779 pol-

190 785 285 849 licear
309 781 444 869 aliquid,
477 781 564 868 quod
585 781 689 869 primo
715 786 894 848 omiseram.
935 786 1013 847 Nam
1029 789 1060 846 et
1084 784 1274 870 complectar
1291 784 1358 849 eius
1380 785 1511 850 familia-

190 878 346 952 rissimos,
369 877 423 963 qui
444 897 494 941 me
511 875 680 942 admodum
696 875 829 961 diligunt
847 874 1041 961 multumque
1057 897 1179 942 mecum
1202 887 1288 953 suot,
1312 887 1343 943 et
1364 880 1397 944 in
1412 879 1510 966 ipsius
1586 911 1590 922 ·

190 971 462 1047 consuetudinem,
485 992 578 1058 quam
600 971 701 1036 adhuc
720 991 808 1036 meus
828 969 931 1056 pudor
950 969 1027 1035 mibi
1044 971 1172 1047 elausit,
1194 970 1360 1038 insinuabo
1382 983 1413 1038 et
1426 983 1534 1040 certes

189 1086 299 1132 omues
320 1065 385 1132 vias
415 1085 605 1152 persequar,
633 1064 747 1152 quibus
771 1061 888 1149 putabo
913 1062 952 1128 ad
976 1063 1028 1142 id,
1052 1063 1138 1151 quod
1161 1066 1321 1141 volumus,
1344 1067 1511 1152 pervenire

188 1181 293 1248 posse.
350 1165 386 1226 lu
407 1160 468 1225 boe
490 1171 556 1226 toto
578 1181 693 1245 genere
715 1158 806 1245 plura
828 1156 957 1230 faciam,
981 1180 1075 1244 quarn
1093 1157 1232 1224 scribere
1250 1159 1370 1237 audeo;
1393 1170 1511 1225 cetera·

189 1278 267 1343 que,
291 1277 372 1343 quae
390 1253 448 1320 tibi
470 1276 489 1320 a
506 1254 611 1321 multis
628 1261 773 1341 prompta
795 1272 863 1317 esse
886 1263 974 1318 certo
997 1253 1079 1328 scio,
1101 1274 1188 1319 ame
1207 1264 1279 1320 sunt
1299 1255 1511 1341 paratissima;

188 1350 264 1416 nibil
287 1350 320 1414 in
341 1371 377 1414 re
397 1347 545 1414 familiari
566 1355 718 1421 nonest,
752 1343 836 1433 quod
864 1366 923 1430 ego
948 1366 1053 1411 meum
1081 1347 1185 1413 malim
1206 1369 1274 1414 esse
1296 1371 1389 1434 quam
1414 1358 1512 1416 tuum.

188 1448 253 1510 Hac
277 1443 315 1509 de
331 1465 366 1508 re
382 1442 463 1508 etde
477 1441 538 1507 boe
557 1462 672 1528 genere
688 1448 753 1506 toto
770 1439 830 1504 boc
841 1439 946 1504 scribo
959 1441 1103 1527 parcius,
1126 1442 1211 1528 quod
1226 1450 1272 1517 te,
1294 1442 1327 1509 id
1341 1444 1426 1530 quod
1443 1445 1511 1533 ipse
1524 1461 1549 1502 u

130 1585 133 1592 -
189 1535 330 1611 conlido,
354 1557 482 1623 sperare
500 1535 583 1600 malo
605 1545 635 1601 te
650 1555 718 1600 esse
739 1555 872 1599 usurum
888 1533 959 1599 tuis.
1003 1538 1032 1600 7.
1054 1539 1237 1601 Extremum
1253 1535 1329 1602 illud
1345 1547 1409 1612 est,
1431 1547 1467 1604 ut
1481 1547 1511 1602 te

188 1651 280 1696 orem
302 1637 333 1695 et
350 1627 531 1702 obsecrem,
554 1629 660 1694 animo
678 1637 712 1693 ut
731 1627 871 1693 maximo
892 1627 934 1694 sis
954 1649 1012 1693 nec
1030 1650 1067 1694 ea
1090 1629 1191 1694 solum
1212 1631 1408 1705 memineris,
1432 1654 1511 1719 quae

188 1724 226 1790 sb
246 1723 317 1790 aliis
338 1729 457 1808 magnis
477 1723 553 1789 viris
575 1721 738 1809 accepisti,
770 1720 824 1786 sed
842 1721 893 1786 illa
920 1721 1030 1798 etiam,
1063 1744 1142 1809 quae
1160 1723 1227 1809 ipse
1246 1723 1372 1810 iugenio
1394 1728 1513 1794 studio·

188 1841 249 1906 que
270 1817 431 1904 peperisti.
477 1819 566 1896 Quae
588 1818 615 1884 si
637 1816 774 1898 colliges,
796 1826 827 1880 et
848 1815 989 1903 sperabis
1008 1821 1113 1882 omnia
1134 1817 1251 1904 optime
1277 1829 1307 1884 et
1332 1842 1412 1907 quae
1433 1821 1513 1887 acci-

188 1911 279 1986 dent,
302 1910 530 1998 qualiacunque
543 1919 649 1983 erunt,
673 1909 829 1996 sapienter
849 1907 943 1974 feres.
987 1908 1049 1974 Sed
1062 1909 1138 1974 baec
1154 1921 1188 1975 tu
1203 1913 1314 1977 melius
1332 1915 1383 1979 vel
1393 1915 1511 2002 optimc
1525 1929 1550 1968 ¹⁵

188 2005 341 2072 omnium.
385 2009 470 2090 Ego,
493 2025 572 2091 quoe
586 2005 744 2091 pertinere
760 2001 800 2067 ad
820 2009 851 2066 te
865 2001 1052 2086 intelligam,
1075 2002 1301 2070 studiosissime
1320 2007 1425 2072 omnia
1443 2007 1513 2073 dili-

188 2099 432 2186 gentissimeque
465 2097 584 2164 curabo
620 2106 810 2182 tuorumque
838 2093 1017 2162 tristissimo
1048 2116 1121 2163 meo
1154 2105 1296 2184 tempore
1325 2100 1511 2167 meritorum

188 2213 262 2279 erga
288 2213 338 2260 me
359 2192 544 2258 memoriam
565 2189 770 2258 conservabo.

648 2331 1042 2414 nemnem)

546 2449 587 2512 u.
610 2446 753 2513 uerno
776 2447 807 2509 s
829 2448 866 2509 o.
890 2447 949 2511 cu.
971 2447 1150 2512 renuero.
1520 2477 1549 2518 n

275 2570 304 2633 1.
326 2565 418 2632 Biuus
447 2586 466 2633 a
496 2573 527 2632 te
549 2567 654 2654 accepi
676 2566 810 2642 litteras,
848 2569 983 2654 Corcyra
1013 2565 1115 2632 dates:
1146 2587 1280 2657 quarum
1302 2569 1409 2637 alteris
1435 2571 1511 2637 mibi

188 2660 403 2749 gratulabare‚
436 2660 522 2748 quod
553 2661 693 2727 audisses
722 2680 773 2725 me
806 2679 909 2725 meam
936 2661 1100 2747 pristinam
1136 2661 1317 2748 dignitatem
1351 2663 1509 2744 obtinerc;

188 2757 296 2824 alteris
316 2753 441 2822 dicebas
466 2764 496 2820 te
517 2755 616 2830 velle,
648 2775 728 2842 quae
753 2753 900 2840 egissem,
937 2751 1017 2819 bene
1040 2763 1072 2819 et
1093 2754 1228 2822 feliciter
1253 2758 1389 2823 evenire.
1443 2763 1510 2844 Ego

189 2861 310 2924 autem,
332 2849 359 2914 si
380 2848 513 2934 dignitas
540 2858 587 2915 est
608 2849 688 2914 bene
711 2849 805 2914 dere
826 2847 952 2934 publica
971 2847 1088 2914 sentire
1113 2857 1144 2914 et
1159 2849 1263 2916 bouis'
1276 2851 1353 2916 viris
1373 2850 1509 2938 probare

189 2944 275 3032 quod
297 2943 432 3018 sentias,
461 2941 589 3008 obtineo
616 2941 798 3028 dignitatem
819 2961 940 3018 meam;
973 2940 1021 3006 sin
1045 2951 1148 3008 autem
1169 2943 1202 3008 in
1224 2963 1263 3009 eo
1288 2944 1420 3031 dignitas
1445 2954 1548 3018 est‚²³

189 3039 229 3112 si,
252 3034 341 3124 quod
365 3037 498 3112 sentias,
536 3046 645 3102 autre
667 3037 789 3102 ellicere
809 3035 911 3121 possis
933 3042 986 3101 aut
1010 3033 1146 3123 denique
1166 3035 1266 3103 libera
1291 3038 1433 3104 oratione
1455 3038 1511 3104 do-

188 3130 340 3206 lendere‚
363 3151 402 3195 ue
422 3130 588 3216 vestigium
611 3130 738 3219 quidem
761 3129 861 3195 ullum
886 3135 934 3193 est
957 3127 1115 3214 reliquum
1142 3129 1234 3196 nobis
1257 3129 1423 3216 dignitatis,
1445 3131 1511 3216 agi-

190 3233 304 3311 turque
326 3222 504 3310 praeclare,
527 3223 554 3288 si
578 3223 804 3311 nosmetipsos
823 3243 935 3309 regere
958 3244 1142 3310 possumus;
1163 3236 1198 3291 ut
1219 3246 1272 3301 ea,
1295 3246 1375 3313 quae
1397 3225 1510 3311 partim

188 3317 251 3383 iam
277 3315 404 3392 adsunt,
433 3316 548 3403 partim
571 3315 767 3404 impendent,
789 3316 949 3382 moderate
968 3315 1122 3384 seramus:
1154 3317 1239 3406 quod
1261 3328 1308 3384 cst
1330 3318 1454 3385 difficile
1477 3320 1510 3386 in

189 3410 345 3476 eiusmodi
366 3407 467 3484 bello,
490 3409 580 3476 cuius
601 3411 704 3476 exitus
727 3431 768 3475 ex
787 3410 885 3476 ultera
905 3418 995 3497 parte
1024 3409 1152 3476 caedem
1172 3420 1321 3489 ostentat,
1345 3433 1386 3477 ex
1411 3413 1546 3478 dieraco

192 3505 384 3571 servitutem.
435 3507 465 3570 2.
496 3506 568 3581 Quo
588 3505 621 3570 iu
645 3505 787 3592 periculo
803 3503 944 3570 nonnihil
966 3525 1017 3567 me
1041 3504 1236 3582 consolatur,
1263 3526 1335 3571 cum
1355 3507 1510 3574 recordor

192 3599 269 3664 baec
289 3619 340 3662 me
364 3606 430 3662 tum
451 3597 584 3674 vidisse,
617 3620 689 3664 cum
710 3598 861 3664 secundas
887 3598 979 3662 etiam
1005 3618 1057 3662 res
1078 3606 1216 3675 nostras,
1249 3620 1312 3664 non
1337 3601 1432 3668 modo
1456 3603 1510 3668 ad·

191 3714 315 3766 versas,
330 3691 590 3779 pertimescebam
600 3691 828 3779 videbamque,
845 3699 961 3778 quanto
974 3689 1116 3777 periculo
1128 3689 1166 3756 de
1185 3691 1255 3757 iure
1270 3691 1396 3779 publico
1410 3694 1509 3760 disce-

187 3797 330 3873 ptaretur
340 3786 444 3852 armis.
469 3784 591 3863 Quibus
605 3786 633 3853 si
646 3785 668 3851 ii
686 3785 843 3860 vicissent,
858 3784 897 3849 ad
909 3805 989 3873 quos
1005 3805 1064 3870 ego
1077 3784 1163 3871 pacis
1175 3806 1240 3873 spe,
1256 3806 1319 3851 non
1334 3785 1408 3854 belli
1423 3789 1510 3876 cupi-

190 3881 285 3947 ditate
304 3878 457 3946 adductus
480 3901 690 3956 accesseram,
713 3889 817 3945 tamen
832 3877 1054 3964 intelligebam,
1078 3888 1109 3944 et
1129 3879 1281 3946 iratorum
1297 3879 1458 3947 bominum
1478 3892 1546 3949 et³³

190 3973 377 4061 cupidorum
388 3982 419 4038 et
432 3972 633 4039 insolentium
643 3995 737 4062 quam
747 3971 883 4038 crudelis
894 3982 976 4037 esset
989 3970 1094 4037 lutura
1104 3973 1251 4051 victoria;
1261 3973 1308 4038 sin
1318 3985 1420 4041 autem
1435 3976 1509 4042 vieti

190 4076 306 4140 essent,
317 4075 450 4154 quantus
468 4065 612 4132 interitus
628 4076 710 4132 esset
719 4066 845 4132 iuturus
856 4065 971 4130 civium
982 4065 1097 4151 partim
1107 4065 1381 4152 amplissimorum,
1393 4069 1507 4155 partim

192 4161 284 4226 etiam
296 4160 503 4247 optimorum,
516 4160 571 4248 qui
579 4180 630 4225 me
638 4159 714 4226 baec
721 4158 951 4247 praedicentem
959 4168 1053 4245 atque
1064 4160 1181 4246 optimc
1192 4161 1404 4227 consulentem
1415 4163 1507 4229 saluti

190 4275 263 4320 suae
280 4253 439 4321 malebant
453 4254 585 4320 nimium
595 4254 738 4320 timidum
754 4272 847 4340 quam
861 4251 936 4317 satis
947 4251 1133 4338 prudentem
1148 4253 1331 4322 existimari.
1360 4262 1390 4324 3.
1414 4257 1507 4337 Quod

190 4356 293 4413 autem
311 4346 388 4412 mibi
408 4347 447 4412 de
466 4369 522 4422 eo,
554 4346 640 4435 quod
657 4347 794 4432 egerim,
816 4345 1000 4432 gratularis,
1021 4354 1052 4411 te
1075 4346 1119 4413 ita
1138 4347 1218 4413 velle
1239 4359 1325 4415 certo
1344 4350 1428 4428 scio;
1452 4348 1545 4415 seusu

191 4461 251 4527 ego
266 4451 330 4506 tam
352 4441 469 4506 misero
494 4450 636 4526 tempore
658 4439 735 4504 nibil
753 4440 828 4506 novi
848 4439 971 4506 consilii
992 4441 1162 4527 cepissem,
1185 4441 1245 4506 nisi
1266 4442 1299 4506 in
1318 4442 1420 4508 reditu
1435 4463 1507 4509 meo

189 4535 287 4602 nihilo
304 4534 453 4600 meliores
473 4555 526 4600 res
546 4534 733 4601 domesticas
753 4555 847 4622 quam
865 4533 1110 4620 rempublicam
1130 4533 1341 4601 offendissem.
1385 4536 1507 4614 Quibus

190 4629 273 4694 enim
293 4650 352 4717 pro
377 4630 456 4695 meis
475 4626 704 4695 immortalibus
724 4626 885 4694 beneficiis
898 4622 1072 4714 (carissima
1092 4649 1162 4694 mea
1188 4629 1273 4695 salus
1292 4637 1324 4694 et
1337 4649 1427 4694 meae
1442 4628 1508 4696 lor-

257 4829 284 4879 l.
303 4841 322 4878 c
339 4826 731 4892 montanistarumque.
751 4825 829 4878 llaud
850 4826 1002 4891 adWopk.
1025 4842 1051 4892 p.
1071 4827 1098 4878 7.
1132 4851 1162 4864 -
1199 4827 1226 4878 3.
1251 4828 1406 4892 complector
1424 4829 1455 4880 B.
1476 4855 1507 4868 -

190 4894 218 4946 d.
234 4899 366 4959 perueniri
382 4897 539 4948 Lambinus.
569 4923 600 4934 -
636 4899 1098 4962 ¹1.uteruqus,quccrd:oora,
1125 4911 1191 4961 quas
1211 4897 1241 4949 Β.
1263 4921 1294 4934 -
1332 4900 1375 4950 11.
1394 4901 1465 4950 moto
1484 4907 1509 4952 tc

191 4979 243 5016 csse
266 4968 311 5018 ll:
337 4967 427 5024 molo,
451 4982 501 5019 ms
527 4968 557 5018 li.
592 4992 621 5005 -
660 4967 704 5018 13.
729 4963 809 5029 mun]
840 4975 922 5017 ortem
948 4967 985 5018 Μ.
1014 4994 1043 5005 -
1081 4963 1169 5030 riolci
1195 4967 1233 5020 Μ.
1261 4993 1293 5006 -
1318 4969 1373 5019 f'2t.
1393 4970 1509 5035 Corcyra

191 5035 443 5101 otranni-trgum:
468 5037 596 5102 Corcyrae
618 5037 679 5090 ΜΕ.
712 5062 742 5075 --
779 5037 823 5088 22.
842 5037 1009 5103 protulubm
1032 5037 1071 5090 Μ.
1099 5059 1123 5073 -
1159 5037 1206 5089 dd.
1224 5039 1246 5088 o·
1262 5039 1382 5092 uouerat
1401 5040 1508 5093 Lumbi·

191 5107 727 5171 retrocessionemotctuenttttt.
1173 5103 1175 5110 '

273 5215 345 5256 cicero
359 5213 382 5254 Τ.
397 5215 431 5255 m
1278 5188 1298 5250 5
