3666 5874
293 373 337 421 xi.

295 519 385 587 teria
401 517 475 588 Lib.
497 515 539 605 2,
564 518 608 603 8,
628 514 664 586 2.
690 514 778 606 opp.
797 538 830 607 p.
852 516 961 608 281.;
987 521 1134 590 lmiioiur
1154 523 1243 610 idpp.
1261 522 1306 590 ad
1332 519 1372 607 Q.
1386 523 1523 592 lrairem
1546 525 1619 594 Lib.

296 622 331 690 8.
350 624 414 710 ldp.
436 618 472 690 7.
500 642 580 715 pag.
606 617 697 691 290.
728 624 837 716 Lugd.
868 623 910 692 cl'
934 626 1022 714 bipp.
1052 626 1310 696 Pseudo-Bruti
1339 626 1471 696 111117.
1498 627 1619 718 Epi.

293 745 372 818 pag.
394 725 486 794 243.
504 726 613 820 Inugd.

379 828 478 914 Quod
502 849 576 900 cum
602 833 750 914 eonsiet,
782 831 841 900 vix
866 831 961 901 iidem
988 839 1135 904 mercior
1149 836 1382 926 Vespasianus
1401 836 1620 918 Florentinus
1705 835 1710 846 '

295 939 330 1004 in
355 935 480 1027 Poggii
505 934 586 1003 Vita
611 927 719 1020 (Maii
742 933 867 1026 SpicIl.
887 938 914 1005 I.
931 953 963 1022 p.
986 931 1116 1024 balab
1143 938 1240 1010 Pare
1262 962 1287 1009 a
1314 937 1495 1012 Ooslcrtza
1523 937 1620 1028 (eloe

294 1031 526 1132 oSangnllo]
553 1045 751 1132 troecromi
774 1041 806 1108 le
829 1043 957 1129 piciclo
981 1043 1162 1113 dt'lbiito
1189 1047 1238 1113 cd
1251 1043 1389 1138 Attico,
1416 1047 1505 1114 delle
1524 1048 1620 1139 quoii

293 1165 364 1215 non
390 1144 435 1213 loo
455 1149 602 1212 oroiialo.
644 1145 757 1233 Ipsam
782 1165 851 1214 rem
877 1165 952 1216 curn
983 1146 1192 1218 dubitatione
1214 1150 1257 1219 ab
1279 1169 1320 1217 eo
1344 1153 1474 1220 namuri
1497 1152 1604 1220 vides.

376 1248 562 1337 Deperdilo
599 1255 709 1320 eutem
750 1249 938 1318 iamdudum
976 1248 1148 1338 ἀρχετύπῳ
1182 1272 1204 1321 a
1238 1253 1423 1324 Petrarolra
1465 1263 1619 1344 reperio,

294 1357 409 1424 exstat
440 1351 629 1423 etiamnunc
657 1356 729 1421 elus
759 1350 977 1439 ἁπόγραφον,
1010 1359 1105 1425 euius
1139 1361 1349 1446 uarietatem,
1379 1359 1465 1427 aV.
1493 1358 1619 1429 (3.1111

293 1459 396 1527 Furia
420 1457 601 1548 diiigenter
626 1462 813 1546 enotaiam,
835 1462 1001 1548 integram
1027 1461 1231 1530 exhibemus.
1273 1463 1369 1533 Ilaec
1392 1467 1502 1532 nutem
1521 1463 1563 1530 de
1578 1483 1619 1532 eo

293 1563 400 1632 referi
411 1561 598 1631 Bandinius
613 1558 730 1632 01111.
749 1559 858 1633 codd.
873 1563 995 1634 Latin.
1005 1564 1097 1633 ani.
1112 1561 1242 1635 Medic.
1258 1567 1348 1635 Toni.
1363 1568 1410 1634 II.
1424 1586 1502 1657 pag.
1513 1565 1619 1636 linc

294 1723 345 1794 Μ.
361 1722 399 1791 Τ.
413 1719 679 1792 EPISTULAE
699 1724 766 1791 Au
788 1722 939 1794 Audio.
959 1725 1100 1796 MANV
1120 1724 1287 1796 induc.
1302 1727 1620 1798 rurnnncflnii

538 1825 814 1897 exaudiero.
842 1821 954 1914 (Prot.
968 1827 1097 1900 XLIX.
1121 1823 1379 1916 cccxviii.)

379 1991 408 2058 Ι.
429 2009 509 2081 pag.
530 1987 565 2058 1.
591 1988 642 2056 Μ.
666 1989 766 2057 'Iullii
781 1991 954 2060 Ciceronis
978 1993 1207 2081 Epistularum
1222 1991 1267 2060 ad
1290 1993 1340 2062 Μ.
1364 1993 1505 2061 Brutum
1519 1995 1620 2063 Liber

294 2096 477 2186 singularis
501 2094 611 2180 Epist.
636 2093 670 2161 1.
693 2096 758 2163 inc.
780 2089 901 2164 Ulcere
931 2096 1041 2165 Bruto
1064 2097 1226 2164 salutem.
1268 2096 1312 2165 1..
1338 2092 1482 2167 Clodius
1505 2099 1620 2166 triduo-

294 2220 361 2268 11111
385 2199 496 2289 pleblr
520 2199 724 2287 decipiuntur
756 2201 821 2267 cet.
853 2199 962 2288 Epist.
992 2199 1125 2269 XVIII.
1154 2205 1189 2270 ei
1217 2202 1332 2268 ultima
1367 2201 1436 2270 des.
1467 2222 1620 2294 qnoemce

295 2305 344 2373 cd
377 2308 413 2370 lc
439 2307 616 2391 pertinere
650 2302 888 2370 arbitremur.
922 2302 970 2373 II.
1002 2303 1173 2374 Sextiles.
1224 2305 1305 2372 'lum
1336 2307 1526 2375 subiicitur:
1561 2304 1620 2374 Aa

294 2407 448 2477 Brutum
471 2405 719 2495 Epistularum
741 2405 848 2474 Liber
869 2407 899 2475 I.
924 2409 1081 2497 emplieil.
1106 2409 1239 2499 Incipit
1260 2410 1309 2476 ccl
1338 2408 1377 2491 Q.
1401 2407 1577 2478 Fratrem.

379 2512 425 2580 Il.
455 2530 533 2600 pag.
560 2509 622 2578 14.
647 2510 805 2579 Eiusdem
834 2511 878 2578 nd
908 2509 1064 2596 Quintum
1093 2513 1244 2582 Fratrem
1271 2514 1497 2602 Epistoiarum
1527 2515 1619 2582 iibri

294 2616 358 2685 III.
385 2616 517 2684 Primus
542 2610 777 2683 nemarcos
803 2615 841 2698 Q.
867 2614 994 2684 Fratri
1014 2618 1176 2686 aolidem.
1220 2617 1306 2685 Etsi
1326 2636 1396 2685 11111
1417 2619 1621 2688 dubitabam

294 2726 360 2790 eie.
403 2720 539 2787 ueritus
566 2720 636 2788 des.
660 2723 711 2786 ml
731 2725 938 2794 occansione
966 2726 1002 2789 cl
1029 2725 1156 2809 optime
1179 2720 1313 2806 frater.-
1334 2727 1371 2788 ut
1397 2725 1431 2788 in
1454 2721 1541 2791 Edd.

381 2826 445 2894 111.
475 2845 553 2916 pag.
581 2821 645 2891 ot.
674 2823 833 2892 Eiusdem
858 2824 1012 2910 Epistola
1039 2824 1082 2891 ad
1112 2821 1345 2893 Octavianum.
1387 2827 1457 2894 Inc.
1488 2825 1533 2896 Si
1556 2845 1621 2916 per

295 2935 379 2998 luae
409 2929 561 3017 lepionea
585 2931 650 2996 oei.
698 2928 778 2996 lies.
803 2929 908 2997 simul
931 2927 1054 3018 filqere
1080 2931 1232 3021 decrevi,
1271 2935 1308 2996 ut
1334 2933 1368 2998 in
1398 2930 1620 2998 Editionibns.

293 3036 391 3102 Haec
414 3037 527 3100 tamen
552 3032 708 3118 Epistola
734 3052 802 3099 non
832 3035 885 3099 est
910 3033 1097 3117 Ciceronis,
1124 3033 1187 3102 sed
1212 3033 1446 3101 declamatoris
1471 3036 1621 3102 alicuius.

378 3138 439 3206 IV.
464 3156 542 3226 pag.
559 3133 622 3204 49.
651 3137 809 3205 Illusdem
835 3137 1062 3223 EpIsiolerum
1089 3137 1133 3204 nd
1160 3138 1307 3205 Atticum
1334 3138 1426 3205 Libri
1448 3137 1557 3230 xvi,
1583 3143 1620 3205 ut

294 3244 330 3308 in
346 3241 454 3309 Edill.
496 3242 582 3308 liele
595 3245 707 3308 iernen
723 3239 933 3309 LiberXVI.
946 3240 1069 3309 desinit
1089 3244 1122 3308 in
1134 3243 1264 3310 verbis:
1291 3259 1378 3332 pocae
1395 3242 1437 3309 de
1455 3237 1620 3311 Caesarie

296 3352 387 3414 acilo
415 3349 627 3433 iorierportio
655 3352 740 3413 curri
768 3365 839 3412 oron
867 3351 1049 3413 serventur
1076 3364 1243 3434 conponam
1265 3392 1274 3411 .
1298 3393 1307 3411 .
1331 3392 1339 3410 .
1363 3393 1372 3412 .
1395 3363 1481 3434 quae
1512 3349 1620 3432 perti·

295 3453 378 3517 ueni
398 3447 442 3516 ad
463 3448 651 3534 Epistulam
678 3449 872 3535 inscriptam
897 3446 940 3515 i..
964 3445 1100 3516 Planco
1126 3446 1189 3516 I’r.
1219 3449 1325 3538 derlp.

382 3552 515 3621 Graeca
547 3553 653 3618 verba
688 3554 759 3618 suls
795 3553 880 3619 iocis
913 3555 991 3618 sunl
1032 3557 1173 3619 exarata
1211 3552 1408 3621 charactere
1441 3553 1620 3641 quadrato,

296 3656 478 3743 eademque
507 3653 549 3722 ad
577 3674 668 3722 oram
693 3657 769 3722 libri
801 3657 948 3736 repetita
973 3663 1153 3723 occurrunt
1189 3655 1388 3725 charactere
1419 3661 1556 3742 minori,
1586 3662 1620 3725 el

297 3781 371 3831 eum
397 3761 677 3846 interpretatione
698 3759 837 3846 Latino,
862 3762 896 3826 et
921 3759 1051 3846 quidem
1073 3762 1115 3827 ab
1140 3760 1255 3828 eodem
1277 3779 1392 3847 manu,
1421 3781 1517 3847 qurum
1542 3765 1620 3828 Item

296 3871 331 3932 in
352 3861 476 3934 Codice
490 3864 568 3932 vii.
588 3863 897 3950 animadvertimus,
919 3881 1068 3951 quaeque
1092 3868 1144 3930 est
1169 3860 1323 3934 Coluccii
1344 3863 1457 3933 Pleno
1477 3867 1519 3932 de
1538 3863 1620 3934 stt-

295 3989 430 4060 9111111,
456 3970 495 4034 11
519 3987 557 4035 se
579 3968 613 4032 in
628 3968 722 4034 calce
736 3968 871 4034 ultimae
896 3967 1041 4056 poginne
1055 3969 1233 4054 suboribit;
1260 3973 1339 4054 post
1355 3972 1448 4036 cuius
1468 3971 1620 4038 subscri-

296 4075 443 4162 ptionem
472 4072 701 4162 subiungitur:
731 4068 894 4138 Dentatus
916 4067 1118 4138 Accioiolnr
1136 4077 1221 4138 emit
1247 4095 1270 4139 1
1292 4071 1431 4140 Dentato
1452 4071 1619 4141 Arretino

295 4175 476 4247 Lemrordl
497 4175 582 4264 fillo.
626 4173 784 4242 Eiusdem
807 4179 900 4243 cerie
915 4194 1046 4259 manus,
1071 4195 1136 4264 qua
1150 4177 1298 4244 Coluecii
1310 4179 1511 4262 subscriptio
1528 4178 1620 4244 lacte

297 4285 367 4367 esi,
392 4280 550 4348 videntur
573 4299 649 4348 esse
675 4279 834 4366 pleraque
858 4280 1064 4370 marginibus
1094 4282 1198 4346 totius
1226 4281 1405 4347 voluminis
1434 4280 1478 4348 ad
1503 4281 1620 4350 indicis
1705 4269 1708 4276 ¹

298 4387 555 4455 memorabilium
577 4403 687 4451 rerum
712 4382 842 4450 modum
868 4387 1060 4464 commisso,
1088 4389 1126 4451 ut
1154 4385 1232 4452 item
1258 4387 1435 4452 lectionum
1468 4388 1620 4454 varieta-

298 4496 370 4570 tes,
391 4509 477 4579 quae
500 4490 696 4576 frequenter
717 4494 906 4556 occurrunt.
1259 4577 1261 4584 Ι

381 4596 447 4664 Hie
474 4592 592 4663 Codex
625 4596 704 4682 post
734 4591 938 4660 Peirorchae
972 4593 1095 4661 obitum
1124 4594 1220 4661 varin
1251 4594 1397 4660 latorum
1430 4593 1618 4662 discrimine

298 4703 443 4768 iacintus
463 4699 545 4785 iuli,
574 4701 611 4763 ut
633 4698 731 4764 eliam
753 4699 850 4763 notet
871 4697 920 4763 Cl.
942 4697 1067 4765 Melius
1094 4700 1128 4764 in
1151 4701 1207 4766 cii.
1227 4697 1341 4766 Praei.
1363 4717 1441 4786 pag.
1462 4694 1553 4764 215.
1584 4701 1618 4764 ei

298 4807 332 4870 in
354 4802 490 4893 Proleg.
511 4802 556 4870 ad
583 4803 701 4870 librum
729 4802 880 4868 Italicum
913 4801 1193 4890 Rupioorcmeaio
1227 4803 1264 4869 di
1288 4801 1390 4890 Lupo
1417 4803 1464 4870 clo
1495 4797 1616 4869 Corti-

298 4906 471 4997 plioncltlo
501 4925 579 4997 pag.
609 4901 670 4974 16.
711 4905 875 4973 Pervenit
897 4908 982 4972 enim
1010 4909 1161 4994 primitus
1182 4905 1225 4973 ad
1254 4907 1444 4975 Coluchum
1474 4905 1618 4972 Plenum

297 5007 507 5102 8111111111,
531 5011 799 5081 Florentinomm
820 5028 861 5078 ea
887 5013 1001 5079 aetate
1022 5005 1282 5100 cancellarium
1305 5016 1373 5077 tum
1395 5010 1439 5078 od
1461 5010 1616 5078 Leonat-
