3662 5908
315 452 377 516 308
775 455 834 517 ΕΡ.
856 456 969 531 ADQ.
992 455 1176 518 FRATREM

313 608 418 674 trabas
445 631 482 674 ac
502 609 645 675 demittas
666 610 802 678 animum
824 633 902 677 neve
925 621 955 677 te
977 610 1090 686 obrui,
1126 621 1283 698 tamquam
1304 609 1421 688 fluctu,
1449 617 1494 686 sic
1514 621 1632 707 magni-

313 703 420 770 tudine
441 707 558 815 negotii
579 705 676 779 sinas,
702 715 871 792 contraque
893 707 995 792 erigas
1016 729 1052 771 ae
1073 707 1199 772 resistas
1220 706 1287 771 sive
1308 706 1401 772 edam
1423 705 1507 772 ultro
1522 725 1634 772 occur-

313 819 364 864 ras
385 801 527 885 negotiis.
568 804 675 886 Neque
697 800 780 866 enim
812 801 965 867 eiusmodi
997 813 1117 887 partem
1147 800 1193 865 rei
1216 799 1359 886 publicae
1380 802 1478 886 geris,
1515 800 1548 865 in
1568 819 1632 886 qua

164 930 228 988 775.
313 893 438 958 fortuna
471 893 672 968 dominetur,
705 883 821 990 sed[in
854 917 915 981 qua
950 896 1120 982 plurimum
1149 895 1229 960 ratio
1265 895 1364 994 possit
1394 905 1425 960 et
1460 883 1642 983 diligentia.)

290 989 434 1066 ⁵Qnodsi
465 987 521 1053 tibi
551 986 667 1053 bellum
699 989 824 1077 aliquod
856 1009 1001 1074 magnum
1023 999 1054 1054 et
1074 988 1285 1075 periculosum
1302 977 1534 1054 administranti
1555 1006 1631 1072 pro-

311 1094 455 1168 rogatum
483 1084 650 1169 imperium
677 1083 834 1159 viderem,
870 1094 1037 1150 tremerem
1064 1083 1185 1157 animo,
1222 1082 1307 1168 quod
1338 1082 1449 1148 eodem
1486 1093 1629 1167 tempore

311 1199 379 1242 esse
397 1177 602 1262 intelligerem
623 1177 715 1242 etiam
737 1173 880 1244 fortunae
904 1187 1088 1263 potestatem
1108 1178 1140 1241 in
1156 1198 1213 1241 nos
1234 1186 1446 1262 prorogatam.
1489 1181 1519 1241 5.
1540 1179 1629 1239 Nunc

312 1293 388 1337 vero
410 1293 446 1337 ea
468 1292 541 1357 pars
562 1270 619 1337 tibi
641 1271 690 1336 rei
712 1271 854 1358 publicae
875 1273 1039 1338 commissa
1061 1281 1122 1346 est,
1146 1271 1177 1336 in
1201 1292 1262 1357 qua
1283 1281 1337 1337 aut
1358 1271 1473 1337 nullam
1489 1280 1542 1334 aut
1555 1288 1627 1355 per-

311 1365 455 1450 exiguam
476 1375 597 1451 partem
618 1364 743 1430 fortuna
764 1375 848 1432 tenet
869 1376 900 1432 et
921 1388 1001 1454 quae
1023 1365 1097 1431 mibi
1119 1374 1182 1430 tota
1204 1365 1235 1430 in
1258 1374 1309 1430 tua
1331 1366 1447 1431 virtute
1470 1387 1505 1430 ac
1520 1362 1627 1430 mode-

275 1474 301 1516 ¹⁰
311 1460 430 1525 ratione
450 1459 546 1525 animi
567 1459 668 1545 posita
689 1481 757 1524 esse
779 1460 930 1531 videatur.
974 1461 1093 1534 Nullas,
1122 1469 1157 1525 ut
1178 1460 1307 1546 opinor,
1330 1459 1457 1525 insidias
1479 1459 1625 1530 bostium,

310 1554 423 1619 nullam
446 1554 558 1639 proelii
579 1553 823 1630 dimicationem,
846 1555 962 1620 niallam
984 1554 1191 1620 defectionem
1213 1555 1386 1628 sociorum,
1421 1553 1536 1619 nullam
1558 1551 1627 1616 iuo-

308 1648 391 1734 piam
412 1647 557 1734 stipendii
578 1657 631 1713 ant
651 1647 699 1713 rei
725 1647 963 1721 frumentariae,
1000 1648 1116 1712 nullam
1139 1647 1322 1712 seditionem
1348 1651 1506 1712 exercitus
1531 1645 1627 1731 perti-

308 1742 486 1818 mescimus;
509 1762 588 1828 quae
609 1761 760 1827 persaepe
782 1739 1015 1828 sapientissimis
1037 1741 1114 1806 viris
1131 1741 1330 1816 acciderunt,
1353 1753 1402 1816 nt,
1426 1738 1626 1828 quemadmo-

308 1836 380 1901 dum
396 1835 620 1921 gubernatores
642 1835 706 1922 opt
710 1836 753 1901 mi
774 1835 839 1901 vim
860 1835 1066 1921 tempestatis,
1103 1839 1148 1899 sic
1170 1835 1213 1899 illi
1237 1834 1380 1900 fortunae
1402 1834 1552 1920 impetum
1574 1852 1627 1896 su·

120 1981 128 1995 .
139 1927 196 2036 (ἐκ
274 1944 418 2015 ¹³perare
439 1951 503 1995 ιιοιι
524 1938 661 2016 possent.
686 1859 773 2004 fribi
795 1929 864 2011 data
887 1937 933 1994 ιιι
954 1950 1074 1994 summa
1095 1950 1177 2015 pax,
1200 1949 1322 1994 summa
1338 1909 1591 2034 tranquillitasl'
1583 1934 1625 1989 ιιι

193 4780 247 4801 ..lv

105 4799 114 4841 Ι
155 4802 179 4816 ,ι

99 4829 164 4858 reb*

104 4885 108 4895 Ι

307 2033 425 2098 tamen,
461 2033 496 2088 ut
517 2045 554 2088 ea
576 2023 783 2088 dormientem
805 2005 1046 2108 gubernatorem
1069 2024 1118 2088 vel
1141 2022 1299 2098 obruere,
1334 2023 1509 2107 vigilantem
1532 2020 1624 2086 etiam

306 2117 461 2182 delectare
491 2117 601 2203 possit.
659 2120 688 2182 6.
725 2119 852 2182 Constat
879 2116 963 2182 enim
985 2138 1021 2180 aa
1042 2118 1204 2203 provincia
1226 2122 1362 2204 primum
1385 2137 1426 2181 ex
1447 2136 1486 2181 ιο
1508 2134 1624 2198 genere

306 2209 474 2286 sociorum,
498 2210 584 2296 quod
605 2218 652 2274 est
674 2231 715 2274 ex
735 2209 897 2275 bominum
920 2211 1006 2275 omni
1023 2230 1138 2295 genere
1161 2210 1427 2284 humanissimum,
1449 2208 1561 2274 deinde
1583 2229 1624 2272 ex

307 2325 346 2366 eo
368 2323 483 2388 genere
505 2303 641 2377 civium,
664 2303 717 2389 qui
739 2312 810 2375 ant,
837 2303 922 2388 quod
944 2302 1102 2390 publicani
1125 2312 1212 2377 sunt,
1235 2325 1294 2369 ιιοι
1315 2324 1435 2369 ιιιιιιιιιι
1456 2301 1624 2366 necessitu-

183 2415 188 2424 ’
268 2395 377 2459 ardue
399 2395 567 2479 attingunt,
591 2406 659 2471 aut,
682 2395 767 2482 quod
790 2396 833 2461 ita
854 2397 1067 2481 negotiantur,
1091 2407 1124 2463 ut
1138 2398 1308 2483 locupletes
1328 2398 1404 2472 sint,
1427 2396 1526 2461 nostri
1549 2415 1623 2460 con·

304 2490 422 2556 sulatus
444 2489 596 2554 beneficio
620 2511 653 2554 se
675 2489 848 2555 incolumes
869 2489 1011 2556 fortunas
1032 2490 1147 2555 babere
1169 2491 1370 2557 arbitrantur.

388 2586 426 2649 ll.
449 2589 479 2648 7.
501 2619 541 2629 —
558 2587 623 2660 „lt
637 2583 718 2649 enim
735 2585 817 2649 inter
832 2584 888 2649 bos
902 2585 988 2670 ipsos
1003 2584 1155 2650 exsistunt
1166 2606 1276 2670 graves
1289 2584 1529 2656 controversiae,
1545 2581 1625 2648 mul-

305 2689 351 2741 tae
374 2685 542 2743 naseuntur
570 2676 726 2755 iniuriae,
763 2701 892 2765 magnae
922 2681 1136 2745 contentiones
1158 2681 1419 2766 consequuntur.”
1442 2715 1481 2726 -
1526 2677 1622 2756 Quasi

305 2792 381 2836 nero
403 2793 462 2857 ego
484 2771 516 2837 id
538 2782 663 2858 putem,
686 2794 749 2839 ιιοιι
772 2785 801 2838 ιι
824 2775 1014 2861 aliquantum
1041 2775 1158 2858 negotii
1180 2776 1344 2839 sustinere.
1388 2774 1530 2858 lntelligo
1551 2793 1623 2858 per-

265 2883 294 2927 aa
304 2887 450 2952 magnum
478 2887 546 2932 esse
575 2867 735 2952 negotium
763 2877 794 2932 et
825 2869 955 2933 maximi
984 2868 1123 2944 eonsilii;
1160 2868 1214 2933 sed
1248 2877 1402 2932 memento
1429 2867 1549 2932 consilii
1571 2887 1621 2929 me

304 2961 363 3027 boc
385 2960 544 3047 negotium
563 2982 631 3026 esse
647 2962 746 3046 magis
761 2962 918 3048 aliquanto
935 2983 1027 3049 quam
1043 2962 1186 3027 fortunae
1200 2971 1320 3048 putare.
1364 2961 1448 3039 Quid
1470 2969 1516 3024 est
1538 2959 1621 3024 enim

303 3055 418 3140 negotii
441 3054 601 3120 continere
624 3075 695 3129 eos,
728 3054 842 3142 quibus
873 3057 1010 3164 praesis,
1039 3057 1065 3120 si
1099 3064 1128 3119 te
1157 3055 1224 3141 ipse
1246 3056 1426 3120 contineas?
1458 3053 1492 3118 ld
1518 3064 1620 3116 autem

302 3151 342 3214 sit
359 3170 504 3234 magnum
533 3158 564 3212 et
585 3147 708 3213 difficile
731 3150 864 3225 ceteris,
898 3149 976 3215 sicut
1004 3160 1051 3214 est
1067 3141 1301 3214 difficillimum:
1334 3148 1390 3214 tibi
1421 3158 1452 3213 et
1481 3146 1539 3210 fuit
1560 3145 1621 3210 boc

301 3264 425 3354 spmper
447 3241 628 3307 facillimum
651 3249 682 3306 et
704 3263 781 3307 vero
802 3263 870 3308 esse
892 3241 1015 3320 debuit;
1048 3243 1136 3308 cuius
1158 3252 1268 3306 natura
1294 3243 1362 3307 talis
1382 3251 1447 3316 est,
1470 3251 1504 3306 ut
1525 3241 1620 3305 etiam

264 3341 367 3401 ussine
389 3335 530 3401 doctrina
552 3334 696 3400 videatur
717 3335 877 3401 moderata
893 3357 960 3401 esse
976 3336 1131 3422 potuisse;
1154 3357 1190 3399 ea
1206 3347 1308 3400 autem
1321 3333 1462 3400 adbibita
1477 3333 1619 3398 doctrina

301 3438 363 3505 est,
385 3451 466 3516 quae
487 3428 537 3493 vel
558 3428 789 3494 vitiosissimam
811 3439 953 3494 naturam
976 3430 1122 3494 excolere
1143 3429 1251 3515 possit.
1295 3435 1341 3494 Tu
1363 3449 1435 3493 cum
1457 3427 1618 3515 pecuniae,

300 3544 370 3586 cum
392 3522 559 3608 voluptati,
591 3542 662 3587 cum
691 3526 833 3587 omnium
854 3544 962 3588 rerum
984 3522 1143 3608 cupiditati
1166 3522 1310 3597 resistes,
1348 3531 1383 3588 ut
1415 3522 1507 3598 facis;
1541 3521 1617 3592 erit,

301 3615 412 3690 credo,
434 3616 626 3700 periculum,
648 3636 687 3680 ne
710 3616 888 3701 improbum
911 3618 1156 3701 negotiatorem,
1179 3616 1283 3703 paullo
1300 3615 1495 3702 cupidiorem
1516 3611 1618 3700 publi-

300 3731 410 3774 canum
432 3708 641 3794 comprimere
662 3729 725 3774 non
749 3710 869 3795 possisl
903 3715 978 3775 Nam
1001 3710 1112 3776 Graeci
1129 3710 1253 3798 quidem
1277 3711 1322 3775 sic
1344 3718 1374 3774 te
1397 3710 1439 3774 ita
1461 3709 1616 3774 virentem

263 3801 516 3877 ssirrtuebuntur,
545 3811 581 3866 ut
607 3803 761 3888 quendam
783 3823 823 3868 ex
854 3805 1009 3869 annalium
1038 3805 1190 3870 memoria
1213 3804 1379 3870 autetiam
1403 3802 1441 3867 de
1464 3803 1549 3868 caelo
1573 3800 1617 3865 di-

300 3895 407 3959 vinum
435 3893 592 3961 bominem
624 3917 692 3961 esse
719 3896 751 3961 in
780 3897 971 3982 provinciam
1004 3898 1165 3985 delapsum
1193 3908 1311 3984 putent.
1362 3902 1391 3963 8.
1420 3904 1520 3978 Atque
1543 3896 1617 3961 baec

300 4010 395 4064 nunc,
418 4009 481 4053 non
501 3998 537 4054 ut
558 3989 667 4063 facias,
690 3990 745 4054 sed
767 3999 800 4055 ut
824 4000 853 4055 te
875 3991 978 4056 facere
1000 4001 1032 4056 et
1054 3992 1166 4058 fecisse
1188 3993 1343 4077 gaudeas,
1367 3991 1482 4057 scribo.
1526 3995 1617 4054 Prae-

299 4082 415 4148 clarum
444 4090 491 4147 est
517 4084 600 4148 enim
632 4105 754 4149 summo
787 4105 857 4148 cum
886 4084 1020 4171 imperio
1041 4084 1171 4152 fuisse'
1161 4108 1193 4151 ιο
1215 4087 1286 4152 Asia
1309 4086 1477 4150 triennium
1497 4073 1616 4168 sicfnt

167 4236 179 4268 .=
299 4176 418 4272 ιιιιιιιιιιι
439 4186 470 4240 te
491 4177 630 4262 signum,
653 4178 736 4243 nulla
758 4178 898 4263 pictura,
921 4179 1039 4245 nullum
1062 4201 1130 4253 vas,
1154 4180 1237 4245 nulla
1259 4180 1373 4255 vestis,
1396 4180 1513 4244 nullum
1532 4199 1617 4242 man-

163 4263 181 4310 ”’
262 4287 289 4330 ιο
299 4293 430 4357 ciprum
452 4271 536 4336 nulla
556 4260 728 4336 forma
675 4291 873 4358 cuiusquam,
897 4273 979 4337 nulla
994 4272 1136 4338 condicio
1157 4267 1368 4382 ριοιιιιίιι)-
1391 4271 1504 4359 quibus
1521 4268 1616 4335 rebus

144 4361 226 4445 ..12⁸³
298 4363 436 4431 abundat
453 4365 512 4428 ista
532 4365 755 4450 provincia-
777 4364 817 4430 ab
839 4385 959 4430 summa
978 4365 1154 4452 integritate
1175 4367 1434 4454 continentiaque
1431 4355 1615 4446 ‘deduxerit

143 4456 145 4465 '
298 4465 328 4524 9.
352 4458 437 4537 Quid
458 4467 561 4523 antem
581 4459 717 4545 reperiri
738 4471 801 4524 tam
823 4459 975 4525 ommium
995 4471 1049 4526 ant
1069 4472 1131 4526 tam
1153 4460 1362 4552 expetendum
1382 4470 1512 4546 potest,
1500 4461 1514 4515 ι
1522 4479 1615 4544 qnam

298 4553 389 4618 istam
411 4557 574 4626 virtutem,
607 4552 854 4618 moderationem
875 4552 985 4628 animi,
1018 4555 1253 4640 temperantiam
1275 4576 1345 4625 non
1359 4554 1485 4619 latere
1477 4574 1509 4618 ιιι
1530 4563 1615 4616 ιιοι-

139 4687 170 4730 4
182 4643 201 4735 ,ι
240 4733 276 4766 ,a
299 4645 364 4712 bris
385 4666 487 4733 neque
501 4652 577 4733 (esse
599 4637 752 4741 abditam,
789 4645 897 4711 sedin
920 4645 988 4712 Ιοοι
1009 4648 1116 4722 Αιίιι,
1148 4649 1181 4713 in
1210 4649 1308 4715 oeulis
1330 4636 1519 4713 clarissimae
1541 4663 1614 4730 pro·

366 4869 393 4918 1.
419 4881 451 4918 cc
468 4867 536 4917 MR·
564 4867 725 4917 ostili.-
773 4868 800 4917 9.
820 4869 1143 4920 teseotLambtnusn-
1187 4867 1613 4934 14.rmpetum!ortnooe1

300 4935 343 4986 16
368 4937 408 4987 oet
434 4944 590 5000 suspectum
617 4937 748 4986 ιιιιιιιιιο
782 4935 833 5000 (cel
850 4939 955 4990 obruere
980 4941 1020 4991 ost
1035 4941 1188 5005 vigilantem
1206 4939 1289 4999 l.·-)
1327 4941 1370 4990 19.
1389 4936 1428 5003 co]
1450 4936 1560 4989 emnil.
1578 4957 1613 4968 -

298 5007 343 5054 96.
361 5009 493 5072 negotium
510 5021 560 5057 erre
577 5007 646 5057 Mu.
674 5020 725 5057 eras
743 5009 874 5072 negotium
893 5009 988 5059 ιΕ.-
1026 5010 1069 5059 99.
1089 5011 1247 5061 ocrem·
1283 5009 1326 5059 ³¹
1347 5009 1517 5068 αιιοιιιιιι,
1534 5003 1614 5056 οιιοι·

299 5076 440 5126 larci.-
479 5078 522 5128 3ι
542 5085 596 5127 tum
614 5079 745 5140 voluptati
763 5079 907 5127 tomi.-
943 5079 987 5129 35.
1007 5075 1047 5142 da]
1066 5079 1173 5130 el.-
1207 5078 1251 5129 ⁴1.
1271 5079 1340 5129 oli.
