3668 5924
723 429 797 492 ltu.
818 431 842 492 1.
884 430 942 492 ΕΡ.
967 430 1016 494 17.
1463 431 1523 494 ‘aar

210 585 331 669 uspiam
363 582 487 648 visurus
512 591 603 648 esset.
658 583 751 662 Quod
780 605 851 650 cum
878 585 1054 657 accidisset.
1087 584 1280 650 confidebam
1301 607 1337 650 ac
1358 586 1434 652 mibi
1454 608 1526 672 per-

210 696 370 743 suaseram
399 676 483 751 fore,
514 687 549 742 ut
576 680 680 742 omnia
707 678 905 763 placarentur
932 677 1013 744 inter
1040 698 1097 744 vos
1125 663 1188 743 non
1209 678 1304 743 modo
1326 700 1470 745 sermone
1491 700 1527 746 ac

210 770 440 857 disputatione,
470 770 526 836 sed
546 780 713 857 conspectu
734 772 803 858 ipso
825 792 1057 858 congressuque
1079 780 1194 836 vestro.
1236 776 1311 836 Nam
1321 771 1465 930 {quanta
1483 776 1525 860 pit
1587 767 1689 848 affl

210 865 244 930 in
272 863 515 950 Quintopfratre
542 885 614 929 meo
634 857 786 952 (comitas,
819 873 933 950 quanta
953 865 1144 938 iucunditas,
1167 886 1259 950 quam
1281 886 1333 930 mo
1347 867 1383 932 lis
1404 855 1537 957 animus]

212 957 252 1022 ad
274 955 482 1042 accipiendam
512 967 543 1022 et
569 957 609 1022 ad
631 957 846 1044 deponendam
867 957 1089 1033 offensionem,
1118 957 1195 1023 nibil
1216 959 1323 1024 attinet
1344 981 1393 1024 me
1415 962 1454 1026 sd
1473 971 1550 1037 te,s

212 1055 265 1138 qui
288 1071 324 1115 ea
345 1051 444 1125 nosti,
474 1049 623 1116 scribere.
667 1051 728 1117 Sed
749 1051 860 1116 accidit
880 1052 1151 1136 perincommode,
1174 1052 1260 1138 quod
1280 1074 1352 1118 eum
1374 1075 1524 1140 nusquam

210 1146 327 1212 vidisti.
375 1144 480 1212 Voluit
500 1144 583 1208 enim
605 1144 689 1228 plus,
722 1145 808 1232 quod
836 1155 903 1210 erat
924 1145 968 1210 illi
990 1147 1212 1212 nonnullorum
1234 1145 1371 1212 artificiis
1393 1149 1525 1214 incidas·

209 1230 414 1326 tum,(quam
441 1247 495 1302 aut
516 1238 651 1303 officium
678 1247 732 1304 aut
759 1238 955 1304 necessitudo
976 1250 1031 1306 aut
1050 1261 1140 1305 amor
1161 1247 1265 1321 vester
1285 1239 1337 1304 ille
1358 1241 1523 1327 pristinus,
1623 1307 1627 1320 ,

210 1332 461 1491 tpqiplummum
488 1331 592 1396 valere
619 1323 746 1491 debuitg
784 1337 814 1398 3.
836 1337 937 1418 Atque
966 1332 1058 1399 buius
1078 1332 1268 1400 incommodi
1289 1332 1378 1419 culpa
1400 1332 1454 1398 ubi
1475 1355 1524 1398 re·
1594 1362 1714 1460 *dp

210 1448 237 1492 u
260 1435 323 1502 eat,
352 1423 473 1490 facilius
500 1444 628 1510 possum
654 1429 723 1491 exis
748 1446 833 1490 mare
862 1447 956 1512 quam
984 1425 1132 1493 scribere.
1188 1432 1311 1494 Vereor
1337 1427 1435 1501 enim,
1468 1449 1523 1499 ne.
1537 1451 1563 1494 u

209 1518 285 1585 dum
312 1517 474 1583 defendam
503 1539 608 1592 meos,
637 1539 700 1582 non
727 1538 853 1603 parcam
881 1520 952 1585 tuis.
1001 1525 1077 1585 Nam
1105 1521 1149 1586 sic
1170 1519 1324 1605 intelligo,
1354 1530 1389 1585 ut
1409 1519 1524 1586 nibila

209 1612 388 1678 domesticis
420 1611 558 1678 uulneris
586 1611 699 1678 factum
726 1613 780 1688 sit,
809 1612 887 1678 illud
908 1612 1053 1698 quidem,
1084 1614 1272 1699 quoderat,
1296 1623 1527 1679 eoscertesa·

210 1727 286 1772 nare
314 1704 466 1791 potuisse.
516 1705 578 1770 Sed
599 1704 728 1770 huiusce
749 1710 795 1770 rei
817 1705 911 1771 totius
933 1707 1055 1780 vitium,
1084 1705 1170 1793 quod
1185 1707 1348 1792 aliquanto
1369 1707 1462 1773 etiam
1484 1707 1525 1772 la·

211 1805 271 1866 tius
294 1807 391 1885 patet,
415 1819 510 1885 quarn
531 1798 670 1872 videtur,
690 1799 846 1885 praesenti
869 1799 926 1864 tibi
948 1800 1141 1866 commodius
1163 1820 1327 1886 exponam.
1368 1803 1399 1866 t.
1421 1805 1467 1865 De
1488 1801 1527 1866 iis

209 1892 338 1966 litteris,
368 1913 445 1978 quas
466 1891 506 1956 ad
532 1902 562 1957 te
584 1892 800 1958 Thessalonica
828 1892 925 1966 misit,
957 1904 988 1959 et
1008 1892 1047 1959 de
1067 1891 1278 1967 sermonibus,
1311 1913 1391 1979 quos
1410 1892 1451 1958 ab
1472 1894 1526 1960 illo
1539 1919 1564 1960 aa

210 1997 242 2052 et
266 1989 384 2052 Romae
409 1985 492 2071 apud
523 1985 641 2051 amicos
663 1994 732 2051 tuos
753 1995 785 2050 et
805 1987 838 2052 in
858 1987 971 2052 itinere
991 1985 1114 2053 habitos
1136 1997 1240 2072 putas,
1276 1988 1387 2074 ecquid
1409 1997 1525 2052 tantum

210 2101 322 2146 causae
350 2084 405 2152 sit,
434 2079 562 2163 ignoro;
592 2079 647 2144 sed
674 2079 773 2169 omnis
800 2078 833 2144 iu
862 2089 914 2145 tua
943 2081 1044 2167 posita
1072 2089 1120 2146 ast
1148 2079 1337 2145 humanitate
1357 2080 1433 2146 mibi
1455 2102 1526 2168 spes

211 2173 302 2240 buius
330 2171 480 2238 levandae
509 2171 681 2238 molestiae.
730 2177 825 2247 Nam,
856 2173 884 2238 si
904 2173 947 2239 ita
969 2174 1132 2247 statueris,
1163 2183 1194 2238 et
1213 2173 1380 2239 irritabiles
1407 2173 1526 2240 animos

211 2289 279 2332 esse
301 2267 491 2353 optimorum
512 2287 605 2353 saepe
626 2265 787 2332 bominum
809 2275 841 2332 et
861 2267 990 2354 eosdem
1012 2265 1193 2354 placabiles,
1222 2277 1253 2332 et
1274 2288 1342 2332 esse
1365 2268 1442 2332 banc
1463 2268 1527 2352 agi·

210 2363 344 2436 litatem,
372 2371 408 2426 ut
427 2363 470 2426 ita
492 2361 610 2435 dicam,
640 2360 862 2447 mollitiamque
883 2369 1012 2426 naturae
1033 2360 1218 2448 plerumque
1240 2360 1402 2436 bonitatis,
1424 2371 1471 2435 et,
1493 2359 1564 2428 idea

211 2455 297 2544 quod
327 2465 419 2542 caput
446 2463 510 2528 est,
539 2453 630 2519 nobis
650 2454 733 2520 iuter
753 2475 810 2521 nos
832 2465 939 2520 nostra
965 2455 1032 2520 sive
1053 2454 1258 2520 incommoda
1279 2455 1345 2519 sive
1366 2456 1439 2520 vitia
1462 2455 1526 2520 sive

211 2549 341 2615 iniurias
370 2570 438 2614 esse
464 2547 655 2622 tolerandas,
684 2548 776 2614 facile
803 2548 894 2626 baec,
917 2547 1178 2636 quemadmodum
1201 2569 1311 2635 spero,
1342 2548 1526 2634 mitigabun-

211 2653 273 2709 tur.
325 2643 436 2721 Quod,
466 2662 543 2727 ego,
571 2650 607 2707 ut
627 2641 737 2718 facias,
767 2651 799 2707 te
820 2663 890 2709 oro.
932 2647 1008 2712 Nam
1029 2643 1154 2718 adme,
1176 2642 1231 2729 qui
1252 2652 1282 2707 te
1303 2643 1393 2708 unice
1415 2641 1527 2726 diligo,

211 2739 346 2802 maxime
376 2735 511 2823 pertinet
536 2736 692 2802 neminem
721 2757 790 2801 essa
817 2757 977 2811 meorum,
1005 2735 1059 2822 qui
1087 2748 1140 2803 aut
1160 2748 1190 2803 te
1211 2757 1275 2801 non
1297 2744 1379 2801 amet
1397 2743 1451 2799 aut
1470 2734 1527 2799 abs

211 2839 241 2894 te
268 2851 331 2895 non
363 2837 493 2895 ametur.
541 2834 572 2896 5.
594 2829 649 2894 llla
675 2849 748 2915 pars
777 2829 926 2915 epistolae
955 2839 1025 2894 tuae
1052 2831 1181 2896 minime
1201 2829 1262 2896 fuit
1282 2830 1472 2904 necessaria,
1494 2827 1565 2898 tna

211 2945 273 3009 qua
302 2923 449 3008 exponis,
480 2945 557 3009 quas
584 2922 743 2988 facultates
771 2933 824 2988 aut
842 2923 1081 3008 provincialium
1101 2929 1156 2989 aut
1175 2922 1368 2990 urbanorum
1390 2943 1527 2988 commo-

211 3019 324 3083 darum
339 3026 371 3081 et
383 3017 450 3082 aliis
471 3015 664 3102 temporibus
686 3025 788 3082 etms
809 3020 878 3102 ipso
900 3016 1026 3082 conside
1044 3017 1301 3102 praetermiseris.
1331 3005 1419 3096 (uiti
1441 3014 1525 3080 enim
1828 3035 1829 3052 ι

212 3121 373 3198 perspecta
373 3120 449 3193 mest
476 3109 650 3194 ingenuitas
677 3119 709 3174 et
735 3109 916 3195 magnitudo
944 3110 1040 3174 animi
1065 3110 1110 3174 tui
1117 3101 1131 3190 )
1154 3131 1256 3196 neque
1285 3129 1344 3194 ego
1372 3109 1454 3174 iuter
1475 3127 1524 3174 tue
1626 3089 1728 3187 ᾤ’

211 3214 304 3290 atquc
333 3212 363 3268 te
393 3204 562 3290 quidquam
583 3204 732 3269 interesse
758 3223 896 3289 unquam
916 3203 994 3270 duxi
1014 3213 1139 3289 praeter
1159 3203 1349 3269 voluntatem
1369 3201 1525 3267 institutae

212 3304 309 3373 vitae,
337 3297 422 3385 quod
436 3299 500 3387 (me
529 3296 657 3362 ambitio
686 3297 838 3383 quaedam
866 3296 905 3361 ad
932 3297 1086 3363 bonorum
1109 3297 1258 3370 studium,
1289 3305 1320 3363 te
1341 3304 1444 3361 autem
1466 3285 1564 3386 ababa

211 3393 338 3458 minime
367 3390 622 3478 reprehendenda
637 3386 730 3476 (ratio
756 3390 796 3456 ad
824 3390 989 3457 honestum
1017 3391 1115 3457 otium
1146 3385 1258 3476 duxit)
1297 3395 1379 3456 Vera
1400 3388 1524 3476 quidem
1592 3377 1667 3462 ὅ]

211 3485 302 3553 laude
329 3484 509 3573 probitatis,
539 3484 732 3570 diligentiae,
763 3484 923 3570 religionis
944 3505 1045 3572 neque
1067 3505 1117 3550 me
1138 3477 1195 3551 tibi
1215 3506 1317 3571 nequa
1339 3503 1526 3572 quemquam

211 3591 381 3666 antepono;
415 3579 531 3644 amoris
561 3599 639 3645 vero
668 3598 742 3664 erga
769 3600 837 3654 me,
864 3600 935 3644 cum
956 3601 974 3644 a
995 3578 1134 3646 fraterno
1164 3599 1272 3645 amore
1294 3577 1527 3661 domesticoque

211 3675 355 3750 discessi,
385 3671 440 3738 tibi
469 3673 585 3759 primas
614 3672 734 3738 defero.
790 3677 821 3738 6.
842 3672 914 3740 Vidi
944 3678 1041 3750 enim,
1073 3671 1140 3740 vidi
1168 3673 1352 3759 penitusque
1378 3669 1526 3756 perspexi

212 3774 244 3833 in
273 3769 351 3833 meis
379 3767 474 3833 variis
502 3766 697 3852 temporibus
725 3775 756 3833 et
782 3766 1004 3833 sollicitudines
1033 3776 1065 3833 et
1083 3768 1214 3832 laetitias
1240 3775 1318 3832 tuas.
1360 3765 1430 3831 Fuit
1451 3761 1565 3834 mibias

211 3883 305 3948 saepe
342 3871 374 3926 et
405 3860 506 3928 laudis
537 3870 661 3926 nostrae
692 3860 858 3947 gratulatio
890 3871 943 3927 tua
973 3861 1107 3928 iucunda
1139 3871 1170 3926 et
1200 3861 1321 3926 timoris
1355 3856 1525 3924 consolatio

211 3965 308 4038 grata.
361 3954 446 4032 Quin
473 3955 550 4019 mibi
578 3977 660 4020 nunc
688 3965 720 4021 te
745 3953 871 4020 absente
897 3976 961 4020 non
988 3955 1089 4021 solum
1116 3954 1295 4029 consilium,
1324 3973 1387 4039 quo
1414 3959 1449 4015 tu
1471 3971 1526 4015 ex·

211 4049 311 4122 cellis,
341 4047 396 4113 scd
425 4048 517 4114 etiam
544 4049 696 4115 sermonis
726 4048 983 4124 communicatio,
1012 4071 1092 4135 quae
1119 4047 1196 4112 mibi
1219 4046 1401 4114 suavissima
1422 4053 1524 4111 tecum

211 4143 290 4208 solet
317 4163 401 4217 esse,
431 4143 567 4208 maxime
595 4143 695 4208 deest:
730 4178 772 4190 -
803 4141 879 4229 quid
905 4142 1028 4208 dicam?
1066 4179 1105 4194 ·-
1135 4142 1168 4207 iu
1190 4140 1353 4228 publicane
1374 4145 1430 4204 ret
1462 4158 1526 4224 quo

282 4299 307 4346 1.
327 4298 441 4346 audisset
459 4311 514 4358 mg.
534 4297 576 4355 Μ,
596 4299 642 4347 sed
662 4303 753 4362 postea
772 4298 900 4347 deletum.
930 4321 961 4333 -
996 4298 1022 4346 1.
1042 4311 1089 4345 aas
1107 4297 1128 4345 l.
1148 4321 1182 4330 -
1217 4297 1252 4346 ad
1270 4297 1471 4359 disputationem
1488 4293 1526 4342 11·

212 4365 261 4426 (cc
278 4368 455 4429 disputatione
474 4380 528 4429 mg.
548 4363 604 4432 11.)
637 4391 665 4402 ·-
702 4369 729 4418 3.
747 4369 863 4430 inspectu
881 4368 920 4428 a,
951 4373 1055 4429 aspectu
1074 4367 1103 4416 V.
1143 4363 1296 4428 (conspectu
1314 4379 1384 4416 corr.
1404 4361 1463 4424 lll.)
1496 4387 1549 4399 -=

210 4437 238 4486 1.
257 4438 360 4485 culmus
378 4438 413 4487 od
430 4437 498 4487 stu:
518 4439 622 4487 culmus
638 4445 664 4488 at
681 4439 716 4487 ad
734 4437 779 4487 111.
797 4463 826 4472 -
861 4438 887 4486 8.
906 4437 1062 4488 maestitudo
1080 4443 1109 4486 ut
1127 4449 1204 4486 amat·
1220 4436 1255 4487 11.
1280 4461 1310 4472 -
1346 4441 1433 4484 noster
1451 4435 1473 4483 1.
1495 4456 1525 4467 -

209 4509 237 4556 s.
256 4507 358 4570 quefd.
397 4504 491 4570 (atque
509 4520 564 4567 mg.
583 4505 638 4566 11.)
658 4529 692 4543 -
728 4509 770 4556 to.
789 4509 926 4576 aestimare
946 4508 976 4556 11.
997 4531 1027 4542 -
1064 4507 1107 4556 11.
1126 4507 1234 4570 defendo
1251 4506 1409 4555 Lambinus.
1429 4525 1462 4539 -
1487 4503 1527 4551 ta·

212 4576 316 4640 tetttqo,
335 4584 365 4625 ut
382 4591 435 4626 aaa
452 4578 519 4626 oluff
537 4576 573 4637 ll,
590 4577 727 4640 futsltfqo:
745 4577 784 4626 aff
803 4577 824 4626 l.
857 4601 888 4612 -
923 4577 966 4626 ta.
985 4578 1078 4626 oftfum
1095 4579 1175 4627 totius
1194 4577 1216 4626 l.
1237 4601 1267 4612 -
1304 4575 1347 4625 te.
1366 4576 1405 4624 bis
1422 4574 1474 4624 111.
1495 4593 1526 4606 -

212 4647 255 4696 15.
276 4647 482 4696 Thessalonicam
501 4647 547 4695 111.
580 4669 609 4684 -·
645 4647 687 4697 tu.
707 4653 731 4698 et
749 4648 813 4710 qutd
831 4647 876 4695 111.
909 4669 940 4682 -
976 4647 1081 4696 tandem
1100 4645 1222 4698 Ernestfo
1249 4651 1358 4696 auctore
1376 4643 1525 4694 Scbtttzius.

214 4743 243 4754 -
264 4716 306 4765 18.
324 4718 365 4764 fta
383 4730 434 4766 ease
450 4717 575 4767 statuaria
593 4715 638 4765 1t1.
661 4741 689 4753 -
727 4717 770 4766 ta.
791 4718 889 4765 eoadem
905 4729 981 4779 saepe
996 4717 1035 4779 pl.
1055 4715 1100 4765 111.
1123 4741 1151 4752 -
1172 4719 1215 4767 20.
1235 4715 1417 4778 aquarumque
1434 4713 1479 4762 111.
1496 4737 1524 4748 -·

212 4787 325 4836 bonitati
337 4787 411 4837 lllll.
432 4785 568 4848 (bouttotta
586 4786 691 4849 repperi
711 4787 827 4850 primum
846 4785 916 4848 apud
928 4787 1026 4836 aldum
1038 4787 1177 4849 Nepotem.
1197 4787 1261 4840 Οιι.)
1272 4811 1305 4822 -·
1322 4785 1366 4834 13.
1386 4779 1444 4845 oro]
1463 4795 1527 4846 roqa

213 4857 286 4904 1.-
322 4857 367 4906 111.
386 4858 581 4919 praefecturam
598 4857 635 4908 11.
657 4879 688 4892 -
725 4857 769 4905 28.
790 4864 815 4905 et
831 4857 979 4920 tuqmuttcs
996 4856 1023 4916 1,
1052 4859 1191 4922 tateprttaa
1208 4857 1269 4908 ult.
1289 4854 1449 4920 (inaequitas
1466 4853 1483 4902 1
1502 4857 1528 4901 et

212 4939 267 4987 ing.
287 4923 339 4987 11.)
364 4951 399 4962 -·
433 4925 662 4976 so.oowram1.
684 4951 713 4964 -
751 4925 795 4975 33.
814 4939 903 4974 amora
927 4927 1035 4977 seclusit
1058 4927 1205 4977 Ernesttus.
1235 4951 1266 4962 -
1302 4925 1345 4976 ³5.
1365 4937 1397 4974 ac
1413 4925 1528 4974 taettttm

214 4997 235 5045 Ι.
256 5015 285 5034 -υ
322 4993 396 5058 mitt]
414 4999 482 5047 uam
501 4997 522 5047 1.
554 5019 585 5034 -
621 4997 673 5060 36.
685 4992 797 5060 timoris]
816 4996 922 5047 tonorts
941 4997 961 5046 1.
990 5023 1019 5034 -
1057 4997 1294 5062 31911111.-
1330 4995 1374 5046 aa.
1391 4994 1527 5058 pubttcam

213 5066 270 5116 Yz:
288 5067 392 5130 publico
410 5067 505 5120 Muta.
