3662 5908
517 435 590 498 LIR.
613 437 695 498 IIIII.
739 438 797 498 EP.
819 437 870 500 45.
893 436 943 498 db.
966 435 1018 498 d'l.
1041 435 1091 499 48.
1114 436 1166 499 tu.
1189 438 1238 499 50.
1476 439 1537 502 153

607 595 730 656 anan.
777 593 868 675 (am
888 594 925 656 r.
951 595 983 657 n.
1005 594 1035 656 c.
1059 595 1146 663 ιιι.)

711 716 854 780 CICERO
878 714 982 778 SILIO
1005 717 1037 778 S.

297 825 381 905 Quid
403 845 462 911 ego
485 824 541 890 tibi
563 825 778 891 commendem
800 845 888 900 eum,
912 846 1006 912 quem
1027 833 1062 890 tu
1082 825 1151 911 ipse
1172 825 1296 912 diligis?
1332 827 1393 894 Sed
1414 837 1536 906 tamen,

211 931 247 987 ut
268 921 363 985 scires
386 941 457 984 cum
480 941 497 984 a
520 941 569 984 me
592 941 655 984 non
677 918 765 1004 diligi
788 920 905 993 solum,
928 940 1037 984 verum
1061 919 1154 984 etiam
1175 921 1290 994 amari,
1314 921 1356 987 ob
1379 943 1446 988 eam
1467 946 1550 989 rem-

211 1014 267 1080 tibi
291 1013 367 1078 baec
388 1013 504 1079 scribo.
560 1013 706 1078 Omnium
729 1024 854 1078 tuorum
878 1012 1070 1086 ciliciorum,
1100 1034 1180 1099 quac
1202 1023 1234 1078 et
1255 1015 1350 1078 multa
1373 1024 1404 1080 et
1425 1036 1560 1102 magnas

214 1118 301 1182 sunt,
336 1107 413 1172 mibi
443 1107 653 1191 gratissimum
680 1105 792 1179 fuerit,
823 1106 849 1170 si
879 1109 921 1170 ita
943 1105 1084 1171 tractaris
1105 1106 1287 1190 Egnatium,
1316 1117 1351 1173 ut
1372 1111 1483 1175 sentiat
1506 1120 1537 1174 ct

211 1225 246 1266 se
268 1223 286 1266 a
309 1224 358 1266 me
380 1212 411 1268 et
433 1223 482 1266 me
504 1223 523 1266 a
543 1211 573 1268 te
595 1201 703 1266 amari.
739 1204 808 1266 Hoc
829 1209 859 1266 te
880 1198 1082 1265 vehementer
1103 1201 1197 1265 etiam
1219 1208 1311 1288 atque
1334 1203 1426 1266 etiam
1444 1223 1536 1288 rogo.

211 1296 267 1360 Illa
297 1303 403 1360 nostra
440 1295 558 1360 scilicet
593 1294 783 1359 ceciderunt.
846 1297 975 1359 Utamur
1010 1293 1107 1379 igitur
1142 1294 1265 1380 vulgari
1303 1296 1534 1362 consolatione:

211 1388 340 1466 „Ouid,
363 1388 389 1452 si
412 1388 472 1453 boc
493 1387 648 1454 melinsl”
692 1387 754 1453 Sed
775 1387 853 1453 baec
874 1407 991 1452 coram.
1034 1393 1081 1452 Tu
1102 1387 1165 1463 lac,
1196 1387 1281 1475 quod
1302 1387 1400 1464 lacis,
1431 1399 1465 1456 ut
1487 1411 1536 1454 me

212 1503 298 1547 ames
319 1491 413 1568 teque
439 1481 575 1547 amaria
597 1503 647 1546 me
670 1481 759 1547 scias.
1547 1501 1573 1542 ιο

645 1624 785 1687 anun.
827 1623 877 1703 (n.
904 1573 936 1687 n.
959 1623 991 1686 c.
1014 1625 1100 1702 ror.)

458 1747 599 1812 CICERO
623 1748 655 1811 C.
679 1745 864 1810 SEXTILIO
887 1743 989 1808 RUFO
1013 1744 1176 1820 QUAES'I.
1199 1746 1230 1809 S.
1251 1747 1288 1809 D.

298 1859 413 1922 Omnes
434 1855 492 1922 tibi
514 1857 699 1921 commendo
722 1854 869 1944 Cyprios,
892 1853 948 1919 sed
969 1855 1068 1940 magis
1089 1853 1237 1938 Paphios,
1261 1852 1375 1940 quibus
1390 1866 1424 1922 tu
1440 1877 1535 1942 quac·

211 1972 335 2037 cunque
357 1949 583 2025 commodaris,
618 1960 710 2015 erunt
742 1949 819 2014 mibi
840 1947 1031 2033 gratissima;
1069 1969 1170 2035 eoque
1197 1947 1278 2012 lacio
1301 1947 1463 2023 libentius,
1501 1962 1535 2017 ut

210 2067 267 2110 eos
289 2043 345 2109 tibi
367 2043 606 2118 commendem,
643 2044 728 2130 quod
751 2053 782 2107 et
803 2051 874 2108 tuae
896 2041 998 2116 laudi,
1036 2041 1125 2106 cuius
1147 2062 1206 2127 ego
1229 2041 1332 2106 lautor
1353 2063 1438 2118 sum,
1461 2064 1534 2108 con·
1547 2068 1573 2109 io

211 2139 327 2205 ducere
355 2137 507 2212 arbitror,
541 2158 611 2202 cum
640 2138 759 2224 primus
788 2137 820 2201 in
842 2157 910 2200 eam
934 2135 1065 2200 insulam
1088 2145 1236 2220 quaestor
1257 2137 1401 2211 veneris,
1438 2158 1476 2201 ea
1503 2147 1533 2202 te

211 2231 393 2306 instituere,
430 2252 509 2318 quae
531 2241 702 2316 sequantur
723 2231 791 2308 alii;
814 2250 908 2315 quae,
931 2237 966 2294 ut
987 2249 1099 2314 spero,
1132 2228 1253 2293 facilius
1275 2249 1485 2315 consequere,
1508 2229 1536 2296 si

211 2336 244 2391 et
263 2330 297 2392 P.
319 2325 455 2397 Lentuli,
492 2323 659 2416 ¹¹9⁰PEii¹ffi
689 2323 748 2398 tui,
785 2324 886 2408 legem
909 2335 940 2389 et
961 2344 1013 2397 ea,
1041 2343 1120 2409 quae
1142 2344 1159 2386 a
1182 2343 1232 2386 me
1254 2323 1421 2389 constituta
1445 2334 1534 2400 sunt,

211 2419 302 2505 sequi
324 2419 472 2484 volueris.
516 2420 617 2496 Quam
639 2439 707 2482 rem
729 2416 786 2482 tibi
807 2415 931 2482 conlido
953 2437 1082 2502 magnae
1103 2416 1187 2482 laudi
1209 2416 1289 2482 lore.

666 2560 775 2622 XLIX.
819 2557 922 2636 (Aureo
944 2558 1081 2638 incerto.)
1544 2580 1573 2624 ao

584 2681 726 2746 CICERO
749 2680 866 2746 CURIO
889 2681 1055 2746 PROCOS.
1077 2682 1109 2744 S.
1131 2683 1168 2743 D.

297 2797 336 2872 Q.
369 2791 535 2878 Pompeius
565 2795 637 2856 Sex.
658 2796 694 2880 E.
714 2791 818 2856 multis
840 2801 871 2855 et
894 2789 1051 2857 velerIbus
1073 2790 1173 2855 causis
1195 2789 1434 2858 necessitudinis
1455 2795 1534 2861 mibi

211 2888 395 2953 coniunctus
418 2895 473 2950 est.
523 2889 573 2960 Is,
606 2905 678 2950 cum
706 2893 795 2948 antea
826 2883 904 2949 meis
926 2882 1247 2948 commendationibus
1269 2891 1300 2946 et
1322 2904 1388 2948 rem
1410 2895 1442 2950 et
1462 2909 1533 2972 gra-

213 2983 286 3048 tiam
308 2983 574 3046 etauctoritatem
596 2999 684 3043 suam
706 2977 788 3043 tueri
809 2977 984 3049 consuerit,
1007 2999 1089 3042 nunc
1103 2977 1260 3062 prolecto,
1284 2983 1314 3038 te
1336 2979 1528 3062 provinciam
1627 2993 1630 3000 ⁴

211 3076 385 3148 obtinente,
409 3073 486 3137 meis
507 3072 617 3137 litteris
639 3071 761 3157 assequi
784 3069 891 3144 debet,
915 3079 950 3134 ut
971 3070 1088 3135 nemini
1109 3092 1142 3135 se
1162 3070 1311 3154 intelligat
1333 3076 1574 3145 commenda-25

212 3169 329 3234 tiorcm
350 3186 487 3253 unquam
512 3165 618 3229 luisse.
663 3162 875 3242 Quamobrem
898 3184 915 3226 a
938 3171 967 3227 te
989 3163 1140 3228 maiorem
1162 3165 1194 3229 in
1217 3166 1345 3232 modum
1369 3176 1458 3252 peto,
1480 3179 1533 3240 ut,

211 3283 283 3326 cum
306 3281 415 3326 omnes
436 3279 523 3324 meos
545 3277 644 3342 aeque
665 3277 702 3320 ac
728 3267 798 3321 tuos
820 3255 989 3321 observare
1010 3277 1069 3341 pro
1091 3259 1320 3324 necessitudine
1347 3270 1452 3325 nostra
1481 3261 1535 3326 de-

213 3355 303 3427 beas,
334 3353 416 3419 bunc
443 3353 477 3417 in
498 3352 609 3437 primis
630 3351 672 3415 ita
693 3350 726 3414 in
748 3360 832 3415 tuam
854 3349 946 3414 fidem
969 3351 1117 3436 recipias,
1146 3361 1182 3416 ut
1202 3352 1269 3439 ipse
1291 3353 1443 3438 intelligat
1463 3355 1529 3420 nul·

212 3448 274 3512 lam
296 3468 364 3512 rem
385 3445 446 3512 sibi
475 3445 588 3512 maiori
618 3443 689 3510 usui
711 3454 764 3508 aut
786 3452 969 3510 ornamento
991 3465 1085 3533 quam
1108 3465 1211 3511 meam
1232 3447 1533 3513 commendationem

212 3563 281 3607 esse
303 3542 452 3628 potuisse.
495 3539 581 3604 Vale.
1545 3571 1573 3613 ,a

554 3684 589 3745 n.
632 3682 770 3762 (Scripta
793 3681 913 3774 caeto
937 3680 975 3744 n.
1001 3680 1033 3744 n.
1056 3681 1088 3744 c.
1113 3653 1200 3760 rio.)

631 3805 673 3867 u.
696 3802 837 3868 arcanc
861 3803 892 3866 s.
913 3805 951 3866 n.
975 3802 1115 3884 sucro.

299 3919 328 3980 1.
351 3914 476 4000 Sumpsi
499 3913 558 3979 boc
579 3913 655 3978 mihi
676 3933 736 3999 pro
764 3921 817 3978 tua
837 3911 870 3978 in
893 3933 942 3978 me
964 3910 1179 3987 observantia,
1203 3935 1297 4002 qnam
1318 3918 1441 4004 penitus
1464 3940 1535 4006 per-

212 4009 323 4096 spexi,
345 4007 495 4094 quamdin
517 4007 674 4072 Brundisii
695 4007 825 4080 finimus,
847 4017 883 4072 ut
904 4006 943 4071 ad
964 4016 995 4071 te
1016 4006 1211 4073 familiariter
1231 4019 1264 4074 et
1277 4011 1366 4098 quasi
1386 4032 1446 4098 pro
1462 4035 1534 4078 meo

213 4105 282 4169 iure
305 4101 492 4176 scriberem,
515 4102 542 4166 si
563 4123 644 4188 quae
665 4122 717 4166 res
740 4109 837 4174 esset,
860 4099 899 4164 de
922 4120 982 4185 qua
1003 4100 1094 4164 valde
1108 4100 1294 4169 laborarem.
1338 4109 1387 4171 Μ’.
1412 4107 1574 4178 Curius„

213 4197 268 4284 qni
290 4195 388 4263 Patris
420 4197 612 4282 negotiatur,
642 4195 684 4259 ita
717 4193 792 4258 mibi
816 4193 977 4258 familiaris
999 4202 1061 4266 est,
1095 4203 1129 4259 ut
1151 4194 1227 4260 nibil
1249 4202 1348 4283 possit
1370 4221 1438 4264 esse
1460 4221 1535 4265 con-

213 4290 359 4360 iunctius.
408 4291 502 4355 Multa
524 4289 606 4355 illius
628 4290 660 4354 in
682 4310 733 4354 me
755 4287 871 4364 ollicia,
907 4286 1002 4352 multa
1024 4287 1056 4351 in
1078 4286 1166 4352 illum
1187 4311 1272 4368 mea;
1302 4292 1449 4379 quodque
1471 4315 1536 4358 ma·

214 4385 335 4450 nimum
357 4394 422 4456 est,
446 4405 585 4449 summus
607 4383 688 4448 inter
710 4404 767 4448 nos
789 4403 879 4447 amor
900 4391 932 4446 et
952 4389 1090 4446 mutuus.
1133 4385 1163 4446 2.
1187 4385 1275 4461 Quae
1298 4405 1368 4451 cum
1391 4387 1435 4452 ita
1457 4388 1534 4458 sint,

214 4478 239 4544 si
262 4479 356 4544 ullam
380 4477 411 4541 in
433 4477 567 4542 amicitia
590 4497 658 4541 mea
679 4497 765 4564 spem
788 4475 899 4551 babcs;
922 4474 947 4539 si
971 4495 1028 4548 ea,
1065 4475 1200 4562 quaein
1221 4497 1271 4543 me
1293 4479 1395 4544 officia
1417 4489 1449 4546 et
1470 4495 1535 4548 stu-

213 4571 264 4636 dia
293 4569 451 4636 Brundisii
479 4569 661 4645 contulisti,
700 4569 746 4634 vis
768 4569 844 4634 mihi
866 4567 958 4632 etiarn
979 4567 1116 4653 gratiora
1139 4571 1261 4637 efficere
1285 4604 1323 4615 -
1346 4596 1574 4662 quamquamco

213 4673 287 4730 sunt
305 4664 481 4750 gratissima
503 4687 559 4741 -;
582 4665 609 4729 si
629 4685 680 4729 me
701 4685 719 4728 a
741 4662 802 4728 tuis
822 4659 966 4726 omnibus
982 4661 1080 4725 amari
1094 4662 1199 4729 vides:
1224 4664 1284 4730 boc
1296 4665 1371 4732 mibi
1387 4667 1425 4732 da
1442 4678 1535 4755 atque

284 4866 311 4916 a.
331 4863 485 4914 boematum
505 4863 550 4914 Ill:
570 4864 659 4913 metius
675 4865 722 4913 boc
739 4863 769 4914 E.
791 4889 819 4900 -
858 4863 900 4913 15.
921 4863 991 4926 quod
1011 4871 1071 4913 tuoe
1089 4863 1246 4917 Lambinus.
1268 4892 1299 4902 -
1334 4868 1377 4919 27.
1398 4873 1534 4921 arcuatia-

215 4935 275 4985 da’oe
292 4943 384 4986 nostru
403 4933 450 4984 u:
477 4941 570 4984 nostra
590 4935 772 4984 mcerattodr'nr
801 4933 832 4984 Ii.
861 4959 889 4969 -
929 4933 973 4984 ³2.
1000 4935 1083 4984 Aucto
1100 4935 1128 4985 Μ
1148 4937 1175 4987 iu
1194 4943 1335 4995 contextu,
1363 4940 1442 4989 Aucto
1460 4941 1488 4992 bl
1508 4943 1535 4992 ln

216 5005 310 5055 Indice
336 5003 535 5068 Epistularum,
565 5004 648 5053 Acttt'o
678 5004 868 5054 ballemandns
890 5007 918 5054 et
948 5003 1099 5057 Schittaius.
1130 5029 1160 5041 -
1197 5007 1239 5058 85.
1266 5009 1304 5060 u.
1331 5011 1417 5060 cutim
1438 5011 1476 5063 bl.
1506 5039 1538 5051 -

218 5075 262 5125 36.
282 5075 430 5126 mutuastis
447 5073 485 5124 11.
507 5098 537 5109 -
575 5075 618 5126 31.
637 5088 695 5126 mco
712 5088 811 5140 quoque
827 5075 971 5125 marimum
989 5079 1028 5131 Μ.
