3680 5944
675 342 748 450 nu.
771 389 824 450 ix.
868 389 926 452 ar.
951 389 999 451 m.
1024 388 1073 451 ιτ.
1475 391 1537 456 aas

221 541 252 609 d.
274 563 344 609 xrs.
374 541 503 608 Kalend.
531 542 628 628 April.
655 564 726 609 cum
753 543 898 610 omnibus
919 544 1032 630 copiis,
1069 565 1146 632 quas
1167 545 1326 624 habuerit,
1361 547 1537 634 profectum

221 657 306 702 esse:
340 639 504 702 Caesarem
532 647 660 723 postero
689 637 741 702 die
769 638 802 702 in
838 638 988 724 oppidum
1016 639 1179 717 introisse;
1207 641 1420 709 contionatum
1450 663 1536 721 esse;

220 728 293 796 inde
323 735 454 795 Romam
486 731 699 808 contendisse;
734 731 814 796 velle
842 741 913 797 ante
934 732 1063 798 Kalend.
1086 753 1155 798 esse
1176 733 1215 798 ad
1237 732 1349 799 urbem
1370 745 1401 800 et
1421 756 1538 821 paucos

221 821 288 889 dies
309 822 353 888 ibi
375 825 582 900 commorari,
614 823 726 889 deinde
747 826 780 890 in
802 825 965 911 Hispanias
987 825 1152 912 proficisci.
1201 827 1296 893 Nobis
1318 848 1380 892 non
1402 828 1537 894 alienum

221 919 322 984 visum
345 927 411 991 est,
446 918 594 1004 quoniam
615 918 654 983 de
676 919 811 984 adventu
828 919 972 987 Caesaris
994 940 1052 1006 pro
1074 929 1162 986 certo
1183 921 1389 995 habebamus,
1421 942 1559 1006 pueross

221 1012 262 1078 ad
292 1022 323 1076 te
350 1013 530 1089 remittere,
562 1023 597 1078 ut
627 1013 659 1077 id
688 1023 721 1078 tu
748 1035 840 1100 quam
872 1014 1008 1101 primum
1037 1015 1144 1081 scires.
1197 1016 1339 1081 Mandata
1370 1025 1421 1082 tua
1447 1015 1538 1082 nobis

221 1127 315 1171 curae
337 1117 408 1171 sunt
430 1127 545 1192 eaque,
570 1117 604 1171 ut
619 1115 743 1193 tempus
764 1110 944 1193 postularit,
967 1129 1104 1194 agemus.
1147 1109 1311 1175 Trebatius
1327 1109 1435 1175 sedulo
1456 1108 1538 1183 lacit,

221 1209 256 1266 ut
276 1200 447 1266 antecedat.
496 1201 633 1286 Epistola
662 1203 854 1288 conscripta,
891 1202 1062 1268 nuntiatum
1091 1212 1138 1268 est
1159 1202 1250 1270 nobis
1273 1207 1435 1270 Caesarem
1458 1222 1485 1268 a.
1507 1202 1538 1266 d.

215 1288 298 1360 'vxm
320 1295 387 1360 llal.
408 1295 505 1380 April.
527 1295 699 1362 Beneventi
721 1317 921 1370 mansurum,
959 1317 986 1362 a.
1010 1298 1039 1363 d.
1061 1317 1123 1363 vn.
1147 1302 1285 1384 Capuae,
1317 1319 1346 1363 a.
1369 1297 1399 1363 d.
1420 1316 1468 1363 vr.
1492 1297 1540 1362 si-

221 1408 362 1455 nuessae.
404 1393 473 1454 Hoc
494 1409 553 1474 pro
574 1399 662 1455 certo
683 1400 837 1475 putamus.
1551 1409 1576 1448 to

682 1535 761 1596 rvr.
805 1529 854 1614 (a,
880 1536 912 1598 u.
939 1537 969 1598 c.
992 1535 1077 1618 705.)

702 1657 844 1720 CICERO
866 1658 1010 1721 ATTICO
1033 1659 1064 1721 S.

307 1774 335 1831 1.
359 1769 453 1840 Cum,
478 1765 564 1853 quod
591 1764 764 1832 scriberem
793 1765 832 1832 ad
860 1777 905 1842 te,
940 1767 1016 1833 nihil
1038 1768 1202 1843 haberem,
1240 1779 1360 1842 tamen,
1383 1787 1539 1854 nequem

221 1860 305 1926 diem
325 1860 583 1933 intermitterem,
606 1859 660 1924 bas
683 1859 755 1925 dedi
777 1861 904 1927 litteras.
956 1867 991 1927 A.
1014 1863 1044 1928 d.
1067 1883 1113 1929 vs.
1136 1863 1204 1929 llal.
1227 1867 1390 1930 Caesarem
1414 1861 1541 1926 Sinues-

220 1975 273 2020 sae
295 1975 476 2019 mansurum
499 1953 690 2022 nuntiabant.
747 1952 794 2019 Ab
817 1975 855 2020 eo
877 1955 955 2021 mibi
975 1956 1095 2022 litterae
1119 1957 1260 2024 redditae
1282 1966 1402 2022 sunta.
1424 1955 1454 2021 d.
1476 1974 1577 2021 vmn

220 2048 368 2122 Kalend..
403 2046 517 2135 quibus
549 2049 612 2114 iam
643 2053 795 2134 „opes”
830 2069 931 2121 meas,
967 2070 1045 2125 non,
1083 2062 1120 2116 ut
1154 2048 1372 2136 superioribus
1408 2049 1539 2123 litteris,

220 2145 383 2227 „opem”
412 2151 581 2229 exspectat.
626 2145 702 2210 Cum
725 2142 792 2208 eius
813 2142 1008 2209 clementiam
1031 2143 1254 2211 Corfiniensem
1276 2143 1360 2208 illam
1381 2163 1440 2230 por
1460 2142 1540 2209 litte-

220 2247 303 2304 teras
325 2236 599 2312 collaudavissem,
621 2236 782 2323 rescripsit
803 2236 864 2302 boc
885 2237 1048 2324 exemplo:

505 2351 693 2466 (cassan
714 2381 794 2446 mr.
817 2379 1000 2444 crannum
1023 2382 1101 2445 rur.
1124 2382 1154 2444 s
1177 2384 1214 2445 u.
1258 2339 1275 2449 l

305 2504 335 2565 2.
358 2505 451 2566 Recte
473 2498 638 2584 auguraris
660 2498 699 2564 de
722 2520 772 2566 me
795 2535 834 2546 -
857 2498 938 2564 bene
964 2500 1045 2564 enim
1069 2499 1124 2566 tibi
1148 2499 1289 2584 cognitus
1310 2521 1380 2566 sum
1404 2537 1442 2544 —
1465 2498 1578 2573 nibil20

221 2616 239 2660 a
272 2615 322 2659 me
344 2592 452 2658 abesse
481 2592 605 2679 longius
635 2591 826 2659 crudelitate.
876 2600 977 2680 Atque
1000 2616 1059 2680 ego
1088 2616 1159 2660 cum
1188 2615 1228 2658 ex
1252 2599 1376 2680 ipsane
1398 2615 1541 2680 maguam

221 2689 310 2775 capio
332 2687 545 2773 voluptatem,
579 2697 644 2753 tum
674 2709 778 2753 meum
808 2687 923 2754 sactum
946 2687 1075 2774 probari
1098 2687 1153 2753 abs
1181 2698 1211 2753 te
1233 2687 1392 2774 triumpho
1415 2688 1540 2772 gaudio.

221 2786 327 2868 Neque
356 2780 433 2846 illud
460 2800 511 2844 me
539 2791 661 2856 movet,
695 2781 780 2868 quod
811 2781 847 2856 ii,
881 2780 936 2867 qui
965 2803 982 2846 a
1012 2803 1062 2846 me
1091 2781 1213 2847 dimissi
1241 2791 1328 2856 sunt,
1363 2781 1541 2848 discessisse

220 2875 382 2950 dicuutur,
405 2885 439 2940 ut
460 2874 537 2941 mibi
558 2897 668 2940 rursus
690 2875 809 2941 bellum
832 2874 998 2952 inferrent;
1022 2875 1098 2940 nibil
1121 2875 1203 2940 onim
1227 2875 1308 2940 malo
1331 2896 1424 2961 quam
1439 2885 1470 2940 et
1491 2895 1541 2939 me

220 2971 283 3035 mei
304 2971 438 3036 similem
461 2992 529 3035 esse
552 2979 583 3034 et
604 2969 674 3035 illos
703 2975 762 3035 sui.
812 2973 841 3034 3.
864 2974 911 3033 Tu
933 2969 1027 3034 velim
1048 2969 1124 3034 mibi
1146 2970 1186 3034 ad
1206 2967 1318 3033 urbem
1340 2979 1465 3055 praesto
1489 2971 1540 3046 sis,
1549 2993 1578 3037 as

220 3073 255 3132 ut
287 3066 349 3131 tuis
378 3065 515 3132 consiliis
548 3074 641 3150 atque
670 3062 799 3150 opibus,
838 3071 874 3128 ut
901 3063 1066 3137 consuevi,
1105 3064 1137 3128 in
1167 3061 1312 3128 omnibus
1342 3060 1437 3127 rebus
1460 3072 1539 3128 utar.

221 3160 382 3227 Dolabella
412 3170 466 3225 tuo
496 3159 573 3224 nibil
605 3158 683 3224 scito
705 3158 781 3224 mibi
804 3179 873 3222 esse
895 3157 1070 3224 iucundius.
1112 3163 1200 3223 Hanc
1221 3157 1301 3224 adeo
1324 3155 1446 3221 habebo
1469 3178 1539 3242 gra·

221 3254 295 3321 dam
318 3254 376 3332 illi;
410 3275 512 3340 neque
543 3251 627 3317 enim
656 3253 747 3317 aliter
768 3251 872 3317 lacere
898 3250 1030 3338 poterit:
1072 3261 1155 3318 muta
1191 3255 1257 3318 eius
1290 3250 1483 3327 humanitas,
1502 3253 1541 3324 ,is

221 3369 345 3422 sensus,
368 3348 457 3415 eain
480 3369 530 3412 me
553 3356 600 3413 cst
620 3345 849 3413 benevolentia.

672 3490 770 3552 xm.
812 3486 867 3571 (A.
893 3491 926 3552 u.
948 3489 980 3553 o.
1002 3487 1086 3572 ros.)
1550 3519 1590 3562 a.

702 3611 845 3674 CICERO
866 3610 1011 3676 ATTICO
1034 3612 1065 3675 S.

309 3729 338 3788 1.
361 3721 540 3789 Trebatium
563 3743 609 3789 v1.
632 3720 781 3796 Kalend..
811 3741 874 3806 quo
897 3719 948 3786 die
971 3722 1025 3787 bas
1046 3722 1166 3789 litteras
1187 3721 1275 3794 dedi,
1311 3721 1540 3808 exspectabam.

221 3823 269 3884 Ex
291 3823 358 3884 eius
380 3818 489 3883 nuntio
517 3817 666 3902 Matiique
693 3814 805 3880 litteris
837 3811 1035 3889 meditabor,
1069 3815 1228 3903 quomodo
1251 3835 1322 3880 cum
1343 3817 1397 3882 illo
1419 3817 1540 3903 loquar.

290 4040 315 4088 1.
336 4038 455 4088 babuerit
473 4037 523 4088 lile
552 4037 642 4088 dalnis
669 4049 731 4086 cum
758 4036 824 4086 Cod.
846 4037 873 4086 ln
894 4049 948 4099 mg.
975 4037 1079 4099 Repeti.
1099 4035 1194 4086 Lamb.
1217 4036 1246 4085 ll.
1286 4033 1336 4098 (lle
1355 4035 1383 4086 M
1401 4049 1455 4086 uon
1475 4037 1540 4085 satis

221 4111 349 4159 constat.)
369 4135 399 4146 -
437 4109 464 4156 2.
482 4109 614 4157 introlisse
633 4108 664 4157 u.
685 4133 712 4144 -
753 4107 778 4157 3.
797 4104 906 4169 paucos)
923 4107 1018 4170 pantos
1038 4120 1077 4168 pr.
1098 4105 1143 4167 M,
1165 4106 1292 4169 pauculos
1310 4105 1346 4154 lil
1364 4111 1391 4155 et
1409 4119 1480 4156 corr.
1502 4106 1538 4155 M.

221 4181 267 4238 (Ut
293 4193 361 4238 nos,
393 4174 555 4240 Manutius.)
585 4201 608 4212 .,
649 4178 675 4226 5.
703 4181 774 4227 visas
800 4191 840 4240 pr.
860 4178 896 4227 M.
931 4203 958 4213 -
995 4189 1089 4239 pueros
1114 4183 1172 4225 tuos
1191 4178 1226 4226 ad
1245 4176 1280 4226 til
1305 4181 1331 4225 et
1356 4189 1411 4237 mg.
1438 4175 1475 4226 M.
1507 4201 1539 4211 -

220 4251 247 4301 7.
269 4264 346 4300 casas
362 4245 433 4310 sans)
453 4261 530 4297 saras
547 4259 577 4297 os
593 4259 625 4295 ns
643 4259 682 4309 pr.
703 4247 741 4298 M.
764 4271 792 4282 -
817 4247 904 4296 sedato
923 4247 1071 4297 Cratander
1089 4251 1115 4294 et
1133 4260 1194 4296 curn
1213 4246 1345 4296 lambino
1364 4247 1538 4296 sannanim:

221 4321 344 4372 Scaeuola
363 4319 460 4370 Mlllll.
492 4342 524 4353 -
564 4317 590 4365 8.
610 4317 746 4366 Caesarem
763 4331 790 4365 a.
810 4317 837 4365 d.
859 4329 920 4366 vrrs.
941 4315 1002 4365 Kal.
1024 4317 1144 4378 Capuae,
1169 4333 1197 4366 a.
1217 4319 1243 4366 d.
1266 4330 1315 4366 nn.
1336 4317 1470 4366 Sinuessae
1487 4315 1538 4376 Ml,

222 4393 358 4442 Caesarem
370 4390 406 4438 ad
423 4389 556 4438 Kalendas
571 4387 686 4448 Capreas·
699 4388 736 4436 ad
751 4399 786 4436 νι.
799 4385 932 4436 Sinuessae
945 4385 976 4434 lt.
1004 4386 1155 4448 (Supplevit
1167 4387 1339 4444 Cratander.)
1357 4411 1385 4421 -
1407 4387 1448 4435 11).
1471 4387 1540 4435 Hace

220 4463 282 4513 Mil.
304 4485 333 4497 -
351 4474 401 4523 pso
413 4467 482 4509 certo
495 4464 554 4521 post
568 4463 691 4520 potamos
702 4458 778 4519 ponit
792 4471 831 4518 pr.
846 4458 882 4507 M.
899 4479 929 4490 -
946 4458 1096 4518 pntaotmns
1109 4456 1130 4505 l.
1146 4480 1177 4491 -
1198 4457 1240 4507 13.
1261 4458 1323 4521 quid
1335 4455 1408 4506 Mlti.
1430 4455 1463 4518 (E
1473 4455 1539 4506 Cod.

220 4532 311 4583 Mallei
331 4531 447 4581 correxit
467 4529 637 4583 Lambinus.)
658 4551 687 4562 -
727 4527 769 4577 15.
788 4534 922 4576 santam.
942 4539 1004 4574 cum
1023 4525 1241 4589 Gruterlopesis
1261 4528 1290 4576 ll.
1311 4553 1342 4562 —
1380 4526 1423 4575 sa.
1445 4521 1540 4575 litteris

221 4603 348 4667 expunxit
365 4601 513 4651 Ernestius.
550 4621 576 4631 —
616 4598 658 4646 17.
679 4604 784 4659 sapesso
804 4609 843 4660 pr·
862 4595 899 4645 M.
923 4619 950 4630 -
994 4595 1038 4644 21).
1059 4599 1217 4660 auparatart
1235 4599 1266 4646 ds
1286 4610 1326 4659 pr·
1345 4596 1394 4656 M,
1423 4610 1539 4660 anpara-

220 4675 258 4723 sis
276 4681 305 4723 tu
321 4674 352 4722 ds
371 4671 392 4720 l.
418 4695 451 4704 -
487 4670 532 4720 21.
553 4664 621 4730 eum]
641 4675 696 4716 tans
716 4667 746 4716 [1.
775 4690 804 4702 -
842 4666 886 4714 22.
905 4664 938 4715 ab
957 4679 1020 4715 cusu
1039 4666 1146 4717 Grutcri
1165 4669 1255 4730 operis
1274 4667 1304 4717 ll.
1336 4692 1370 4701 —
1407 4667 1540 4729 triumpho

219 4745 317 4809 pandis
334 4742 373 4792 X:
405 4741 552 4802 triumpho,
574 4739 675 4802 paadeo
702 4737 722 4785 li
749 4741 774 4786 et
804 4749 843 4799 pr.
868 4735 913 4794 M,
946 4738 1077 4798 tstumptto
1096 4745 1120 4787 et
1137 4739 1237 4802 paradeo
1257 4738 1291 4787 lil
1311 4742 1338 4787 et
1356 4749 1427 4786 corr.
1448 4736 1484 4787 M·
1507 4759 1538 4771 -

220 4815 264 4864 23.
293 4813 362 4877 quod
388 4811 426 4861 dit
453 4813 497 4874 qni
523 4809 558 4858 ad
582 4821 621 4856 ms
646 4821 687 4869 pr.
708 4806 745 4858 M.
769 4828 796 4838 -
834 4805 879 4855 21.
899 4803 1032 4869 dieantur]
1052 4811 1185 4858 sedicunt
1204 4808 1235 4858 li.
1257 4833 1289 4844 —
1324 4820 1417 4856 rursus
1433 4807 1498 4857 mibi
1515 4806 1537 4855 l.

219 4885 264 4934 25.
284 4885 320 4933 ad
336 4883 425 4932 arbem
442 4883 506 4932 mibi
525 4880 546 4929 l.
567 4903 599 4913 -
629 4878 673 4926 21.
692 4877 773 4926 babeo
791 4876 836 4926 lll.
859 4899 887 4910 -
908 4875 950 4926 32.
971 4873 1020 4939 vn]
1042 4891 1067 4926 ν.
1089 4879 1118 4928 ll.
1142 4901 1169 4912 ·-
1190 4879 1259 4939 dedi)
1279 4878 1369 4927 dedis
1389 4891 1428 4942 pr·
1448 4877 1487 4928 M.
1504 4899 1537 4912 -··

220 4954 264 5003 33.
282 4953 395 5016 malique
414 4967 454 5016 pr.
473 4951 519 5010 M,
538 4948 669 5012 mantiam
687 4961 757 4997 corr.
780 4947 825 5006 M,
843 4946 987 5010 Manliique
1005 4949 1036 5000 u.
1058 4971 1088 4983 ·-
1123 4948 1272 4999 meditabar
1291 4948 1312 4997 l.
1337 4969 1367 4985 -
1402 4948 1540 5012 loquamur

220 5037 262 5087 pr·
282 5024 318 5074 M·
