3628 5876
666 425 741 492 tm.
761 425 816 490 tx.
858 425 918 491 ΕΡ.
962 426 1012 492 ld.
1430 434 1491 500 tta

166 577 270 648 daret
319 583 350 648 8.
384 578 540 647 Liberasti
559 579 658 667 igitur
678 592 710 649 et
729 581 842 650 urbem
863 581 1004 670 periculo
1026 591 1057 650 et
1077 582 1233 652 dunum
1254 597 1355 665 metu,
1388 611 1491 679 neque

168 677 275 745 solum
297 677 336 744 ud
360 687 481 764 tempus
509 677 678 743 maximam
706 677 869 743 utilitatem
898 676 1027 743 attulisti
1048 678 1217 744 sedetiam
1238 679 1278 746 ad
1299 685 1491 771 exemplum.

171 776 247 852 Quo
268 772 351 839 lacto
372 771 546 857 intelligere
566 769 661 838 debes
682 769 714 836 iu
736 780 767 836 te
788 771 921 858 positam
942 793 1011 838 esse
1031 793 1099 838 rem
1120 772 1274 860 publicam
1290 774 1409 864 tibique
1427 799 1490 844 nou

168 865 269 932 modo
291 866 423 932 tuendos
444 864 500 932 sed
521 866 616 930 etiam
637 865 795 933 ornandos
808 887 876 932 esse
891 865 961 932 illos
976 867 1076 942 viros,
1098 867 1244 954 aquibus
1259 868 1382 935 initium
1396 869 1491 938 liber·

167 959 242 1024 tatis
262 959 438 1047 protectum
459 969 515 1025 est.
559 959 621 1025 Sed
642 959 690 1025 his
711 959 750 1026 de
771 959 865 1027 rebus
887 981 994 1027 coram
1009 961 1099 1049 plura
1113 962 1312 1049 propediem,
1334 971 1369 1028 ut
1383 985 1515 1050 speros

166 1058 218 1119 't'u
250 1055 398 1142 quoniam
425 1075 494 1119 rem
523 1052 679 1140 publicam
705 1074 826 1142 nosque
850 1075 1038 1130 conservas,
1074 1054 1123 1122 lac
1143 1063 1178 1122 ut
1198 1055 1437 1142 diligentissime
1459 1066 1490 1124 te

166 1145 292 1234 ipsum,
313 1146 357 1212 mi
377 1145 553 1224 Dolabella,
576 1145 744 1214 custodias.

635 1308 700 1372 ur.
742 1305 793 1389 (a,
819 1310 851 1373 u.
874 1309 906 1374 c.
927 1309 1016 1398 roa.)

654 1431 797 1496 CICERO
818 1430 947 1495 PAETO
970 1432 1002 1496 S.

255 1543 284 1606 1.
305 1538 433 1607 Duabus
454 1538 516 1606 tuis
537 1539 677 1628 epistolis
697 1538 915 1628 respondebo:
947 1539 1017 1616 uui,
1039 1561 1133 1629 quam
1154 1541 1323 1631 quatriduo
1345 1555 1416 1612 aute
1437 1566 1490 1612 ao-
1501 1554 1527 1596 ¹⁰

167 1653 315 1720 ceperam
336 1655 354 1698 a
375 1632 488 1712 thbo;
510 1634 614 1711 alteri,
636 1655 730 1722 quam
751 1635 896 1702 attulerat
915 1633 1056 1702 Phileros
1071 1635 1260 1724 tabellarius.
1303 1643 1351 1704 Ex
1372 1640 1488 1726 priori·
1599 1607 1628 1728 ί

166 1728 229 1795 bus
252 1728 313 1793 tuis
328 1727 439 1794 litteris
453 1729 592 1796 intellexi
606 1737 784 1816 pergratam
800 1727 856 1794 tibi
874 1727 955 1813 [esse
973 1749 1081 1794 curam
1102 1751 1204 1796 meam
1218 1733 1403 1801 valetudinis
1417 1744 1489 1801 tuae

167 1823 370 1908 animumque
393 1843 467 1907 erga
488 1830 519 1887 te
540 1844 667 1899 meum,
704 1843 799 1910 quem
819 1821 887 1908 tibi]
910 1831 1108 1909 perspectum
1131 1843 1199 1890 esse
1221 1826 1353 1911 gaudeo.
1411 1830 1488 1906 Sed,

167 1915 378 1990 mihicrede,
401 1936 464 1980 non
484 1914 630 2002 perinde,
663 1924 699 1982 ut
720 1924 766 1982 est
787 1935 912 2002 reapse,
943 1935 985 1980 ex
1005 1915 1116 1982 litteris
1146 1920 1326 2005 perspicere
1348 1923 1487 2010 potuisti.

167 2013 261 2084 Nam,
298 2030 368 2075 cnm
397 2030 415 2074 a
445 2010 518 2074 satis
540 2009 645 2077 multis
667 2046 707 2058 -
730 2030 793 2076 non
819 2012 903 2074 euim
924 2028 1053 2095 possum
1074 2010 1164 2076 aliter
1184 2010 1290 2079 dicere
1311 2053 1352 2062 —
1374 2024 1406 2083 et
1427 2017 1526 2084 coli¹⁵

167 2124 218 2168 me
240 2102 364 2168 videam
385 2112 416 2168 et
437 2103 544 2188 diligi,
567 2124 660 2170 nemo
682 2112 729 2170 est
749 2103 876 2170 illorum
897 2101 1037 2168 omnium
1055 2103 1131 2169 mibi
1145 2113 1175 2170 te
1185 2095 1367 2176 iucundior.
1410 2114 1488 2176 Nam

167 2196 254 2284 quod
276 2219 326 2263 me
347 2219 446 2273 amas,
468 2196 607 2286 quodid
628 2207 659 2263 et
680 2197 867 2284 iampridem
887 2205 919 2262 et
939 2206 1117 2263 constanter
1132 2197 1225 2277 lacis,
1248 2211 1296 2266 est
1313 2202 1346 2268 id
1360 2202 1488 2291 quidem

166 2313 314 2378 maguum
336 2301 428 2380 atque
450 2291 532 2358 baud
554 2293 619 2358 scio
640 2313 680 2358 an
701 2291 886 2366 maximum,
922 2289 977 2355 sed
1006 2289 1063 2357 tibi
1083 2312 1250 2360 commuue
1271 2317 1343 2363 cum
1366 2299 1485 2386 multis;

167 2387 253 2474 quod
275 2397 310 2452 tu
330 2391 396 2474 ipse
419 2395 480 2452 tam
502 2385 652 2452 amandus
674 2405 707 2451 es
729 2393 853 2472 umque
875 2382 973 2449 dulcis
995 2393 1118 2472 umque
1140 2387 1172 2452 in
1194 2389 1281 2454 omni
1302 2412 1417 2478 genere
1438 2392 1487 2458 iu·

167 2479 303 2556 enudus,
337 2480 369 2546 id
397 2491 445 2546 est
471 2486 600 2568 proprie
636 2489 734 2546 tunm.
787 2482 817 2545 2.
847 2477 1007 2544 Accedunt
1034 2500 1098 2545 uon
1118 2481 1225 2559 Attici,
1261 2484 1318 2550 sed
1339 2486 1525 2554 salsiores'⁰

167 2593 260 2660 qnam
283 2574 327 2640 illi
349 2575 534 2650 Atticorum,
557 2574 689 2642 Romani
709 2582 832 2639 veteres
850 2582 944 2660 atque
964 2571 1077 2640 urbani
1097 2575 1188 2642 sales.
1229 2581 1297 2663 Ego
1318 2588 1423 2646 autem
1444 2611 1484 2625 -

166 2667 326 2733 existimes
347 2667 436 2745 licet,
459 2668 544 2755 quod
565 2668 712 2736 lubet-
733 2666 863 2734 mirilico
885 2669 993 2755 capior
1019 2667 1154 2747 lucedis,
1182 2672 1320 2738 maxime
1340 2672 1488 2740 nostrati·

166 2758 240 2838 bus,
276 2762 460 2848 praesertim
492 2781 562 2828 cum
591 2785 643 2829 eas
669 2762 792 2830 videam
823 2763 960 2849 primum
991 2760 1104 2830 oblitas
1132 2765 1220 2831 Latio
1242 2774 1324 2842 tum,
1360 2785 1431 2832 eum
1452 2765 1485 2832 in

165 2853 279 2920 urbem
311 2865 450 2922 nostram
478 2866 526 2922 est
552 2856 652 2923 inlusa
679 2855 901 2945 peregrinitas,
938 2876 1020 2923 nunc
1049 2878 1126 2924 vero
1154 2859 1247 2924 etiam
1276 2857 1428 2924 braccatis
1455 2868 1486 2924 et

166 2947 363 3034 transalpinis
391 2948 583 3024 nationibus,
620 2958 654 3015 ut
682 2950 802 3016 nullum
830 2949 946 3015 veteris
980 2950 1098 3035 leporis
1125 2952 1290 3038 vestigium
1325 2959 1482 3039 appareat
1496 2955 1525 3000 ¹³

165 3047 288 3129 ltaque,
311 3052 341 3108 te
361 3063 432 3108 cum
455 3042 562 3118 video,
575 3064 694 3109 omnes
715 3043 792 3108 mihi
814 3042 963 3118 Granios,
985 3063 1094 3108 omnes
1112 3045 1267 3119 Lucilios,
1292 3077 1333 3090 —
1355 3063 1430 3110 vere
1451 3052 1488 3110 ut

166 3135 267 3200 dicam
289 3171 328 3182 -
357 3139 485 3202 Crassos
515 3157 642 3224 quoque
665 3143 696 3202 et
721 3135 844 3226 Laelios
865 3134 973 3202 videre
994 3134 1115 3202 videor.
1157 3137 1290 3214 Moriar,
1313 3137 1341 3203 si
1361 3145 1487 3224 praeter

150 3238 197 3294 te
219 3249 408 3316 quemquam
428 3230 584 3316 reliquum
605 3230 721 3305 habeo,
744 3229 775 3295 iu
797 3250 861 3316 quo
881 3228 1000 3315 possim
1021 3228 1188 3316 imaginem
1210 3233 1355 3318 autiquae
1370 3239 1403 3296 et
1416 3251 1487 3296 ver·

166 3323 294 3389 naenlae
315 3321 490 3389 festivitatis
512 3344 692 3409 agnoscere.
747 3323 795 3389 Ad
816 3323 874 3389 hos
895 3323 1020 3409 lepores
1041 3343 1113 3390 cum
1136 3345 1225 3392 amor
1246 3345 1321 3411 erga
1350 3345 1401 3388 me
1422 3331 1491 3389 tau·

166 3424 216 3482 tus
238 3414 379 3492 accedat,
411 3417 535 3482 miraris
557 3437 607 3482 me
628 3424 710 3481 muta
731 3414 967 3503 perturbatione
995 3415 1181 3484 valetudinis
1203 3427 1274 3484 tuae
1297 3427 1360 3483 tam
1381 3417 1527 3504 gravi-⁸⁰

165 3519 214 3576 ter
242 3511 451 3577 exanimatum
479 3510 596 3578 luisset
629 3512 658 3575 3.
693 3509 786 3589 Quod
815 3520 918 3576 autem
945 3510 1042 3576 altera
1070 3511 1200 3599 epistola
1226 3531 1343 3599 purgas
1371 3521 1402 3577 te
1424 3533 1488 3578 uon

167 3603 376 3670 dissuasorem
404 3604 481 3670 mibi
511 3605 676 3692 emptionis
708 3604 927 3691 Neapolitanae
948 3603 1061 3680 luisse,
1084 3605 1139 3670 sed
1161 3615 1322 3672 auctorem
1343 3605 1489 3674 modera-

166 3698 259 3763 tionis
280 3697 433 3774 urbanae,
455 3721 558 3786 neque
579 3720 638 3785 ego
660 3699 752 3765 aliter
771 3699 897 3785 accepi;
929 3698 1069 3765 intellexi
1090 3706 1194 3764 tamen
1214 3699 1316 3776 idem,
1338 3699 1424 3785 quod
1439 3699 1488 3766 bis

165 3790 305 3877 intelligo
326 3792 451 3870 litteris,
474 3815 538 3860 non
559 3792 751 3858 existimasse
771 3800 800 3858 te
822 3791 899 3857 mihi
919 3791 1038 3869 licere,
1061 3791 1093 3857 id
1116 3792 1201 3880 quod
1223 3815 1283 3880 ego
1298 3792 1483 3867 arbitrabar,

165 3905 216 3950 res
238 3885 294 3951 has
327 3906 390 3951 non
417 3887 545 3952 omnino
567 3885 694 3973 quidem
715 3884 770 3951 sed
791 3905 936 3970 magnam
965 3893 1086 3973 partem
1109 3886 1298 3974 relinquere.
1342 3886 1526 3953 Catulum⁸⁶

168 3979 245 4044 mihi
267 4001 377 4046 narras
399 3989 430 4046 et
451 3981 503 4046 illa
524 3989 675 4067 tempora.
719 3977 802 4058 Quid
823 3979 949 4045 similet
970 4000 1010 4045 ue
1031 3981 1074 4046 mi
1097 3979 1224 4069 quidem
1244 3979 1304 4067 ipsi
1324 3988 1398 4045 tunc
1417 3979 1485 4065 pla·

166 4071 256 4138 rebat
276 4073 391 4140 diutius
413 4073 522 4140 abesse
543 4073 582 4139 ab
604 4074 652 4138 rei
673 4071 815 4159 publicae
837 4071 988 4139 custodia.
1030 4073 1222 4140 Sedebamus
1238 4073 1322 4138 enim
1336 4072 1368 4137 in
1382 4072 1481 4159 puppi

166 4176 197 4231 et
217 4167 339 4231 clavum
362 4166 559 4246 tenebamus3
581 4187 664 4232 nunc
685 4176 790 4233 autem
810 4167 865 4232 vix
887 4175 934 4233 est
950 4167 982 4232 iu
997 4168 1116 4234 sentina
1129 4168 1226 4233 locus.
1269 4171 1300 4231 4.
1321 4173 1369 4232 Αιι
1382 4166 1486 4231 miuus

166 4260 261 4326 multa
289 4269 412 4327 senatus
448 4261 587 4327 consultu
615 4259 720 4326 futura
740 4269 845 4348 putas,
879 4261 907 4327 si
929 4281 988 4347 ego
1010 4262 1069 4327 sim
1090 4260 1245 4348 Neapoli?
1273 4265 1390 4327 Romae
1412 4279 1484 4324 cum

166 4375 235 4420 sum
257 4361 288 4420 et
309 4375 409 4440 urgeo
423 4355 547 4431 sorum,
575 4365 699 4420 senatus
720 4354 861 4420 consulta
882 4353 1063 4421 scribuntur
1083 4355 1166 4441 apud
1187 4362 1361 4421 amatorem
1382 4361 1485 4427 tuum,
1497 4360 1527 4404 ⁴⁰

234 4575 261 4624 1.
281 4573 436 4638 exemptum.
485 4575 542 4638 Quo
558 4576 630 4640 [orto
646 4573 788 4640 intelligere
806 4573 839 4624 ad
862 4573 916 4625 an.
936 4573 980 4631 tt.
1002 4574 1033 4625 tt
1052 4575 1091 4634 Α,
1110 4573 1143 4624 8:
1162 4572 1307 4635 sumptum
1323 4573 1395 4637 [neto
1411 4569 1489 4621 tntel·

164 4643 242 4708 ltprrr
260 4643 306 4705 ll,
326 4645 470 4707 exemptum
485 4646 560 4710 [ortt.
599 4644 745 4710 Intelligere
764 4643 794 4694 ll.
812 4669 845 4679 -
873 4643 901 4696 6.
919 4644 1042 4709 guantone
1060 4643 1104 4696 uz
1123 4644 1228 4708 quondo
1247 4641 1278 4692 u.
1297 4667 1330 4677 -
1362 4643 1406 4692 to.
1424 4654 1489 4704 quu-

164 4715 251 4766 trtduo
269 4729 341 4766 corr.
363 4714 408 4767 tt:
427 4715 576 4780 quadriduo
594 4729 635 4781 pr.
654 4712 699 4776 11,
719 4715 808 4764 triduo
826 4713 856 4764 ll.
885 4739 917 4749 -
955 4713 999 4764 13.
1019 4713 1067 4764 rtur·
1086 4710 1148 4776 [aare
1165 4739 1174 4752 ·
1193 4737 1204 4750 ·
1221 4737 1232 4750 ·
1250 4709 1307 4775 ttbr']
1326 4718 1488 4775 perspectum

164 4783 299 4842 Orellius,
327 4785 425 4849 partlm
455 4798 518 4835 cum
543 4785 693 4837 Cratandro
711 4789 737 4835 et
763 4784 913 4834 Lambinus
947 4783 996 4835 rats
1011 4791 1173 4848 perspectum
1188 4781 1233 4844 M,
1264 4783 1312 4833 rot
1329 4795 1381 4832 erre
1398 4795 1489 4831 curun

163 4867 246 4905 menn
262 4855 421 4906 mutudtntr
438 4861 516 4912 tuuc.
535 4869 614 4920 quom
633 4856 681 4906 ntt
696 4861 858 4919 perspectam
875 4868 937 4905 cum
957 4853 1046 4904 Guell.
1066 4867 1122 4905 rec.
1142 4853 1173 4904 ll.
1192 4853 1248 4904 Cir.
1262 4853 1342 4904 Hand
1356 4851 1434 4902 Tura.
1450 4851 1486 4902 ll.

165 4925 308 4988 p.t·1.-
345 4925 388 4976 tt.
408 4925 497 4976 reobro
516 4939 557 4988 pr.
578 4925 623 4988 tt,
643 4927 869 4978 rontonnacum.
888 4925 925 4974 u.
944 4949 979 4959 -
1014 4923 1060 4974 22.
1078 4923 1209 4988 qutdtutret
1228 4922 1319 4975 11-
1343 4921 1388 4973 2⁵1.
1412 4923 1486 4973 Fort.

164 4995 385 5050 Arttor.01.-
420 4995 465 5048 29.
486 4992 536 5062 Aa]
555 5003 585 5048 nt
603 4997 641 5052 bl.
667 5019 702 5032 -
738 4994 782 5047 dt.
800 4995 989 5047 moderationis
1006 4993 1051 5048 ll:
1071 4995 1285 5046 cornnornttontr
1301 4997 1412 5044 aucum
1430 4991 1487 5046 bla-

164 5067 240 5118 uutio
258 5067 290 5120 B.
709 5075 713 5082 “
