3668 5936
53 1035 99 1116 Η

104 983 212 1101 «ι

326 355 389 420 dil
819 355 878 418 ΕΡ.
899 355 952 418 ΑΙ)
974 353 1145 418 hTTlCUM

327 515 359 578 in
386 515 419 578 P.
453 510 596 579 Clodium
624 508 864 596 mhscrlpseml;
897 513 931 576 L.
958 509 1145 586 Domitium,
1173 509 1262 576 cuius
1290 507 1418 576 domam
1445 509 1690 577 constitutam

327 605 442 679 luisse,
465 605 548 670 unde
569 605 693 690 eruptio
716 603 817 669 ficret:
841 623 891 668 me
912 624 975 668 non
996 603 1181 679 nominavit,
1204 603 1259 669 sed
1280 603 1361 669 dixit
1381 603 1607 670 consularem
1631 602 1690 670 di·

327 710 462 775 sertum,
499 698 634 764 vicinum
656 697 807 773 consulis,
843 695 903 763 sihi
924 696 1060 773 dixisse,
1096 698 1224 764 Ahalam
1246 697 1413 764 Servilium
1433 696 1592 784 aliquem
1621 707 1689 764 aut

237 784 248 798 ”
328 799 458 859 Brutum
485 783 660 878 opus'essc
686 790 831 876 reperiri.
886 787 1012 856 Addidit
1031 790 1070 855 ad
1092 801 1283 867 extremum,
1316 811 1403 864 cum,
1431 789 1494 856 iam
1515 790 1687 858 dimissa

304 904 318 940 ι»
327 885 489 960 contione,
517 893 682 949 revocatus
711 882 875 950 aVatinio
903 881 1027 958 luisset,
1061 904 1096 950 se
1116 884 1240 951 audisse
1261 906 1279 949 a
1301 884 1437 952 Curione
1457 879 1510 950 his
1520 885 1593 964 (de
1621 905 1685 950 re-

327 978 386 1045 hus
414 979 570 1076 conspicuat
599 997 666 1043 esse
694 970 861 1082 Pisonem)
891 995 1042 1062 generum
1067 998 1192 1053 meum,
1210 975 1256 1061 (et
1282 983 1323 1044 M.
1351 967 1598 1061 Laterensem.)
1643 982 1682 1044 4.

328 1077 415 1139 Nunc
441 1093 516 1137 rens
544 1081 610 1137 erat
637 1071 720 1157 apud
748 1075 894 1139 Crassum
921 1061 1055 1136 ailitem
1084 1070 1271 1138 Vettiusde
1300 1071 1347 1144 vi,
1380 1080 1428 1148 ct,
1460 1092 1533 1137 cum
1575 1081 1684 1138 esset

327 1165 504 1240 damnatus,
534 1174 600 1232 erat
627 1165 773 1230 indicium
794 1164 1022 1250 postulaturus;
1051 1165 1137 1252 quod
1159 1171 1183 1231 si
1205 1165 1416 1252 impetrasset,
1438 1164 1560 1232 iudicia
1589 1165 1680 1232 fore

328 1257 521 1325 videbantur.
569 1263 614 1325 Ea
644 1280 717 1334 nos,
750 1266 858 1344 utpote
886 1257 939 1344 qni
966 1257 1042 1324 nihil
1063 1269 1263 1325 contemnere
1284 1258 1437 1335 solemus,
1462 1279 1525 1324 non
1552 1259 1680 1346 perti-

294 1352 550 1419 ·amescebamns.
599 1352 768 1418 Hominum
789 1350 916 1439 quidem
940 1373 1060 1417 summa
1082 1373 1155 1436 erga
1177 1373 1234 1418 nos
1256 1351 1356 1418 studia
1376 1349 1675 1436 significabantur3

328 1447 383 1513 sed
404 1467 533 1534 prorsus
554 1446 636 1513 vitae
659 1446 773 1512 taedet:
795 1447 838 1512 ita
860 1454 931 1511 snnt
951 1447 1055 1511 omnia
1076 1446 1215 1512 omnium
1237 1446 1435 1512 miseriarum
1453 1445 1674 1530 plenissima.

327 1541 422 1608 Modo
449 1540 578 1606 caedem-
603 1541 822 1614 timueramus,
849 1561 942 1626 quam
969 1539 1071 1606 oratio
1099 1539 1261 1606 fortissimi
1289 1541 1388 1628 signis,
1418 1542 1456 1618 Q.
1486 1541 1670 1614 Considii,

201 1612 208 1634 l
327 1634 526 1714 discusserat;
559 1656 609 1709 ea,
638 1655 731 1721 quam
759 1633 898 1719 quotidie
928 1633 1038 1698 timore
1066 1642 1283 1720 potueramus,
1316 1633 1421 1701 subito
1449 1644 1563 1700 exorta
1599 1644 1669 1700 est.

328 1726 413 1806 Quid
434 1728 580 1815 quaeris?
609 1727 684 1793 nihil
707 1749 757 1792 me
778 1725 1012 1802 infortunatius,
1043 1728 1120 1793 nihil
1140 1727 1327 1794 fortunatius
1349 1739 1396 1794 est
1417 1728 1543 1804 Catulo,
1578 1749 1669 1793 cum

293 1821 493 1909 asplendore
514 1822 611 1898 vitae,
639 1823 742 1903 †tum
765 1820 824 1887 hoc
844 1831 995 1908 tempore.
1043 1827 1105 1887 Nos
1126 1831 1228 1888 tamen
1250 1822 1282 1887 in
1303 1821 1351 1888 his
1372 1823 1508 1888 miseriis
1537 1833 1666 1887 erecto

327 1918 431 1983 animo
453 1924 484 1982 et
504 1916 631 1982 minime
652 1913 834 2002 perturbato
855 1936 976 1990 snmus,
997 1915 1275 2002 honestissimeque
1296 1917 1365 1998 †et
1385 1916 1567 2002 dignitatem
1596 1937 1666 1981 no-

327 2021 422 2078 stram
449 2030 655 2096 magnacum
677 2018 810 2075 tuemur.
861 2015 890 2076 5.
912 2010 1079 2095 Pompeius
1107 2008 1146 2074 de
1169 2009 1278 2076 Clodio
1299 2008 1387 2075 iuhct
1407 2031 1465 2077 nos
1486 2031 1556 2076 esse
1580 2011 1663 2076 sine

327 2125 402 2170 cura
424 2113 456 2168 et
476 2124 627 2170 summam
649 2108 681 2169 in
703 2124 760 2168 aos
781 2101 1028 2168 benevolentiam
1050 2101 1136 2167 omni
1157 2103 1300 2170 oratione
1320 2102 1481 2189 significat.
1523 2109 1570 2169 Te
1596 2102 1661 2168 ha·

327 2197 403 2263 here
424 2197 626 2262 consiliorum
655 2206 831 2271 auctorem,
863 2194 1104 2262 sollicitudinum
1126 2197 1261 2274 socium,
1295 2197 1381 2263 omni
1401 2197 1434 2262 in
1455 2196 1660 2282 cogitatione

181 2276 193 2308 ⁶
288 2313 319 2356 aa
327 2290 526 2356 coniunctum
548 2290 652 2374 cupio.
695 2292 816 2367 Quare,
838 2298 873 2355 ut
885 2287 1045 2354 Numestio
1066 2279 1224 2366 mandali,
1247 2298 1348 2356 tecum
1369 2299 1405 2355 nt
1425 2299 1546 2376 ageret,
1569 2291 1658 2356 item

327 2392 421 2471 atque
448 2404 502 2459 eo,
529 2382 557 2450 si
577 2392 693 2468 potest,
723 2381 841 2458 acrius,
870 2391 900 2446 te
921 2402 1017 2467 rogo,
1049 2390 1085 2448 ut
1104 2382 1196 2470 plano
1216 2383 1256 2449 ad
1278 2404 1336 2449 nos
1355 2383 1491 2450 advoles.
1534 2381 1655 2466 Respi-

327 2497 418 2552 raro,
440 2481 465 2544 si
487 2486 518 2540 te
539 2475 657 2543 videro.
1570 2486 1576 2496 '

776 2591 1190 2699 numnam)

803 2738 944 2806 CICERO
966 2739 1109 2806 ATTICO
1131 2741 1163 2804 S.

289 2879 317 2917 aa
412 2859 441 2920 1.
464 2856 540 2920 Cum
568 2853 704 2940 aliquem
725 2849 807 2938 apud
836 2861 866 2916 te
886 2850 1017 2918 laudaro
1039 2861 1165 2918 tuorum
1186 2851 1401 2930 familiarium,
1430 2853 1532 2920 volam
1553 2855 1650 2922 illum

326 2953 407 3016 scira
435 2968 476 3014 ex
504 2957 535 3013 te
563 2969 614 3013 mc
640 2945 673 3012 id
694 2946 821 3023 lecisse;
851 2953 885 3010 ut
912 2966 1012 3033 nuper
1040 2967 1090 3012 me
1117 2946 1177 3012 scis
1204 2946 1364 3033 scripsisse
1392 2945 1431 3011 ad
1452 2955 1482 3012 te
1504 2948 1544 3014 de
1565 2955 1649 3016 Var-

326 3043 413 3109 ronis
441 3063 517 3129 erga
542 3063 592 3108 me
614 3041 735 3116 officio,
765 3048 796 3104 te
817 3039 858 3106 ad
878 3059 928 3105 me
948 3041 1146 3128 rescripsisse
1168 3060 1237 3105 eam
1258 3059 1327 3105 rem
1348 3061 1487 3106 smnmae
1508 3042 1566 3109 tihi
1586 3063 1649 3108 vo-

325 3137 435 3223 luptati
462 3157 541 3202 csse.
591 3135 652 3202 Sed
674 3154 733 3220 ego
755 3135 893 3210 mallem,
926 3134 965 3200 ad
986 3135 1088 3222 ipsum
1109 3135 1285 3220 scripsisses
1316 3133 1392 3199 mihi
1415 3135 1501 3200 illum
1522 3136 1647 3202 satisia·

326 3251 415 3305 cere,
445 3251 509 3296 nou
536 3250 599 3318 quo
620 3229 753 3302 iaceret,
781 3226 836 3294 sed
864 3235 899 3294 nt
923 3227 1050 3294 faceret.
1103 3225 1287 3294 Mirabiliter
1314 3227 1397 3294 enim
1419 3235 1558 3294 moratus
1579 3239 1646 3303 est,

289 3325 406 3390 aisicut
426 3323 522 3399 nosti,
555 3324 664 3390 ἔιικτά
692 3335 748 3389 και
777 3325 872 3389 οὐδέν
892 3357 950 3388 r.
1003 3325 1066 3387 Nos
1087 3329 1227 3386 tenemus
1247 3331 1449 3407 praeceptum
1470 3321 1562 3397 illud,
1585 3325 1645 3398 τὰς

328 3425 389 3485 τῶν
403 3417 614 3503 κρατούντων.
658 3420 697 3481 At
716 3416 843 3482 hercule
865 3415 945 3481 alter
964 3423 1036 3480 tuns
1056 3413 1231 3489 familiaris,
1253 3415 1418 3489 Hortalus,
1440 3435 1535 3501 qnam
1550 3415 1645 3500 plena

327 3533 436 3586 manu,
471 3531 564 3597 quam
592 3511 746 3596 ingenue,
779 3530 872 3597 qnam
900 3517 1009 3574 ornate
1042 3503 1164 3574 nostias
1194 3507 1301 3574 laudes
1331 3508 1365 3573 in
1391 3518 1473 3574 astra
1501 3509 1643 3584 sustulit,

326 3625 397 3669 cum
419 3603 458 3670 de
478 3603 579 3670 Flacci
600 3614 746 3690 praetura
767 3614 798 3668 et
819 3601 857 3668 de
878 3602 933 3668 illo
956 3611 1096 3686 tempore
1117 3600 1320 3687 Allobrogum
1341 3602 1476 3668 diceretl
1514 3602 1567 3667 Sic
1586 3601 1644 3668 ha-

327 3696 416 3770 heto,
446 3717 504 3761 nec
529 3699 680 3764 amantius
707 3719 765 3763 nec
791 3694 1046 3762 honorificentius
1073 3715 1130 3760 nec
1151 3695 1308 3780 copiosius
1330 3695 1469 3782 potuisse
1490 3695 1561 3760 dici.
1603 3695 1643 3762 Ei

288 3797 358 3854 aste
379 3789 439 3854 hoc
459 3789 597 3856 scrihere
618 3811 636 3856 a
658 3811 707 3856 me
729 3789 786 3858 tihi
807 3811 876 3856 esse
896 3789 1025 3856 missum
1047 3809 1121 3854 sanc
1142 3791 1226 3854 volo.
1276 3793 1307 3857 2.
1330 3790 1391 3856 Sed
1412 3789 1489 3876 quid
1509 3798 1543 3855 tn
1564 3789 1642 3854 sori-

394 4000 421 4051 3.
435 4003 573 4052 autetiam
585 4001 696 4052 Brutum
708 4002 776 4050 1.·-
793 3997 1058 4064 5.uCar.]caGur·
1074 4000 1142 4050 l.-
1160 3998 1265 4064 aran]
1279 4013 1319 4051 res
1331 4000 1353 4050 1.
1370 4025 1397 4040 ·-
1418 3999 1445 4051 8.
1458 4002 1581 4051 indiciam
1593 4003 1639 4054 lil.

325 4070 484 4121 Emendasit
501 4071 647 4122 Manutius.
679 4097 710 4110 —
746 4071 773 4122 9.
793 4071 864 4122 Fors.
882 4071 1019 4120 sommus.
1056 4069 1110 4120 Cir.
1130 4070 1233 4134 Zumpt.
1255 4072 1288 4120 ad
1307 4070 1384 4120 verr.
1404 4085 1430 4134 p.
1450 4072 1510 4122 999.
1539 4071 1590 4123 Oa·
1610 4095 1641 4108 -

326 4142 370 4191 19.
389 4154 562 4192 summaom.
583 4142 614 4190 11.
636 4167 664 4180 -
703 4143 746 4196 19.
766 4137 856 4205 quam]
875 4155 922 4204 que
939 4141 976 4190 M.
1014 4139 1191 4190 Emendatnm
1211 4145 1251 4190 est
1270 4141 1296 4190 in
1316 4140 1360 4190 111.
1394 4165 1422 4179 ·-
1461 4141 1493 4203 Q.
1513 4139 1641 4206 Cosuidii]

324 4214 546 4276 quecumsipr.
566 4211 611 4270 M,
642 4213 672 4274 0.
694 4212 858 4263 Οοηιιοοπ.
878 4211 915 4260 Μ.
949 4235 978 4250 -
1017 4209 1060 4260 13.
1080 4213 1234 4276 minaeum
1253 4225 1293 4273 pr.
1312 4210 1435 4272 M,eam
1451 4213 1642 4273 patamlcum

325 4295 396 4331 corr.
415 4282 451 4332 M.
473 4307 504 4322 «-
540 4283 633 4332 cotidie
651 4283 687 4333 M.
721 4309 749 4320 -
788 4281 830 4332 tt.
849 4281 915 4330 aiiii
932 4295 972 4331 ms
987 4281 1150 4343 fortunatius
1167 4287 1192 4330 st
1211 4281 1303 4330 Catulo
1321 4280 1364 4341 M,
1382 4295 1422 4331 me
1439 4281 1505 4330 aiiii
1521 4283 1641 4346 [ortana-

325 4353 376 4400 tias
394 4359 418 4402 st
436 4352 529 4402 Catulo
546 4352 586 4413 11,
616 4352 655 4402 aii
672 4367 711 4403 me
727 4353 918 4418 insortamtias
936 4358 960 4402 et
978 4350 1071 4400 Catulo
1090 4350 1110 4399 l.
1149 4351 1326 4401 Emendatum
1353 4356 1392 4400 est
1416 4364 1446 4400 er
1466 4351 1497 4402 Y.
1531 4375 1562 4388 -
1597 4352 1641 4402 15.

325 4421 396 4472 Fort.
418 4429 472 4473 tum
490 4423 558 4486 qaod
575 4429 697 4484 tempore.
718 4423 767 4474 Oa.
787 4447 819 4458 -
855 4423 889 4472 iis
906 4421 1016 4472 moenis
1033 4419 1078 4480 M,
1102 4421 1237 4471 hisatium
1253 4423 1364 4470 mmerit's
1382 4421 1403 4469 1.
1432 4445 1467 4458 --
1502 4421 1545 4471 to.
1564 4423 1641 4472 lions·

322 4493 479 4557 ocissimeque
496 4493 651 4557 dipaitatem
668 4500 788 4543 nostram
806 4500 830 4544 at
847 4505 945 4557 mapaa
968 4494 1077 4541 auctore
1097 4491 1218 4542 Ernestio
1231 4490 1401 4550 Schuetzins,
1420 4491 1641 4556 imusthsimapus

323 4569 347 4610 et
365 4577 463 4627 mapsa
482 4577 547 4612 curo
570 4563 725 4628 dipnitotem
747 4569 866 4612 nostrum
888 4562 1018 4613 Graevius
1040 4559 1068 4610 in
1093 4561 1161 4611 nidd.
1194 4587 1225 4596 -
1263 4563 1305 4612 19.
1324 4563 1353 4610 io
1376 4561 1447 4611 omni
1465 4561 1495 4610 11.
1527 4588 1555 4598 -
1594 4561 1638 4610 25.

323 4634 394 4694 optsd
412 4639 438 4683 te
456 4633 567 4696 aliquem
587 4633 608 4681 1.
627 4657 660 4668 -·
695 4633 782 4682 uolam
800 4646 854 4683 om.
875 4647 916 4696 pr.
936 4633 973 4682 M.
994 4658 1023 4669 -
1062 4631 1106 4682 91-
1127 4629 1184 4695 tihi]
1202 4633 1252 4682 sihi
1271 4631 1374 4684 lioslos.
1395 4653 1424 4667 ν
1452 4631 1495 4680 98.
1515 4632 1641 4681 odiliam

323 4702 398 4752 Mill.
435 4702 555 4753 Correxit
574 4701 719 4752 Ernestins.
739 4727 773 4737 -
807 4700 883 4766 miii]
900 4703 966 4751 nihil
983 4703 1019 4753 111
1036 4711 1063 4755 et
1081 4716 1121 4765 pr.
1141 4702 1178 4753 M.
1202 4727 1232 4737 -
1261 4703 1409 4763 satisfacere
1426 4703 1471 4750 scd
1488 4708 1517 4750 ιιι
1533 4703 1638 4766 [aemi.

323 4771 523 4822 Mirabiliterli
548 4777 575 4823 et
592 4786 633 4836 pr.
653 4772 697 4832 M,
727 4773 885 4836 satisfacere.
912 4773 1069 4824 mirabiliter
1086 4785 1156 4822 corr.
1176 4771 1220 4829 M,
1251 4773 1411 4835 satisfaceret
1437 4771 1593 4822 mirabiliter
1615 4771 1639 4819 1.

325 4841 502 4892 Emendatom
522 4848 562 4893 est
579 4857 611 4893 en
631 4843 648 4891 1
669 4848 695 4892 et
712 4855 767 4906 mg.
787 4843 939 4893 Cratandri.
974 4868 1000 4878 -
1038 4845 1083 4895 19.
1103 4849 1194 4892 oratus
1214 4842 1235 4890 1.
1266 4841 1377 4911 2³⁰·
1397 4837 1484 4892 οὐδέν
1503 4863 1549 4892 -·.
1587 4841 1640 4890 Nos

324 4911 368 4960 M:
397 4907 494 4963 odds'v.
530 4913 645 4962 Scdaos
667 4913 735 4963 11111.
765 4936 793 4951 ··-
831 4913 875 4964 31.
895 4913 1015 4964 hortatus
1033 4913 1106 4965 Mssl.
1151 4913 1306 4962 correctum
1326 4916 1366 4960 est
1384 4924 1416 4960 ox
1434 4910 1463 4962 z.
1496 4935 1525 4946 -
1561 4923 1639 4977 quom

324 4979 413 5044 plena]
431 4984 507 5047 puori
523 4983 601 5045 plena
620 4997 690 5033 corr.
710 4983 748 5035 M·
768 5007 798 5019 -
835 4982 879 5034 31.
896 4984 998 5034 sustulit
1017 4999 1071 5032 om.
1094 4983 1122 5033 11.
1145 5008 1173 5016 -
1211 4982 1254 5032 35.
1273 4981 1362 5032 scribis
1381 4980 1401 5030 1.
