3656 5868
712 391 786 454 ult.
809 393 846 456 V.
889 391 948 456 ΕΡ.
973 391 1021 456 13.
1047 391 1096 456 tl.
1120 393 1169 460 15.

720 548 803 612 rra
845 546 896 628 (A.
922 549 955 613 u.
978 549 1011 614 c.
1032 547 1118 634 roe.)

508 660 543 722 n.
566 659 753 725 eunomus
775 661 814 737 o.
836 663 869 724 r.
892 661 1212 727 s.o.u.ro1.1.10
1234 665 1275 728 ns
1297 667 1331 729 r.

340 785 369 847 1.
391 781 426 846 si
448 781 549 856 vales,
571 779 653 845 bene
674 789 737 846 est:
760 801 820 867 ego
841 779 947 856 valeo,
970 779 1050 846 siout
1070 781 1180 858 soleo,
1203 783 1341 869 paullulo
1360 793 1464 852 tamen
1486 789 1580 856 etiam

249 875 393 943 deterius
424 896 520 962 quam
541 874 638 941 soleo.
695 879 739 941 Te
760 873 912 962 requisivi
933 875 1073 960 saepius,
1111 885 1146 940 ut
1167 874 1324 943 viderem:
1361 884 1478 946 Romae
1505 885 1580 970 qnia

252 979 363 1060 postea
386 990 449 1034 non
469 968 556 1034 luisti
579 989 672 1054 quam
694 967 884 1043 decesserat,
906 967 1037 1033 miratus
1059 990 1144 1047 sum;
1167 969 1252 1056 quod
1274 971 1350 1035 item
1372 994 1455 1040 nunc
1468 977 1605 1043 mirone

253 1070 323 1130 Non
343 1063 446 1129 babeo
468 1071 607 1136 certum,
641 1083 723 1149 quae
750 1070 781 1126 te
803 1082 855 1126 res
876 1060 950 1127 binc
978 1062 1115 1127 maxime
1142 1063 1291 1129 retrabat.
1349 1067 1382 1132 Si
1412 1070 1579 1137 solitudine

251 1159 427 1232 delectere,
449 1179 522 1223 cum
540 1155 658 1222 scribas
680 1164 711 1221 et
730 1155 847 1242 aliquid
868 1175 943 1242 agas
959 1175 1086 1232 eorum,
1109 1178 1245 1243 quorum
1260 1162 1434 1236 consuesti,
1457 1166 1580 1250 gaudeo

252 1273 356 1338 neque
377 1251 576 1337 reprebendo
598 1257 686 1317 tuum
707 1248 891 1328 eonsilium;
924 1270 996 1314 nam
1017 1249 1095 1314 nihil
1116 1251 1177 1316 isto
1198 1258 1302 1338 potest
1323 1274 1391 1320 esse
1413 1256 1580 1326 iucundius

252 1368 317 1412 nou
338 1346 435 1412 modo
456 1343 580 1410 miseris
601 1343 650 1409 bis
671 1341 870 1430 temporibus
890 1351 921 1408 et
942 1342 1111 1418 luctuosis,
1149 1344 1205 1409 sed
1234 1346 1329 1412 etiam
1351 1349 1528 1437 tranquillis
1549 1361 1580 1418 et

251 1439 382 1526 optatis,
404 1438 589 1526 praesertim
615 1438 665 1504 vel
686 1437 791 1502 animo
809 1435 977 1521 defatigato
999 1447 1070 1512 tuo,
1092 1437 1148 1524 qui
1162 1459 1244 1504 nuno
1262 1440 1435 1528 requietem
1449 1456 1581 1532 quaerat
1592 1465 1619 1510 ro

252 1557 295 1600 ex
316 1533 437 1619 magnis
458 1530 732 1618 occupationibus,
769 1531 820 1596 vel
841 1531 983 1605 erudito,
1013 1531 1068 1618 qui
1095 1552 1222 1618 semper
1242 1533 1363 1620 aliquid
1386 1557 1427 1602 ex
1449 1559 1483 1603 se
1504 1559 1580 1625 pro-

253 1635 333 1704 mat,
361 1625 446 1714 quod
469 1625 547 1691 alios
569 1626 719 1701 delectet,
749 1625 854 1712 ipsum
875 1623 1020 1690 laudibus
1042 1623 1185 1691 illustret.
1228 1631 1258 1691 2.
1282 1628 1337 1693 Sin
1358 1637 1478 1706 autem,
1501 1631 1582 1698 siout

251 1721 326 1788 bine
346 1719 552 1796 discesseras,
574 1718 711 1785 lacrimis
733 1740 770 1784 ac
791 1718 935 1784 tristitiae
958 1727 988 1783 te
1009 1718 1181 1794 tradidisti,
1205 1719 1318 1797 doleo,
1341 1723 1415 1810 quia
1438 1723 1526 1792 doles
1548 1735 1581 1796 ct

251 1836 389 1902 angere;
426 1835 489 1880 non
510 1834 639 1901 possum
660 1821 692 1878 te
713 1834 792 1886 non,
826 1813 853 1877 si
875 1811 1041 1887 concedis,
1078 1812 1165 1900 qnod
1189 1813 1356 1892 sentimus,
1392 1825 1428 1882 ut
1448 1817 1579 1886 liberius

252 1909 406 1984 dicamus,
434 1927 592 1973 accusare.
636 1906 720 1985 Quid
742 1906 849 1971 enimt
885 1913 920 1970 tu
941 1906 1027 1972 solus
1048 1915 1157 1992 aperta
1178 1929 1241 1973 non
1263 1907 1400 1985 videbis,
1425 1911 1480 1998 qui
1502 1933 1576 1999 pro-
1590 1931 1616 1976 rs

252 2011 326 2090 pter
345 2021 477 2067 acumen
499 2001 709 2067 occultissima
729 1999 904 2088 perspicis?
937 2007 971 2065 tu
1000 2020 1063 2065 non
1084 1999 1239 2087 intelliges
1260 2011 1291 2067 te
1314 2003 1451 2089 querelis
1474 2005 1578 2093 quoti-

252 2095 353 2163 dianis
373 2094 451 2160 nibil
471 2095 650 2181 proficeret
678 2115 742 2160 non
762 2093 917 2178 intelliges
931 2091 1085 2180 duplicari
1106 2095 1350 2171 sollicitudines,
1373 2119 1451 2184 quas
1472 2100 1578 2166 levare

252 2199 306 2256 tua
337 2197 368 2253 te
396 2187 562 2275 prudentia
590 2188 746 2274 postulat?
783 2191 813 2253 5.
854 2185 976 2265 Quodsi
997 2207 1063 2253 non
1096 2188 1253 2273 possimus
1282 2190 1402 2277 aliquid
1423 2192 1578 2278 prolicere

252 2281 429 2357 suadendo,
465 2282 566 2367 gratia
587 2281 803 2347 contendimus
824 2289 856 2346 ct
875 2278 1033 2366 rogando,
1063 2281 1091 2346 si
1112 2281 1189 2369 quid
1209 2291 1317 2348 nostra
1340 2287 1521 2364 causaris,
1544 2297 1579 2353 ut

252 2375 321 2441 istis
346 2383 376 2440 te
405 2375 556 2441 molestiis
583 2375 669 2440 laxes
692 2374 784 2440 etad
812 2374 989 2440 convictum
1010 2382 1154 2440 nostrum
1175 2374 1286 2446 redeas
1309 2375 1363 2462 [et]
1386 2376 1426 2443 ad
1447 2399 1616 2446 consue-rc

252 2468 394 2535 tudinem
415 2468 466 2534 vel
493 2476 635 2534 nostram
663 2488 862 2534 communem
890 2467 941 2532 vel
968 2475 1054 2532 tuam
1076 2467 1174 2534 solius
1196 2489 1233 2534 ac
1253 2471 1425 2557 propriam.
1479 2473 1579 2560 Cupio

252 2583 317 2628 non
338 2560 514 2628 obtundere
546 2569 591 2638 te,
627 2561 740 2627 sinon
761 2561 917 2627 delectare
939 2568 1048 2625 nostro
1070 2560 1190 2641 studio;
1221 2563 1315 2650 cupio
1337 2563 1516 2642 deterrere,
1539 2588 1578 2631 ne

252 2677 437 2744 permaneas
449 2655 482 2721 in
496 2655 632 2741 incepto.
653 2660 741 2721 Nunc
751 2653 831 2720 duae
844 2675 896 2720 res
909 2653 988 2719 istae
999 2654 1176 2721 contrariae
1186 2677 1237 2721 me
1248 2657 1445 2736 conturbant,
1458 2681 1499 2726 ex
1509 2661 1580 2748 qui-

254 2749 315 2817 bus
324 2759 379 2817 aut
388 2751 421 2815 in
432 2749 531 2816 altera
540 2748 618 2814 mibi
627 2747 738 2825 velim,
750 2749 776 2814 si
790 2758 894 2835 potes,
911 2746 1110 2834 obtemperes
1125 2758 1179 2816 aut
1192 2751 1225 2815 in
1239 2750 1337 2818 altera
1351 2773 1415 2818 non
1426 2753 1578 2820 offendas.

727 2891 793 2956 ru
834 2887 885 2973 (A.
910 2891 943 2955 u.
965 2890 998 2955 o.
1020 2890 1105 2962 roe.)
1587 2924 1616 2970 ..

578 3005 620 3068 u.
642 3003 787 3069 emmo
808 3004 840 3066 s.
862 3005 899 3065 n.
922 3003 956 3066 n.
979 3003 1146 3068 nocomo
1168 3003 1207 3079 o.
1228 3005 1262 3067 r.

340 3129 368 3190 1.
391 3123 501 3190 Omnis
523 3143 615 3188 amor
634 3131 707 3190 tuus
729 3143 770 3188 ex
791 3119 937 3187 omnibus
958 3118 1100 3208 partibus
1121 3142 1156 3186 se
1177 3121 1314 3188 ostendit
1334 3123 1367 3189 in
1388 3123 1426 3190 iis
1447 3125 1577 3202 litteris,

253 3241 331 3308 quas
352 3239 370 3284 a
390 3227 422 3284 te
444 3217 590 3304 proxime
620 3216 740 3304 accepi,
773 3236 837 3281 non
864 3214 917 3279 ille
948 3212 1075 3301 quidem
1104 3213 1182 3278 mibi
1213 3214 1353 3300 ignotus,
1383 3217 1441 3283 sed
1475 3225 1577 3284 tamen

253 3323 360 3400 gratus
381 3321 413 3378 et
434 3318 574 3398 optatus:
596 3309 736 3377 dicerem
757 3359 776 3387 „
783 3307 938 3375 iucundus
946 3313 973 3382 '’,
996 3306 1056 3373 nisi
1076 3304 1110 3373 id
1130 3307 1263 3374 verbum
1286 3309 1319 3375 in
1341 3331 1434 3376 omne
1455 3320 1578 3398 tempus

253 3405 471 3496 perdidissem.
513 3408 620 3492 Neque
642 3403 684 3469 ob
706 3425 776 3469 eam
795 3424 890 3468 unam
913 3423 1053 3477 causam,
1076 3422 1170 3488 qum
1192 3411 1227 3469 tu
1241 3404 1409 3490 suspicaris
1424 3407 1501 3472 etin
1516 3427 1616 3493 quaro

252 3522 305 3567 me
326 3498 493 3566 lenissimis
515 3507 547 3562 et
566 3497 787 3564 amantissimis
809 3496 915 3563 verbis
936 3505 1028 3562 utens
1041 3516 1077 3560 re
1092 3496 1230 3581 graviter
1244 3519 1388 3575 accusas,
1411 3501 1466 3566 sed
1481 3501 1577 3588 qnod,

252 3595 336 3662 illius
357 3592 434 3659 tanti
454 3590 595 3659 vulneris
616 3612 696 3678 quae
718 3590 859 3656 remedia
880 3611 949 3656 esse
971 3587 1142 3666 debebant,
1165 3611 1202 3655 ea
1216 3591 1301 3658 nulla
1316 3600 1397 3658 sunt.
1440 3597 1470 3674 2.
1494 3593 1577 3671 Quid

253 3689 360 3754 enimt
382 3686 422 3752 ad
443 3685 600 3752 amicosne
622 3684 826 3772 confugiam?
857 3687 960 3763 Quam
980 3683 1072 3749 multi
1092 3689 1182 3749 suntt
1209 3684 1382 3751 Habuimus
1405 3686 1488 3751 enim
1510 3688 1577 3753 sere

253 3801 450 3856 communes,
483 3800 621 3867 quorum
641 3779 694 3844 alii
715 3776 911 3854 occiderunt,
946 3777 1000 3843 alii
1021 3777 1128 3843 nescio
1150 3797 1214 3864 quo
1235 3787 1327 3863 pacto
1350 3780 1577 3847 obduruerunt.

253 3880 370 3941 Tecum
391 3873 499 3940 vivere
520 3894 646 3961 possem
667 3871 815 3962 equidem
837 3880 869 3938 et
889 3871 1025 3936 maxime
1047 3870 1176 3936 vellem:
1198 3879 1351 3949 vetustas,
1374 3895 1480 3950 amor,
1503 3893 1614 3940 con-ao

253 3967 401 4044 suetudo,
423 3967 526 4033 studia
549 3967 653 4055 paria;
675 3965 761 4055 quod
786 3966 924 4032 vinclum
949 3964 1039 4052 quasi
1061 3963 1150 4030 deest
1178 3974 1303 4031 nostrae
1324 3967 1576 4034 coniunctionis?
1638 4039 1640 4046 Α

253 4067 464 4128 Possumusne
495 4060 593 4146 igitur
620 4081 689 4126 esse
723 4066 806 4126 unat
839 4064 901 4124 Nee
920 4058 1100 4124 mehercule
1129 4057 1285 4146 intelligo,
1314 4060 1390 4148 quid
1410 4059 1576 4147 impediat3

254 4156 310 4222 sed
330 4163 416 4222 certe
437 4153 540 4221 adbuc
561 4177 624 4222 non
645 4153 778 4232 luimus,
815 4173 887 4220 cum
909 4172 1048 4218 essemus
1069 4151 1165 4218 ricini
1186 4153 1219 4218 in
1241 4156 1433 4228 Tusculano,
1463 4155 1496 4219 in
1518 4160 1577 4221 Pu-

322 4347 351 4398 3.
381 4361 428 4412 eqo
445 4347 520 4397 oolco
545 4346 583 4395 B:
607 4345 682 4397 ontco
699 4345 760 4398 Μ11.
787 4369 820 4384 -
854 4345 881 4395 5.
899 4345 1040 4395 doctum
1058 4339 1171 4410 (Tullia)
1191 4343 1328 4395 Orelllnna
1359 4347 1510 4396 discurreret
1527 4346 1574 4406 Μ,

253 4417 406 4467 dbemoroe
423 4416 461 4475 ll,
489 4431 507 4467 n
524 4429 564 4466 me
581 4417 733 4466 dinume
750 4428 821 4466 corr·
839 4414 878 4467 Μ.
909 4436 944 4450 -
979 4415 1022 4464 lo.
1041 4411 1120 4477 norw]
1138 4429 1191 4465 non
1209 4414 1247 4467 Μ.
1269 4439 1300 4450 -
1335 4419 1463 4480 requiram
1480 4416 1518 4476 Μ,
1537 4429 1577 4466 re·

253 4488 339 4552 pam
356 4487 387 4538 B.
416 4510 445 4522 -
482 4487 525 4538 13.
545 4487 672 4549 teipsum
689 4486 721 4537 B.
753 4509 784 4520 -
820 4485 885 4534 rieul
903 4485 962 4535 binc
979 4483 1230 4548 accusation
1253 4499 1306 4552 qua
1325 4492 1364 4536 cst
1382 4483 1433 4548 tic)
1462 4493 1488 4536 et
1506 4486 1578 4536 Mar-

254 4556 451 4622 tynidaguna:
483 4559 549 4606 rico
567 4557 626 4608 birro
643 4557 716 4606 dicos
739 4568 811 4605 eorm
837 4553 881 4614 Μ,
911 4555 978 4605 elcut
1001 4554 1042 4604 bic
1059 4555 1120 4606 dum
1139 4569 1197 4606 cros
1217 4555 1247 4606 Ε.
1277 4581 1308 4592 -
1344 4554 1388 4605 17.
1407 4570 1473 4620 qnae
1491 4556 1577 4606 levore

255 4627 384 4678 ltciernaz
416 4626 676 4692 macerarent,
702 4622 934 4690 moueant.
955 4623 1287 4688 -18.tuoteld:te,
1310 4631 1358 4676 too
1376 4625 1406 4676 11.
1428 4651 1458 4663 -
1493 4628 1576 4689 pout·

254 4697 371 4748 mli:
400 4710 536 4760 potuum
555 4697 586 4749 11.
614 4719 642 4732 -·
679 4693 1062 4755 so.r0‹toer....ectnt,
1090 4696 1180 4746 redens
1205 4703 1230 4746 at
1256 4694 1341 4746 aas.
1362 4695 1436 4745 Fert.
1463 4697 1575 4759 redeas,

254 4769 344 4818 rodoan
373 4767 419 4818 od.
450 4766 502 4818 or.
531 4791 560 4804 -
605 4766 650 4817 2³.
676 4769 788 4829 tempto.
825 4765 898 4816 Nurac
924 4765 1185 4830 Martyni-bnguna:
1211 4768 1333 4828 empto,
1365 4778 1422 4816 cum
1452 4765 1513 4818 ΜΕ.
1542 4792 1575 4806 -

254 4838 412 4889 martum
430 4837 476 4890 liz
506 4837 659 4888 conturbent
676 4837 706 4888 11.
739 4859 770 4871 -·
806 4836 851 4885 27.
869 4835 902 4884 tir
924 4835 1181 4900 nanque-trgum:
1212 4837 1252 4886 ltu
1270 4835 1330 4886 ΜΕ.
1351 4859 1381 4870 -
1418 4835 1462 4886 31.
1482 4835 1575 4887 otdce·

255 4915 318 4959 nott
335 4908 374 4961 Μ.
386 4931 418 4944 -
436 4907 481 4958 ³5.
491 4919 567 4970 pom
579 4907 694 4972 equidem
705 4906 953 4972 bierunt-laguna.
986 4906 1057 4956 Fort.
1066 4920 1140 4969 porra
1152 4919 1192 4956 mo
1203 4906 1320 4970 equidm
1331 4907 1455 4958 moto.
1475 4905 1526 4958 On.
1541 4932 1574 4946 -·

256 4977 301 5032 33.
319 4978 390 5043 qaod
412 4977 526 5028 mom
542 4977 673 5042 quurtdm
691 4973 778 5042 (quart
794 4975 874 5039 deut)
892 4990 921 5026 n.
939 4977 1129 5028 contemtionis
1145 4977 1189 5028 td:
1220 4977 1289 5041 quod
1306 4977 1381 5041 quoti
1405 4977 1518 5028 cinctum
1536 4983 1574 5030 ost

256 5063 284 5098 n.
311 5048 501 5100 masmim·
518 5047 557 5104 11.
588 5048 658 5112 quod
678 5047 804 5109 vinem,
831 5059 941 5111 quatro,
960 5045 1030 5100 deut
1052 5054 1159 5098 nostroe
1181 5046 1384 5098 coniunctioni?
1402 5047 1519 5102 Boetius.
