3628 5876
297 427 357 490 190
726 421 1002 490 EPISTOLARUM
1022 427 1075 489 AD
1095 425 1186 489 FAM.

293 583 406 652 milites
435 590 467 649 et
498 581 620 670 equites
640 579 681 647 ab
702 601 743 647 eo
767 587 959 649 transierunt
980 590 1012 647 et
1032 581 1066 646 in
1087 581 1154 647 dies
1176 580 1316 667 singulos
1342 581 1410 649 eins
1431 584 1540 672 copiae
1561 592 1620 653 mi-

292 686 441 746 nuunoar.
483 679 515 742 2.
544 675 667 742 Silanus
691 685 722 741 et
744 675 852 742 Culleo
873 674 913 741 ab
934 695 973 740 eo
994 674 1213 742 discesserunt.
1256 679 1319 741 Nos
1340 676 1399 742 etsi
1420 679 1558 762 gravitm
1579 680 1619 746 nb

291 771 331 836 iis
352 770 428 836 laesi
457 789 604 845 crannus,
641 767 728 856 quod
749 779 857 835 contra
879 778 1017 834 nostram
1039 769 1230 834 voluntatem
1252 767 1292 834 ad
1312 772 1480 836 Antonium
1501 772 1617 848 ierant,

292 874 396 930 tamen
417 873 543 930 nostrae
565 861 762 929 humanitatis
784 872 816 928 et
836 861 1072 929 necessitudinis
1087 883 1181 928 cansa
1202 883 1316 930 eornm
1337 865 1444 930 salutis
1464 866 1618 937 rationem

268 958 474 1035 shabnimus;
507 979 566 1024 nec
594 969 697 1024 umen
730 976 841 1022 eorum
867 976 965 1042 opera
994 956 1113 1022 utimur
1141 977 1244 1044 neque
1276 957 1441 1023 incastris
1468 958 1619 1026 babemus

292 1073 394 1138 neque
415 1051 473 1117 uili
494 1052 621 1138 negotio
641 1049 859 1136 praefecimus.
902 1050 996 1128 Quod
1017 1049 1057 1116 ad
1089 1048 1205 1116 beilum
1227 1051 1288 1117 boc
1308 1057 1429 1128 attinet,
1451 1075 1509 1119 nec
1530 1075 1619 1120 sena-

292 1147 338 1213 tui
348 1166 407 1211 nec
419 1144 621 1233 reipublicae
643 1142 812 1210 deerimus.
845 1146 934 1222 Quae
949 1153 1057 1230 postca
1072 1143 1246 1229 egerimus,
1267 1144 1380 1212 inciam
1394 1155 1425 1211 te
1438 1147 1617 1216 certiorem.

378 1339 407 1402 t.
428 1333 495 1400 Etsi
517 1333 762 1419 omnitempore
784 1351 904 1398 summa
922 1289 1023 1396 stbdia
1042 1329 1136 1396 officii
1157 1338 1267 1396 mutuo
1287 1331 1450 1400 internos
1471 1335 1616 1400 certatim

292 1429 497 1498 constiterunt
522 1447 582 1514 pro
610 1436 717 1492 nostra
745 1425 828 1494 inter
855 1447 913 1491 nos
941 1423 1149 1490 familiaritate
1177 1433 1209 1488 et
1234 1425 1368 1511 proinde
1389 1426 1556 1512 diiigenter
1576 1427 1616 1493 ab

257 1533 427 1611 antroque
448 1530 632 1588 conservata
659 1528 748 1593 sunt,
782 1529 885 1585 tamen
907 1539 970 1584 non
991 1516 1118 1590 dubito.
1151 1517 1184 1583 in
1207 1527 1291 1584 tanto
1314 1531 1345 1587 et
1366 1532 1427 1587 tem
1451 1523 1617 1608 repentino

291 1627 379 1684 motu
406 1615 455 1682 rei
483 1613 627 1702 publicae
661 1614 739 1700 quin
760 1614 907 1679 nonnulla
928 1611 967 1676 de
990 1633 1040 1678 rne
1060 1611 1145 1678 falsis
1166 1613 1349 1680 rumoribus
1370 1635 1388 1678 a
1409 1616 1487 1681 meis
1509 1615 1617 1682 obtre-

291 1709 463 1777 ctatoribus
484 1728 535 1775 me
556 1706 683 1793 indigna
705 1706 744 1773 nd
765 1717 796 1774 te
817 1707 918 1774 delata
937 1707 1014 1781 sint.
1038 1726 1118 1792 qnae
1133 1719 1222 1772 tuum
1236 1707 1374 1773 animum
1389 1729 1503 1795 magno
1518 1731 1617 1796 opere

292 1812 454 1871 moverent
488 1822 548 1890 pro
577 1811 633 1868 tuo
663 1822 772 1867 amore
800 1801 833 1866 in
854 1823 921 1868 rem
944 1799 1111 1888 publicam.
1161 1805 1204 1866 Ea
1227 1810 1257 1866 te
1280 1802 1437 1868 moderate
1459 1803 1617 1890 accepisse

291 1919 393 1984 neque
425 1907 545 1964 temere
575 1894 765 1961 credendum
797 1895 949 1961 iudicasse
977 1917 996 1961 a
1028 1897 1106 1961 meis
1127 1896 1387 1982 procuratoribus
1408 1901 1526 1961 certior
1546 1916 1615 1962 snm

255 1993 406 2072 uinctum
429 2012 509 2079 quac
531 1990 622 2064 mibi.
651 1998 687 2055 ut
707 1987 839 2064 debent,
861 1989 1037 2074 gratissima
1059 1999 1139 2054 sunt.
1183 1989 1312 2055 Memini
1333 1990 1416 2055 enim
1438 2000 1471 2056 et
1490 1990 1544 2057 iiia
1564 2011 1617 2058 sn-

291 2087 436 2172 periora‚
465 2105 545 2172 quae
572 2082 629 2148 abs
651 2091 703 2149 tua
730 2083 890 2148 voluntate
917 2082 1058 2168 profecte
1083 2092 1155 2148 sunt
1175 2083 1216 2148 ad
1236 2103 1337 2148 meam
1360 2083 1541 2168 dignitatem
1561 2104 1617 2150 au-

291 2180 424 2265 gendam
447 2189 479 2245 et
498 2177 681 2252 ornandam,
705 2197 785 2264 qnae
798 2187 951 2263 perpetuo
973 2175 1078 2241 auimo
1100 2197 1171 2241 meo
1192 2175 1254 2242 fixa
1276 2176 1454 2242 manebunt.
1499 2181 1529 2243 2.
1551 2176 1615 2243 Abs

291 2284 336 2349 te,
359 2276 402 2340 mi
425 2274 552 2346 Cicero,
575 2290 689 2356 magno
711 2290 808 2356 opere
831 2279 921 2357 peto,
944 2269 970 2334 si
992 2289 1093 2334 meam
1115 2269 1228 2344 vitam,
1251 2269 1424 2352 †studium
1446 2269 1615 2356 diligentis-

292 2367 370 2434 sime
393 2364 611 2452 snperioribns
634 2362 828 2450 temporibus
849 2364 881 2427 iu
902 2383 937 2427 re
959 2361 1083 2449 publice
1112 2362 1370 2438 administranda,
1393 2383 1474 2450 quac
1495 2363 1615 2450 Lepido

253 2458 384 2544 ἸἰΙίςιιι
405 2470 493 2534 sunt,
522 2465 686 2544 perspecta
708 2455 819 2530 babes,
851 2464 885 2520 nt
905 2457 994 2540 paria
1016 2467 1069 2524 aut
1091 2477 1131 2522 eo
1153 2457 1305 2544 ampliore
1326 2458 1450 2544 reliquo
1472 2467 1615 2544 tempore

291 2564 455 2638 exspectes
487 2561 519 2618 et
548 2550 682 2638 proinde
716 2559 768 2616 tna
802 2550 984 2615 anconae
1020 2551 1243 2618 metuendum
1274 2551 1449 2625 existimes,
1472 2572 1537 2639 quo
1559 2551 1614 2618 tibi

290 2646 382 2733 pinra
402 2654 457 2711 tuo
479 2649 592 2710 merbo
613 2641 727 2709 debeo.
769 2641 856 2711 Vale.
897 2649 935 2710 D.
957 2663 1007 2710 ιι.
1029 2644 1183 2712 Kalendas
1203 2645 1324 2721 lunias,
1352 2667 1394 2712 ex
1413 2644 1541 2719 castris,
1573 2665 1614 2710 ex

291 2745 389 2807 Ponte
410 2745 577 2824 Argenteo.

734 2878 856 2942 xxxv,
905 2875 954 2960 (A.
981 2879 1013 2947 u.
1036 2881 1068 2944 c.
1091 2879 1177 2964 ιιι.)

253 3026 282 3064 2.
383 2981 401 3101 (
417 3005 582 3069 nnrrnus
603 3005 684 3068 nir.
705 3003 808 3066 rrnn.
829 3000 943 3066 nour.
965 3003 1063 3066 unx.
1086 3003 1118 3066 s.
1139 3005 1178 3066 n.
1200 3004 1232 3067 s.
1253 3005 1287 3067 r.
1308 3004 1368 3068 ιι.
1391 3004 1430 3079 o.
1450 2997 1528 3105 n.)

376 3119 404 3182 1.
444 3119 476 3181 S.
504 3119 542 3180 V.
571 3111 727 3199 liberique
754 3116 851 3176 vestri
880 3117 917 3178 V.
944 3117 979 3177 B.
1008 3116 1043 3179 Ε.
1071 3115 1106 3178 Ε.
1138 3114 1177 3189 Q.
1205 3118 1244 3179 V.
1292 3118 1377 3178 Deos
1407 3112 1614 3202 hominesque

291 3218 406 3284 testor.
428 3219 533 3296 patres
554 3205 745 3292 conscripti,
768 3226 829 3292 qua
852 3214 954 3270 mente
975 3215 1007 3271 et
1028 3227 1092 3294 quo
1109 3206 1214 3271 animo
1236 3227 1360 3293 semper
1381 3207 1497 3275 iurem
1512 3208 1615 3294 pubii-

292 3324 361 3369 cam
392 3302 508 3368 fuerim
530 3309 561 3365 et
582 3321 676 3388 quam
698 3299 775 3365 nibil
796 3299 953 3386 antiquins
975 3301 1133 3365 communi
1155 3300 1253 3366 salute
1275 3321 1311 3366 ac
1331 3299 1475 3367 libertato
1496 3302 1615 3368 iudica·

288 3396 367 3475 rim;
389 3394 476 3482 quod
497 3393 588 3462 vobis
609 3393 700 3461 brevi
720 3391 919 3479 probassem,
942 3393 1002 3459 nisi
1024 3393 1099 3460 mihi
1121 3392 1248 3460 fortuna
1268 3395 1432 3480 proprium
1447 3397 1612 3462 consilium

252 3513 280 3553 sc
290 3495 483 3556 extorsisset.
524 3493 601 3554 Nam
623 3487 779 3553 exercitus
801 3497 930 3552 cunctus
952 3487 1210 3553 consuetudinem
1232 3508 1321 3553 suam
1342 3491 1375 3553 in
1397 3487 1517 3555 civibus
1539 3509 1612 3553 con·

290 3583 449 3649 servandis
471 3581 692 3667 communique
713 3601 809 3666 pace,
832 3579 986 3645 seditione
1008 3580 1104 3656 facta,
1127 3581 1255 3646 retinnit
1275 3602 1389 3668 meque
1410 3592 1513 3649 tantae
1534 3582 1615 3648 mui-

290 3676 430 3742 titudiuis
451 3676 565 3742 civium
587 3681 799 3741 Romanorum
820 3674 928 3738 salutis
949 3683 1042 3761 atque
1064 3674 1285 3740 incolumitatis
1306 3696 1431 3742 causam
1453 3676 1613 3762 suscipere

290 3778 325 3835 ut
347 3790 421 3836 vere
442 3769 559 3841 dicam,
593 3767 706 3853 coegit.
762 3771 794 3834 2.
817 3772 851 3833 ln
873 3788 934 3862 qua
956 3788 992 3832 re
1014 3787 1074 3853 ego
1096 3789 1169 3836 vos.
1206 3781 1310 3856 patres
1333 3771 1518 3857 conscripti,
1552 3791 1613 3835 oro

290 3872 385 3949 atque
406 3861 561 3936 obsecro,
583 3872 634 3936 nt,
666 3861 797 3948 privatis
818 3861 1043 3928 offensionibus
1065 3861 1207 3937 omissis,
1237 3884 1378 3929 summae
1400 3869 1447 3928 rei
1469 3864 1614 3951 publicae

253 3956 475 4030 cumulatis,
497 3977 576 4020 neve
599 3955 848 4021 misericordiam
870 3964 1008 4020 nostram
1027 3955 1246 4042 exercitusque
1268 3956 1368 4024 nostri
1389 3957 1422 4022 in
1444 3957 1528 4023 civiti
1551 3957 1614 4022 dis·

289 4048 435 4115 sensione
467 4049 595 4114 sceleris
625 4050 696 4115 loco
725 4050 857 4136 ponatis.
915 4049 1038 4127 Quodsi
1067 4049 1174 4116 salutis
1214 4050 1355 4116 omnium
1388 4071 1424 4116 ac
1456 4050 1614 4135 dignitatis

288 4143 444 4210 rationem
476 4142 662 4219 habueritis,
696 4143 808 4210 meiius
834 4151 867 4208 et
894 4142 985 4210 vobis
1013 4153 1045 4209 et
1076 4147 1123 4208 rei
1149 4143 1293 4230 publicae
1314 4144 1492 4210 considetis.
1534 4150 1613 4210 Data

289 4256 342 4304 ιιι.
363 4236 431 4302 Kai.
453 4240 520 4303 lun.
542 4258 560 4302 a
581 4242 677 4302 Ponte
698 4244 866 4322 Argenteo.

358 4428 386 4478 8.
403 4429 438 4478 ita
453 4427 501 4481 tta
520 4429 560 4478 bis
579 4427 610 4478 li.
646 4451 672 4462 -
709 4426 736 4478 8.
762 4429 853 4480 Novae
876 4427 1007 4492 epistolae
1032 4427 1141 4478 initium
1158 4428 1224 4480 htnc
1242 4427 1358 4478 fecimus
1375 4441 1438 4478 cnm
1456 4427 1612 4478 Victoriana

288 4497 384 4548 nitere.
406 4523 435 4534 -
474 4498 517 4548 11.
536 4505 610 4548 motu
628 4499 694 4560 reip.
713 4497 758 4550 uz
777 4499 933 4562 reipublicae
950 4505 1022 4548 moto
1042 4497 1072 4549 li.
1095 4523 1124 4536 -
1146 4499 1188 4549 1³.
1208 4505 1339 4549 mouerent
1356 4497 1406 4549 Μι
1424 4506 1561 4548 munuum
1580 4497 1611 4548 E.

287 4568 361 4619 Fort.
378 4570 516 4619 monem.
535 4567 587 4618 on.
607 4589 641 4604 -
677 4566 719 4619 1⁸.
739 4569 855 4620 studium
872 4567 914 4619 bi:
934 4577 958 4618 ιι
975 4567 1090 4618 studium
1109 4567 1139 4618 E.
1163 4567 1277 4632 (wem,
1301 4569 1429 4629 studium,
1448 4568 1612 4631 ditipmtiom

289 4637 447 4688 Lambinus.
486 4639 558 4688 Fert.
580 4649 596 4685 a
615 4637 725 4702 syllabis
742 4651 812 4690 mute
829 4639 1024 4689 Lambiuiense
1044 4639 1152 4689 lectioni
1170 4639 1324 4690 addendum
1343 4651 1480 4688 mmmcm-
1500 4641 1564 4699 tta.)
1581 4661 1611 4674 -

288 4709 332 4758 ³0.
351 4710 533 4758 cmeetndt'ne
544 4723 592 4759 eoo
603 4709 641 4758 Μ.
661 4731 692 4744 -
720 4709 887 4760 observandis
904 4708 954 4770 di,
973 4709 1109 4760 ιιινιιιιάιι
1126 4723 1183 4774 mg.
1202 4709 1307 4774 Repeti.
1327 4709 1421 4761 bamb.
1441 4733 1475 4744 --
1493 4709 1536 4759 ³⁸.
1547 4707 1611 4760 lini.

290 4778 349 4828 tut.
368 4793 387 4828 ιι
406 4777 463 4830 vn:
482 4779 544 4828 Eat.
563 4793 581 4827 o
601 4778 659 4829 ΜΕ.

850 4995 1050 5006 ——1-—2
