3628 5876
495 405 569 468 ΗΒ.
592 405 631 469 K.
675 405 734 470 ΕΡ.
757 409 807 470 35.
847 409 919 472 blB.
942 407 996 471 xi.
1040 411 1098 472 ΕΡ.
1123 413 1150 473 1.
1425 413 1482 476 191

700 961 851 1022 ΙιΙΒΕΒ
886 963 959 1024 xl.

349 1177 429 1250 Al)
472 1179 514 1253 D.
564 1181 817 1258 BRUTUM
861 1182 938 1256 ΕΤ
979 1181 1282 1265 CETEROS.

740 1431 905 1442 ——u—-a—

656 1617 995 1704 umnam)

420 1719 490 1848 (n.
512 1761 662 1824 nunnus
683 1760 814 1824 sacro
837 1761 911 1825 sno
933 1765 984 1828 er
1006 1765 1143 1848 cnssro
1166 1767 1197 1830 s.
1219 1747 1235 1873 )

163 1901 191 1964 t.
238 1875 326 1982 Quo
359 1899 392 1962 in
420 1902 502 1963 statu
528 1901 642 1972 simus,
679 1899 868 1983 cognoscite.
924 1903 1001 1968 Heri
1031 1905 1156 1990 vesperi
1175 1906 1266 1992 apud
1292 1927 1343 1972 me
1365 1908 1484 1974 Hirtius

160 1991 238 2073 lnit;
276 2011 339 2078 qua
368 2000 471 2056 mente
494 2001 576 2057 esset
596 1992 763 2065 Antonius,
800 1992 1039 2072 demonstravit,
1072 2000 1206 2084 pessima
1227 2001 1345 2068 scilicet
1364 2015 1395 2070 et
1416 2002 1485 2069 inli-

161 2087 328 2154 delissima.
371 2091 446 2150 Nam
469 2105 503 2150 se
525 2106 626 2172 neque
649 2086 725 2152 mibi
747 2087 941 2171 provinciam
962 2089 1038 2156 dare
1059 2113 1152 2178 posse
1168 2093 1271 2162 aiebat
1284 2118 1387 2184 neque
1400 2098 1508 2164 arbi-s

161 2182 236 2246 trari
259 2190 328 2248 tuto
350 2181 382 2246 in
404 2177 484 2246 urbe
506 2199 575 2246 esse
597 2200 786 2266 quemquam
808 2187 968 2261 uostrtrm;
1002 2183 1081 2250 adeo
1104 2207 1172 2252 esse
1194 2188 1329 2254 militum
1349 2191 1486 2257 concita·

161 2284 207 2341 tos
227 2275 352 2340 animos
373 2283 404 2340 et
425 2272 536 2360 plebis.
580 2273 673 2352 Quod
695 2283 864 2360 utrumque
887 2297 956 2341 esse
976 2276 1090 2345 falsum
1112 2289 1190 2366 puto
1211 2303 1268 2349 vos
1289 2284 1485 2351 animadver-

162 2379 240 2446 tere,
270 2378 367 2456 atque
389 2366 466 2434 illud
487 2387 557 2432 csse
578 2389 704 2442 verum,
732 2367 821 2454 quod
841 2370 962 2436 Hirtius
984 2371 1232 2451 demonstrabat,
1259 2377 1483 2455 timorosum,

161 2485 215 2539 ne,
247 2462 276 2528 si
305 2460 465 2528 mediocre
496 2461 649 2528 auxilium
669 2461 827 2547 diguitatis
849 2475 974 2532 nostrae
997 2465 1228 2544 habuissemus,
1255 2471 1359 2538 nullae
1379 2481 1484 2558 partes

161 2558 196 2624 iis
216 2558 249 2622 in
272 2555 456 2643 republica
477 2555 740 2642 relinquerentur.
782 2561 813 2622 2.
841 2563 918 2626 Cum
940 2559 972 2625 in
994 2561 1042 2628 bis
1063 2564 1214 2650 angristiis
1235 2586 1396 2642 versarer,
1420 2567 1522 2652 pla-¹⁰

161 2655 253 2718 citum
276 2658 327 2715 est
355 2649 449 2724 mibi,
481 2659 516 2715 ut
536 2649 729 2736 postularem
750 2650 939 2737 legationem
960 2653 1091 2722 liberam
1113 2656 1190 2722 mibi
1211 2658 1404 2747 reliquisque
1425 2681 1483 2726 no-

161 2750 243 2818 stris,
273 2753 311 2810 ut
331 2743 435 2831 aliqua
456 2763 549 2808 causa
571 2742 791 2830 proficiscendi
812 2743 942 2812 honesta
963 2761 1180 2834 quaereretur.
1222 2755 1309 2818 Haec
1329 2774 1364 2820 se
1385 2754 1486 2839 impe·

161 2847 314 2906 trnturum
334 2836 492 2924 pollicitus
514 2846 575 2911 est,
598 2858 657 2903 nec
677 2845 781 2902 tamen
795 2837 1034 2926 impetraturum
1055 2842 1196 2922 conlido;
1218 2852 1301 2910 tanta
1322 2854 1370 2910 est
1382 2845 1485 2912 bomi-

160 2952 230 2998 num
251 2931 419 2998 insolentia
435 2943 467 2998 et
481 2932 580 2998 nostri
600 2931 773 2999 insectatio.
814 2940 859 2999 Ac
879 2939 905 3000 si
920 2934 1083 3011 dederint,
1106 2937 1192 3022 quod
1206 2939 1356 3024 petimus,
1378 2947 1483 3006 tamen

160 3025 260 3110 paullo
290 3033 363 3112 post
393 3023 533 3092 futurum
562 3033 654 3112 puto,
686 3035 720 3092 ut
746 3027 851 3093 bostes
878 3027 1055 3096 iudicemur
1075 3039 1129 3096 aut
1150 3052 1229 3118 aqua
1252 3041 1283 3097 ct
1304 3032 1368 3116 igni
1391 3031 1483 3098 nobis
1496 3052 1522 3094 ts

161 3117 371 3185 interdicatur.
425 3123 455 3184 3.
486 3119 571 3199 Quid
602 3140 679 3205 ergo
701 3130 764 3195 est,
797 3121 916 3208 inquis,
949 3122 994 3187 tui
1017 3123 1157 3189 consiliii
1177 3124 1305 3190 bandus
1327 3133 1374 3190 cst
1394 3124 1482 3190 locus

160 3213 318 3292 fortunae;
354 3212 529 3278 cedendum
551 3233 592 3278 ex
613 3213 715 3288 ltalia,
738 3213 935 3300 migrandum
959 3216 1102 3282 Rhodum
1124 3227 1177 3283 aot
1198 3218 1303 3303 aliquo
1325 3230 1482 3284 terrarum

160 3307 306 3375 arbitror.
350 3308 382 3374 Si
403 3308 517 3374 melior
538 3328 630 3373 casus
651 3306 758 3383 interit,
791 3319 987 3376 revertemur
1009 3315 1155 3388 Romam:
1185 3311 1212 3378 si
1233 3312 1421 3385 mediocris,
1450 3316 1481 3377 in

160 3401 267 3468 exsilio
283 3405 442 3480 viveruus3
465 3402 491 3468 si
506 3401 676 3488 pessimus.
699 3402 739 3468 ad
760 3403 931 3470 novissima
945 3404 1060 3470 auxilia
1076 3403 1311 3471 descendemus.
1354 3411 1384 3472 t.
1407 3410 1482 3472 Suo·

160 3505 260 3562 curret
281 3495 418 3562 tortasse
449 3494 602 3561 hocloco
623 3495 715 3562 alicui
736 3501 890 3572 restrum,
922 3519 978 3564 cor
1000 3499 1206 3566 novissimum
1227 3511 1350 3586 tempus
1372 3519 1522 3586 crepe-ro

160 3599 275 3658 ctemus
296 3589 422 3677 potius,
445 3611 540 3677 quam
561 3609 644 3656 nuuc
665 3591 782 3678 aliquid
804 3593 996 3660 molismurt
1030 3593 1113 3672 Quia
1126 3593 1182 3660 ubi
1197 3593 1401 3661 consistamus
1418 3615 1482 3660 non

160 3683 309 3752 babemus
330 3693 457 3770 praeter
478 3687 551 3750 Sex.
572 3683 756 3771 Pompeium
778 3695 810 3752 et
830 3693 961 3753 Bassum
983 3687 1167 3762 Caecilium,
1198 3688 1253 3776 qui
1273 3686 1352 3752 mibi
1373 3687 1484 3753 riden-

160 3777 289 3844 turbon
312 3778 422 3844 nuntio
444 3776 484 3844 dc
506 3781 638 3845 Caesare
659 3779 753 3846 allato
771 3778 927 3847 firmiores
950 3781 1058 3848 futuri.
1100 3781 1181 3848 Satis
1202 3791 1346 3868 tempore
1368 3779 1409 3846 ad
1426 3800 1482 3846 eos

160 3871 358 3947 accedemus.
391 3870 460 3948 ubi,
497 3870 573 3959 quid
599 3871 738 3949 valeant,
767 3875 941 3941 scierimus.
993 3879 1056 3940 Pro
1087 3875 1193 3941 Cassio
1222 3885 1254 3942 et
1275 3885 1324 3950 te,
1357 3872 1487 3959 siquid

160 3985 206 4030 me
232 3965 339 4032 velitis
367 3966 526 4052 recipere,
564 3965 724 4052 recipiam.
777 3969 916 4034 Postulat
944 3973 1029 4034 euim
1050 3969 1110 4034 boc
1131 3969 1270 4042 Hirtius,
1304 3978 1340 4032 ut
1359 3967 1521 4033 faciamus

162 4062 188 4123 5.
208 4063 299 4145 Rogo
320 4079 394 4134 ros,
427 4059 679 4146 quamprimum
702 4059 779 4126 mibi
799 4060 980 4128 rescribatis
1003 4099 1042 4109 -
1065 4081 1137 4126 nam
1158 4082 1222 4128 non
1248 4060 1377 4135 dubito,
1407 4065 1484 4148 quin

161 4149 205 4218 bis
225 4151 265 4218 de
286 4151 385 4218 rebus
405 4161 478 4218 aute
500 4151 611 4218 boram
633 4163 775 4240 quartam
797 4155 917 4220 Hirtius
946 4154 1114 4221 certiorem
1135 4175 1186 4222 me
1207 4159 1248 4220 sit
1267 4155 1407 4220 tacturus
1424 4174 1482 4232 -;

162 4267 249 4332 quom
277 4247 312 4313 iu
340 4246 443 4312 locum
472 4246 641 4314 convenire
662 4247 834 4334 possimus,
867 4269 931 4336 quo
960 4270 1010 4315 me
1032 4249 1132 4315 velitis
1153 4250 1277 4323 venire,
1308 4246 1482 4315 rescribite.

162 4343 188 4406 6.
220 4345 296 4408 Post
321 4339 529 4408 novissimum
556 4340 651 4407 Hirtii
672 4361 866 4417 sermonem,
900 4342 1049 4428 placitum
1070 4352 1118 4409 cst
1137 4343 1213 4409 mihi
1235 4341 1411 4429 postulare,
1448 4347 1495 4406 ut

161 4431 265 4502 liceret
292 4433 386 4502 uobis
412 4455 481 4502 esse
511 4440 626 4501 Romae
647 4435 773 4522 publico
794 4436 968 4522 praesidio:
1003 4437 1088 4523 quod
1112 4437 1182 4503 illos
1204 4434 1295 4502 uobis
1316 4453 1522 4500 concessum

161 4547 211 4592 ros
237 4551 302 4594 non
334 4539 428 4616 pnt03
465 4549 610 4614 maguam
632 4534 715 4594 enim
742 4529 890 4596 invidiam
916 4529 954 4596 iis
976 4530 1136 4597 faciemus.
1192 4529 1273 4596 Nibil
1295 4538 1482 4596 tamennon

161 4623 377 4705 postulandum
400 4622 522 4709 potavi,
546 4622 632 4708 quod
653 4645 788 4710 aequum
810 4645 880 4690 esse
901 4635 1080 4690 statuerem.

225 4841 268 4890 10.
287 4836 333 4902 tte]
351 4841 391 4888 tte
408 4840 453 4898 Μ,
473 4838 523 4888 sits·
541 4838 699 4891 Lambinus.
718 4868 752 4877 —
772 4843 815 4893 12.
835 4843 892 4892 Hoc
909 4842 1019 4892 Ambrr.
1040 4847 1104 4891 tres.
1123 4840 1225 4904 Quidni
1242 4839 1332 4888 tonet
1350 4838 1431 4889 Barr.
1447 4863 1481 4874 -

162 4906 202 4958 15.
232 4911 289 4974 tqssi
314 4909 388 4960 noto
415 4910 588 4959 interdicetur
617 4910 664 4962 bl:
695 4913 751 4976 iqui
777 4913 966 4963 interdicamur
991 4913 1020 4962 ll.
1051 4937 1087 4948 --
1123 4912 1167 4962 19.
1186 4910 1360 4959 nummos
1385 4908 1422 4959 bl.
1448 4935 1482 4944 -

161 4977 201 5028 11.
220 4981 331 5030 coelium
349 4978 386 5031 tt.
408 5004 438 5016 -
458 4979 502 5028 13.
522 4982 633 5042 torpori
652 4982 782 5033 Romana.
802 5009 836 5018 -
854 4983 897 5033 27.
916 4984 948 5032 da
962 4983 1002 5033 tn
1018 4982 1069 5033 Vb.
1090 5007 1119 5018 -
1140 4982 1183 5032 ³1.
1202 4975 1341 5040 inuictum]
1359 4993 1483 5044 umquem

162 5045 204 5110 Ι,
222 5051 268 5115 qut
286 5051 416 5101 invidiam
434 5049 469 5100 ab
487 5050 541 5099 altr
561 5063 642 5101 mann
660 5052 742 5104 babet
760 5053 788 5103 in
807 5055 939 5117 margine.
959 5077 994 5088 -
1027 5053 1169 5118 socnam
1186 5051 1272 5100 ruat.
1293 5050 1405 5113 primus·
