3628 5876
292 394 356 462 att
721 397 995 464 nrtsronnatnt
1016 399 1069 464 hl)
1090 399 1182 466 Fam

292 571 395 628 vestm
416 580 468 626 res
495 554 620 645 publica
643 565 791 642 exsurget
820 565 851 624 et
872 555 904 622 in
925 555 1031 642 aliquo
1052 565 1133 624 statu
1154 553 1312 623 tolerablli
1332 557 1491 624 consistet
1534 563 1614 628 Sunt

292 654 375 723 eninr
397 653 569 740 permulta,
603 651 717 740 quibus
739 649 800 716 erit
819 648 1023 726 medendum,
1060 650 1153 718 etiam
1181 651 1208 718 si
1229 651 1426 739 respublica
1447 654 1521 721 satis
1542 675 1613 722 esso

292 745 450 815 ridebitur
470 744 642 812 sceleribus
663 743 800 812 bostium
821 740 963 811 liberata.
1005 745 1091 814 Vale.

766 906 821 970 rr.
865 903 914 988 (A.
940 909 972 972 u.
995 908 1027 972 c.
1048 905 1135 992 711.)

271 1069 286 1114 ,
508 987 529 1128 ζ
554 1031 587 1097 c.
611 1029 767 1095 cassrns
789 1029 954 1093 raucos
978 1031 1009 1094 s.
1030 1032 1068 1093 n.
1090 1033 1132 1094 u.
1155 996 1380 1119 stennone]

379 1148 408 1210 1.
450 1145 482 1209 S.
514 1146 552 1210 V.
580 1146 614 1207 B.
641 1144 677 1206 E.
706 1144 742 1205 E.
765 1140 803 1215 Q.
830 1144 868 1206 V.
910 1144 945 1208 lu
967 1140 1089 1230 Syriam
1110 1162 1162 1206 me
1183 1142 1360 1228 proiectum
1382 1163 1451 1210 esse
1472 1147 1551 1212 scito
1572 1145 1614 1212 ad

293 1244 327 1308 L.
348 1243 490 1306 Murcum
522 1244 553 1301 et
580 1237 618 1312 Q.
647 1237 805 1320 Crispum,
841 1233 1060 1319 imperatores.
1103 1235 1170 1302 Viri
1191 1235 1289 1302 fortes
1311 1237 1484 1325 optimique
1505 1239 1612 1316 cives,

292 1343 494 1423 posteaquam
517 1329 700 1402 audierunt,
738 1348 818 1414 quae
840 1333 957 1395 Romae
975 1341 1177 1414 gererentur,
1200 1333 1358 1398 exercitus
1380 1331 1455 1398 mihi
1477 1333 1614 1400 tradide-

292 1437 380 1502 runt,
413 1425 536 1513 ipsique
563 1444 685 1488 mecum
706 1444 768 1488 una
789 1421 961 1488 fortissimo
982 1427 1086 1489 animo
1112 1445 1180 1490 rem
1208 1425 1365 1512 publicam
1387 1426 1613 1494 administrant.

261 1528 371 1588 ¹⁰1tem
391 1521 562 1606 legionem,
592 1539 685 1604 quam
708 1515 1053 1595 decentissimum
1076 1516 1197 1593 habuit,
1229 1519 1269 1584 ad
1291 1541 1342 1586 me
1369 1521 1491 1586 venisse
1514 1521 1613 1600 scito;

293 1626 503 1704 quattuorque
524 1612 684 1698 legiones,
720 1631 798 1698 quas
818 1617 855 1677 Α.
877 1609 1015 1676 Allienus
1037 1631 1076 1676 ex
1098 1622 1240 1700 Aegypto
1261 1612 1391 1688 eduxit,
1423 1614 1552 1682 traditas
1573 1613 1612 1680 ab

293 1732 332 1777 eo
355 1708 433 1775 mihi
456 1729 524 1774 esse
546 1707 634 1774 scito.
683 1709 714 1771 2.
736 1711 824 1772 Nunc
845 1713 875 1770 te
897 1704 1113 1771 cohortatione
1134 1727 1197 1772 non
1219 1716 1295 1794 puto
1317 1707 1475 1794 indigere,
1500 1717 1535 1775 nt
1556 1729 1614 1774 nos

292 1803 435 1870 absentes
457 1823 587 1888 remque
608 1798 786 1886 publicam,
809 1808 957 1885 quantum
981 1803 1073 1864 estin
1095 1809 1145 1877 te,
1167 1799 1326 1869 defendas.
1369 1801 1457 1868 Scire
1483 1811 1514 1868 te
1529 1803 1612 1876 volo,

293 1897 381 1965 firma
403 1895 559 1984 praesidia
582 1894 674 1961 vobis
695 1893 878 1980 senatuique
908 1913 971 1958 non
992 1892 1118 1969 deesse,
1151 1903 1187 1960 ut
1207 1895 1326 1982 optima
1347 1917 1402 1983 spe
1425 1906 1456 1962 et
1475 1896 1613 1963 maximo

258 1995 396 2062 nanimo
418 2013 485 2057 rem
507 1989 661 2078 publicam
684 1987 842 2054 delendas.
885 1986 1014 2073 Reliqua
1038 1995 1138 2052 tecum
1154 1999 1224 2073 aget
1248 1994 1283 2054 L.
1306 1989 1460 2066 Cartcius,
1482 1989 1614 2056 familia·

293 2087 337 2152 ris
350 2107 450 2152 meus.
493 2084 579 2152 Vale.
620 2088 700 2149 Data
720 2081 816 2148 Nonis
837 2080 973 2156 Martiis,
996 2103 1037 2148 ex
1058 2083 1167 2148 castris
1189 2084 1357 2151 Taricheis.

754 2243 826 2306 κη.
869 2240 922 2322 (r.
949 2243 981 2307 u.
1004 2242 1036 2306 o.
1057 2242 1148 2323 arr.)

499 2311 516 2442 i
537 2366 692 2432 cnssttls
715 2364 880 2430 PROCOS.
902 2365 934 2428 S.
956 2367 994 2428 ll.
1016 2365 1058 2428 11.
1080 2365 1264 2432 CICERONI
1285 2367 1371 2434 SUO.

380 2479 409 2542 1.
432 2477 464 2541 8.
485 2478 523 2542 V.
545 2479 580 2540 B.
601 2476 637 2538 Ε.
659 2476 694 2538 Ε.
718 2474 757 2549 Q.
779 2478 818 2540 V.
871 2473 949 2559 Legi
976 2483 1046 2541 tuas
1072 2474 1208 2551 litteras,
1244 2475 1278 2544 in
1306 2477 1422 2565 quibus
1448 2481 1615 2550 mirificum

256 2580 382 2638 rotnum
415 2588 490 2654 erga
517 2587 570 2632 mc
595 2585 736 2632 amorem
766 2568 946 2652 recognovi
989 2566 1155 2635 videbaris
1187 2573 1271 2636 eninr
1299 2593 1362 2638 non
1384 2574 1486 2641 solum
1508 2575 1615 2644 lavere

294 2662 387 2730 nobis
408 2693 448 2706 -·
470 2661 503 2728 id
532 2661 617 2749 quod
645 2668 677 2726 et
698 2670 805 2726 nostra
826 2671 858 2726 et
878 2661 926 2726 rei
948 2660 1091 2748 publicae
1112 2683 1206 2730 causa
1228 2685 1353 2751 semper
1373 2665 1474 2734 fecisti
1497 2701 1537 2716 -·
1559 2670 1616 2738 sed

294 2759 388 2825 etiam
416 2777 544 2844 gravem
571 2775 680 2822 curam
707 2755 881 2843 suscepisse
903 2755 1166 2844 vehementerque
1187 2779 1256 2824 esse
1278 2758 1317 2825 de
1339 2758 1430 2826 nobis
1452 2763 1614 2830 sollicitus.

294 2857 418 2939 ltaque,
456 2849 540 2938 quod
563 2857 593 2915 te
614 2849 752 2936 primum
781 2849 962 2916 existimare
984 2850 1147 2936 putabam,
1182 2872 1242 2918 nos
1263 2873 1413 2940 oppressa
1433 2877 1469 2922 re
1491 2856 1616 2943 publica

263 2983 265 2990 ι
294 2952 457 3035 quiescere
478 2966 540 3012 non
561 2965 675 3032 posse;
705 2942 833 3019 deinde,
857 2965 928 3010 cum
950 2944 1147 3031 suspicarere
1168 2966 1226 3013 nos
1248 2947 1369 3022 moliri,
1392 2949 1479 3036 quod
1501 2959 1531 3016 tc
1552 2950 1614 3017 sol-

256 3059 284 3102 as
295 3042 412 3108 licitum
434 3061 503 3107 esse
525 3048 557 3105 et
578 3037 617 3104 de
638 3039 736 3105 salute
758 3049 864 3106 nostra
887 3047 918 3106 et
939 3039 978 3104 de
1000 3059 1107 3105 rerum
1130 3049 1243 3106 eventu
1264 3040 1429 3128 putabam:
1464 3043 1616 3111 simulac

293 3136 433 3222 legiones
460 3133 583 3221 accepi,
619 3154 697 3221 quas
723 3137 759 3200 Α.
787 3134 926 3200 Allienum
955 3131 1107 3200 eduxerat
1136 3154 1177 3199 ex
1197 3139 1356 3221 Aegypto,
1388 3136 1502 3224 scripsi
1523 3136 1563 3203 ad
1584 3146 1615 3202 te

294 3229 532 3315 tabellariosque
564 3227 741 3313 complures
773 3233 903 3294 Romam
932 3226 1013 3294 misi.
1057 3227 1175 3314 Scripsi
1196 3229 1290 3295 ctiam
1312 3229 1350 3295 ad
1372 3239 1513 3296 senatum
1533 3230 1616 3297 litte-

294 3347 363 3400 ras,
385 3345 463 3412 quas
483 3321 574 3390 reddi
595 3321 680 3387 vetui
701 3321 806 3407 prius,
829 3343 923 3410 quarn
945 3320 1002 3388 tibi
1022 3323 1169 3388 recitatae
1191 3332 1309 3401 essent;
1332 3323 1360 3390 si
1375 3324 1458 3390 sorte
1474 3323 1536 3390 mei
1559 3323 1616 3390 ob·

294 3427 471 3503 temperare
492 3416 569 3482 mihi
598 3415 766 3486 voluerint.
824 3414 945 3494 Quodsi
967 3415 1088 3482 litterae
1109 3416 1247 3502 perlatae
1269 3437 1332 3482 non
1353 3426 1444 3492 sunt,
1481 3439 1544 3484 non
1559 3418 1615 3484 dn·

257 3511 374 3586 robito,
396 3511 473 3597 quin
493 3509 671 3585 Dolabella,
708 3509 762 3596 qui
783 3509 903 3576 nelarie
924 3508 1084 3574 Trebonio
1097 3509 1211 3594 xocciso
1231 3510 1336 3576 Asiam
1358 3512 1541 3599 occupavit,
1571 3519 1616 3578 ta-

294 3605 441 3672 bellarios
461 3625 549 3672 meos
568 3603 769 3691 deprenderit
795 3603 977 3690 litterasque
1003 3604 1214 3690 interceperit
1256 3608 1287 3671 2.
1309 3605 1474 3674 Exercitus
1495 3627 1615 3682 omnes,

294 3700 403 3787 quiin
432 3698 521 3788 Spria
547 3698 691 3774 luerunt,
723 3708 826 3765 tenco.
881 3696 985 3763 Habui
1006 3697 1178 3784 paullulum
1199 3718 1325 3774 morae,
1359 3697 1436 3766 dum
1460 3704 1616 3786 promissa

294 3791 445 3860 militibus
466 3792 624 3880 persolvo.
666 3799 754 3859 Nunc
773 3792 835 3858 iam
857 3812 927 3857 sum
949 3792 1122 3877 expeditus.
1166 3797 1192 3860 Α
1214 3802 1245 3859 te
1264 3803 1360 3879 peto,
1382 3803 1419 3860 ut
1432 3792 1616 3880 dignitatem

294 3907 396 3952 meam
419 3886 664 3952 commendatam
686 3885 743 3952 tibi
765 3883 896 3961 habeas,
931 3886 959 3951 si
980 3907 1031 3952 me
1052 3885 1198 3973 intelligis
1228 3888 1347 3952 nullum
1368 3907 1471 3973 neque
1492 3887 1615 3974 pericu·

257 3981 358 4048 aslum
381 4001 484 4068 neque
505 3980 647 4047 lahorem
667 3980 788 4068 patriae
810 3980 998 4064 denegassc;
1034 3979 1061 4046 si
1082 3989 1191 4046 contra
1211 3980 1498 4067 importunissimos
1519 3981 1615 4046 latro-

295 4095 350 4142 nes
371 4096 457 4141 arma
485 4073 554 4160 cepi
583 4081 614 4138 tc
646 4072 791 4140 hortante
812 4080 844 4138 et
863 4084 1012 4152 auctore;
1046 4073 1071 4140 si
1093 4094 1157 4140 non
1178 4075 1281 4140 solum
1302 4073 1462 4141 exercitus
1484 4072 1614 4140 adrem

294 4169 451 4257 publicam
472 4167 711 4254 libertatemque
733 4164 960 4234 defendendam
981 4166 1175 4253 comparavi,
1197 4164 1253 4233 sed
1274 4167 1370 4233 etiam
1390 4166 1615 4234 crudelissimis

294 4263 433 4354 tyrannis
454 4261 573 4348 eripui;
606 4282 687 4348 quos
718 4265 744 4326 si
773 4271 955 4346 occupasset
975 4259 1155 4333 Dolabella,
1192 4281 1255 4326 non
1277 4260 1379 4326 solnm
1402 4260 1540 4328 adventu
1560 4259 1616 4330 scd

294 4358 387 4424 etiam
422 4356 570 4442 opinione
600 4365 631 4420 et
660 4355 892 4441 exspectatione
929 4353 1086 4420 exercitus
1121 4353 1171 4419 sui
1201 4354 1372 4420 Antoniuin
1392 4352 1615 4421 confirmasset

256 4455 324 4518 roll.
348 4454 433 4529 Quas
454 4448 497 4515 ob
518 4470 570 4514 res
591 4448 706 4514 milites
726 4457 833 4524 tuere,
855 4448 882 4514 si
904 4469 959 4514 eos
981 4447 1112 4514 mirifice
1134 4447 1173 4514 de
1194 4469 1230 4515 re
1252 4446 1376 4536 publica
1395 4448 1524 4514 meritos
1546 4467 1616 4538 esso

294 4544 529 4622 animadvertis;
567 4553 598 4608 et
625 4544 731 4618 ellice,
760 4563 799 4608 ne
827 4563 921 4628 quem
950 4543 1107 4627 poeniteat
1135 4564 1204 4608 rem
1232 4541 1389 4629 publicam
1411 4563 1503 4629 quam
1526 4560 1615 4626 spem

294 4638 428 4726 praedae
464 4647 495 4703 et
527 4637 708 4724 rapinarum
741 4641 830 4723 sequi
852 4636 1008 4703 maluisse.
1049 4641 1127 4702 ltem
1149 4637 1249 4704 Murci
1271 4645 1303 4702 et
1324 4635 1426 4722 Crispi
1446 4635 1617 4720 imperato·

363 4851 406 4900 to.
426 4861 553 4914 quumque
571 4847 690 4896 roscidus
715 4845 752 4896 11.
783 4870 813 4882 -
850 4847 894 4896 th.
923 4847 1073 4910 auratulquc
1089 4847 1158 4896 darae
1185 4845 1223 4896 11.
1260 4846 1331 4896 Fort.
1350 4848 1500 4908 sanututqor
1517 4845 1615 4896 adema

294 4919 373 4970 ltarr.
405 4941 433 4952 -
470 4918 514 4968 2¹.
542 4924 635 4967 nostru
668 4922 693 4965 st
718 4929 789 4966 corr.
815 4915 863 4966 ld:
890 4924 998 4966 nostras
1016 4931 1056 4980 pr.
1085 4917 1129 4978 11,
1157 4919 1243 4966 nostrl
1268 4923 1293 4966 et
1318 4915 1349 4965 Ε.
1381 4939 1411 4952 -
1448 4917 1493 4966 111.
1513 4917 1617 4967 ttttcror

293 5001 349 5038 om.
376 4990 406 5038 Β.
437 5012 467 5024 -
505 4988 548 5039 at.
579 4987 744 5050 deprenderet
773 4986 819 5037 hl:
851 4988 1043 5050 deprehenderit
1063 4985 1093 5036 ll.
1127 5009 1157 5022 -
1194 4985 1423 5051 &querendis
1442 4985 1562 5050 norrtt.
1585 5011 1614 5024 -

290 5059 419 5123 pollutum
435 5071 506 5110 mora
523 5057 561 5108 Μ.
584 5083 613 5094 -
651 5057 696 5108 aa.
716 5059 830 5108 aruum
847 5056 894 5119 11,
914 5058 1054 5108 cacrdtum
1072 5056 1121 5105 Vh.
