3680 5944
831 458 890 522 ΕΡ.
911 458 964 522 ΔΙ)
985 457 1159 524 arulum!

771 613 1182 700 ·nmuwm

830 766 1191 832 mmmmms

433 907 602 997 Dionysius
615 927 686 973 eum
701 905 807 972 adme
822 916 948 994 praeter
960 909 1141 995 opinionem
1156 925 1258 971 meam
1280 906 1433 980 venisset,
1459 907 1582 976 loeutus
1597 931 1683 976 sum

350 1027 422 1072 curu
445 1027 484 1072 eo
505 1002 737 1081 liberalissime
768 1011 910 1090 tempora
939 1002 1088 1091 exposui3
1117 1001 1245 1086 rogavi,
1266 1009 1302 1067 ut
1322 1001 1452 1076 diceret,
1475 1002 1551 1088 quid
1573 1002 1685 1068 habe-

327 1111 400 1166 sret
423 1105 454 1166 in
476 1099 598 1172 animo,
630 1117 681 1162 me
703 1096 780 1162 nihil
802 1095 841 1162 ab
863 1096 933 1182 ipso
954 1095 1058 1162 inrito·
1074 1095 1273 1161 contendere.
1316 1096 1488 1183 Respondit
1509 1119 1557 1172 se,
1581 1096 1682 1184 quod

349 1194 383 1259 iu
405 1193 540 1259 nummis
562 1189 707 1266 heberet,
735 1190 858 1256 nescire
881 1210 945 1277 quo
967 1189 1028 1255 inei
1050 1198 1146 1263 esset,
1177 1189 1254 1255 alios
1276 1211 1339 1255 nou
1361 1191 1501 1265 solvere,
1532 1190 1677 1255 aliorum

351 1287 434 1353 diem
458 1284 595 1351 nondum
618 1305 697 1350 esse.
747 1285 834 1350 Dixit
860 1283 953 1349 etiam
982 1283 1041 1348 alia
1064 1282 1215 1369 quaedam
1238 1283 1277 1348 de
1305 1283 1437 1350 servulis
1459 1285 1538 1358 suis,
1567 1303 1678 1370 quare

350 1381 514 1448 nobiscum
536 1399 604 1444 esse
626 1399 688 1444 non
710 1388 825 1464 posset.
868 1383 988 1444 Morem
1011 1377 1109 1462 gessi;
1148 1375 1251 1441 dimisi
1278 1397 1296 1441 a
1323 1397 1389 1451 ure,
1426 1387 1462 1442 ut
1482 1377 1676 1468 magistrum

351 1477 553 1546 Ciceronum,
575 1494 638 1538 uon
660 1471 818 1550 lubentem
841 1482 876 1538 ut
897 1473 1054 1537 huminem
1076 1470 1249 1556 ingratum,
1271 1491 1335 1536 non
1355 1471 1479 1536 invitus.
1521 1468 1613 1536 Voiui
1640 1481 1675 1534 te

314 1569 448 1646 rescire,
471 1567 546 1654 quid
568 1588 628 1652 ego
650 1566 690 1633 de
711 1567 780 1634 eius
801 1567 1087 1633 iacto-iudiearem.

818 1763 1192 1870 munem)

828 1916 1190 1982 ufflmwms

435 2064 464 2126 1.
488 2056 582 2138 Quod
603 2077 653 2122 mc
677 2077 789 2142 magno
811 2055 907 2122 animi
929 2064 1017 2122 motu
1038 2052 1254 2141 perturbatum
1276 2066 1381 2143 putas,
1413 2077 1481 2122 sum
1504 2057 1671 2146 equidem,

350 2155 491 2222 sednon
523 2161 587 2221 tam
617 2171 731 2237 magno
766 2172 858 2237 quam
891 2149 948 2215 tibi
971 2148 1102 2214 fortasse
1130 2149 1251 2215 videor.
1303 2155 1439 2216 Levatur
1460 2152 1542 2218 enim
1565 2155 1671 2218 omnis

314 2269 440 2324 secura,
463 2268 535 2313 cum
550 2253 602 2311 aut
617 2245 754 2310 constitit
768 2245 932 2310 consilium
947 2254 1000 2309 aut
1018 2243 1184 2328 cogitando
1200 2243 1275 2309 nihil
1291 2244 1466 2331 explicatur
1472 2269 1482 2324 ;
1503 2246 1671 2312 lamentari

350 2354 453 2410 autem
468 2342 549 2407 iicet.
571 2339 651 2406 lttud
666 2349 769 2404 tamen
781 2348 863 2405 totos
880 2337 962 2402 dies:
994 2338 1082 2412 „Sed
1099 2359 1223 2412 vereor,
1246 2359 1295 2414 ne,
1317 2339 1393 2404 nihii
1409 2360 1480 2404 cum
1493 2341 1669 2426 proficiam,

350 2437 443 2502 etiam
462 2433 610 2499 dedecori
632 2433 672 2497 sit
692 2431 802 2497 studiis
824 2452 861 2496 ae
880 2431 991 2496 litteris
1012 2431 1155 2497 uostris.”
1182 2436 1339 2499 Consumo
1360 2433 1455 2518 igitur
1476 2455 1568 2499 omne
1589 2446 1670 2500 tem·

350 2550 410 2616 pus
431 2525 647 2600 considerans,
671 2535 785 2610 quauta
807 2525 855 2590 ris
877 2525 917 2590 sit
936 2524 1020 2590 iilius
1042 2525 1122 2598 viri,
1144 2546 1237 2612 quem
1259 2527 1375 2592 uostris
1396 2526 1483 2594 libris
1504 2530 1577 2595 satis
1598 2529 1671 2595 diii-

350 2630 477 2707 genter‚
499 2629 534 2686 ut
555 2617 612 2684 tibi
635 2617 761 2706 quidem
782 2618 947 2691 videmur,
970 2619 1194 2704 expressimus.
1237 2625 1375 2686 Tenesne
1391 2621 1503 2706 igitur,
1525 2623 1671 2688 modera-

312 2726 453 2784 mtorem
480 2713 568 2780 ilium
595 2713 643 2779 rei
671 2711 815 2798 publicae
838 2732 901 2798 quo
923 2710 1046 2796 referre
1068 2711 1200 2778 velimus
1222 2713 1347 2778 omnia?
1379 2719 1454 2778 Nam
1476 2715 1521 2781 sic
1542 2717 1669 2801 quinto,

349 2817 385 2875 ut
407 2807 536 2895 opinor,
559 2807 590 2874 in
612 2805 695 2872 libro
717 2807 857 2893 loquitur
879 2806 1000 2893 Scipio:
1024 2809 1097 2882 „Ut
1116 2807 1218 2872 euim
1240 2806 1504 2893 gubernatori
1526 2829 1670 2874 cursus

350 2901 561 2977 secundus,
590 2899 742 2966 medico
771 2901 890 2976 satus,
920 2899 1161 2986 imperatori
1183 2901 1378 2978 victoria,
1408 2901 1465 2966 sic
1485 2901 1576 2967 huic
1596 2923 1670 2968 mo-

350 2997 533 3063 deratori
562 2994 623 3060 rei
651 2994 846 3081 publicae
874 2994 988 3059 beata
1017 2994 1164 3060 civium
1187 3000 1268 3060 vita
1290 2995 1500 3082 proposita
1522 3006 1597 3073 est;
1629 3005 1670 3061 ut

350 3088 491 3177 opibus
519 3089 653 3161 firma,
685 3087 816 3175 copiis
848 3088 1054 3174 locuples,
1091 3090 1223 3176 gloria
1255 3091 1396 3176 ampla,
1430 3091 1585 3156 virtute
1605 3088 1669 3154 ho-

313 3192 462 3253 ceresta
490 3183 550 3249 sit.
602 3183 725 3248 Huius
754 3183 856 3248 enim
881 3183 1018 3270 operis
1042 3183 1202 3248 maximi
1223 3183 1330 3249 inter
1352 3183 1530 3249 homines
1552 3193 1667 3269 atque

350 3277 490 3365 optimi
513 3277 623 3344 illum
646 3297 730 3342 esse
752 3276 1027 3363 perfectorem
1049 3278 1170 3343 volo.''
1213 3281 1243 3343 2.
1259 3281 1328 3344 Hoc
1343 3283 1461 3344 Gnaeus
1477 3286 1585 3343 noster
1597 3298 1667 3344 cum

350 3381 439 3436 antea
460 3392 633 3457 nunquam,
655 3379 721 3437 tum
744 3375 775 3436 iu
797 3368 854 3435 hac
876 3391 970 3437 causa
992 3372 1119 3436 minime
1134 3371 1292 3457 cogitavit.
1333 3373 1512 3438 Domiuatio
1528 3373 1667 3458 quaesita

350 3464 390 3530 ab
411 3474 547 3550 utroque
568 3473 631 3543 est;
658 3485 723 3530 non
750 3464 784 3529 id
815 3473 936 3540 actum,
973 3465 1064 3532 beata
1086 3472 1117 3529 et
1138 3465 1267 3530 honesta
1288 3466 1397 3531 civitas
1418 3477 1452 3532 ut
1473 3475 1564 3532 esset.
1608 3471 1668 3530 Nec

350 3580 429 3624 vero
449 3560 502 3624 iiie
524 3558 634 3624 urbem
655 3559 798 3644 reliquit,
822 3559 906 3644 quod
929 3580 996 3625 eam
1019 3558 1101 3624 tueri
1123 3578 1186 3623 uon
1208 3567 1330 3645 posset,
1353 3581 1411 3625 nec
1431 3561 1562 3635 Italiam,
1585 3559 1668 3647 quod

182 3649 194 3692 '·
314 3673 389 3718 enea
410 3651 594 3738 pelleretur;
628 3652 683 3719 sed
713 3653 773 3718 hoo
801 3674 819 3717 a
845 3653 949 3740 primo
970 3652 1136 3737 cogitarit,
1168 3674 1278 3720 omnes
1299 3662 1417 3728 terras,
1445 3655 1550 3719 omnia
1571 3655 1667 3720 maria

352 3767 500 3821 movere,
526 3766 619 3830 reges
640 3744 793 3811 barbaros
814 3747 963 3820 incitare,
992 3756 1098 3832 gentes
1120 3746 1202 3812 ieras
1224 3757 1358 3812 armatas
1381 3748 1413 3813 iu
1434 3744 1552 3813 ltaliam
1573 3745 1668 3812 addu-

351 3859 441 3914 cere,
474 3840 630 3905 exercitus
657 3839 811 3906 conficere
838 3841 1004 3905 maximos.
1062 3843 1168 3906 Genus
1194 3840 1272 3906 illud
1295 3841 1414 3906 Sullani
1435 3842 1524 3926 regui
1545 3840 1668 3926 iampri-

351 3933 424 3998 dem
456 3932 630 4018 appetitur,
667 3933 789 4009 multis,
828 3933 883 4018 qui
905 3955 968 3998 uua
989 3941 1081 4009 sunt,
1117 3934 1325 4020 cupientibus.
1382 3939 1430 4000 Au
1466 3955 1573 4000 censes
1595 3933 1667 4000 nihii

350 4026 433 4091 inter
461 4047 516 4092 eos
552 4027 736 4104 convenire,
768 4027 885 4093 nuttam
920 4027 1094 4114 pactionem
1129 4027 1197 4093 tieri
1228 4029 1389 4114 potuisse?
1422 4027 1524 4094 Hodie
1559 4037 1666 4114 potest.

314 4119 414 4187 esod
435 4121 539 4187 neutri
561 4124 683 4198 σκοπὸς
714 4129 761 4186 est
781 4122 854 4196 itte,
887 4130 922 4187 ut
943 4142 1001 4186 nos
1022 4119 1106 4188 beati
1135 4123 1249 4201 simus;
1285 4131 1419 4210 uterque
1440 4142 1574 4209 regnare
1595 4121 1666 4187 vuit.

352 4220 383 4282 3.
405 4218 529 4282 Haece
551 4226 582 4283 te
602 4217 750 4283 invitatus
771 4215 912 4282 breviter
933 4217 1076 4302 exposui.
1120 4216 1253 4284 Voluisti
1275 4217 1358 4284 enim
1380 4238 1447 4294 me,
1470 4216 1545 4303 quid
1568 4215 1605 4282 de
1622 4213 1666 4280 his

420 4455 447 4505 5.
466 4450 545 4519 quod]
570 4461 634 4520 quot
652 4455 725 4508 mur.
758 4479 790 4492 -
825 4456 852 4507 d.
871 4458 901 4506 e'n
917 4453 1039 4522 nummis]
1058 4471 1164 4508 nummo
1182 4457 1213 4516 1,
1240 4457 1269 4507 in
1286 4455 1434 4506 nominibus
1449 4461 1560 4506 anctore
1580 4453 1666 4504 neseio

352 4539 407 4588 quo
425 4525 496 4588 epud
517 4524 666 4576 corradum
684 4526 840 4576 Lambinus.
862 4553 890 4564 -
933 4527 1119 4579 rotomensis.
1142 4553 1171 4565 -
1208 4527 1236 4577 7.
1255 4539 1315 4579 eene.
1343 4527 1418 4576 Dicit
1436 4527 1516 4575 etiam
1534 4525 1665 4575 reditiones

351 4601 415 4645 ente
433 4595 594 4646 Graeviumr
619 4609 671 4648 eree
688 4597 767 4646 dieti.
804 4599 894 4648 Etiam
918 4613 980 4650 enm
999 4597 1114 4649 Graerio
1133 4599 1164 4648 Ε.
1195 4619 1221 4631 -
1260 4599 1287 4649 a.
1305 4597 1372 4646 eotoi
1391 4611 1432 4659 pr·
1451 4596 1491 4656 11,
1511 4595 1582 4644 coici
1598 4607 1664 4644 eorr.

351 4665 389 4716 Μ.
408 4689 442 4700 -
478 4666 521 4716 10.
540 4669 605 4716 eee're
622 4673 647 4716 et
665 4667 727 4730 quid
745 4666 819 4717 mut.
844 4693 869 4704 -
908 4670 951 4721 11.
970 4670 992 4719 Λ
1012 4667 1078 4719 Cod.
1099 4670 1131 4719 Y.
1151 4669 1330 4719 eberetheee
1350 4664 1478 4730 Epistola.
1500 4689 1530 4702 -
1550 4666 1593 4716 15.
1613 4677 1666 4714 ecn-

351 4737 421 4786 eiete't
448 4735 470 4786 Ι.
504 4759 532 4770 -
569 4737 680 4786 consitio
709 4743 739 4785 ut
766 4750 806 4798 pr.
837 4737 875 4787 Μ.
900 4765 933 4777 -·
968 4735 1119 4801 lamentari]
1138 4744 1226 4788 tamen
1250 4738 1303 4788 lure·
1323 4739 1361 4790 M·
1399 4736 1566 4794 (Correctum
1585 4741 1625 4784 eet
1641 4735 1665 4782 tu

352 4802 420 4868 mg.)
440 4831 473 4840 —
510 4805 553 4856 13.
582 4803 679 4868 tumen]
707 4813 794 4855 autem
816 4806 861 4856 lii.
896 4831 930 4846 -·
976 4810 1046 4860 dies:
1076 4821 1165 4859 eerwr
1189 4807 1350 4872 Metaeptua.
1373 4832 1403 4844 -
1441 4806 1483 4856 17.
1502 4807 1621 4856 dedecori
1635 4806 1666 4852 rit

352 4876 446 4925 studiis
462 4873 631 4939 Mataepiua:
659 4877 789 4926 dedecoris
818 4878 846 4925 in
875 4880 970 4929 studiis
1005 4893 1044 4942 pr.
1072 4879 1118 4938 M,
1150 4879 1258 4929 dedecor
1284 4880 1332 4927 eine
1356 4879 1385 4926 e'n
1408 4877 1501 4926 studiis
1530 4890 1599 4925 corr.
1624 4875 1664 4932 tt,

352 4945 470 4995 dedecori
498 4949 547 4996 rim
576 4948 669 4996 erudite
694 4946 748 4996 RE.
783 4947 910 5008 (dedecori
934 4951 992 4998 rim.
1031 4950 1062 4998 In
1086 4949 1178 4998 studiis
1205 4949 1305 4998 nostrie
1322 4961 1442 4997 eenmmc
1473 4959 1547 4997 omne
1574 4945 1609 5004 l.)
1637 4971 1665 4980 -

354 5014 397 5064 13.
425 5015 498 5064 tibris
523 5030 579 5066 orn.
608 5030 648 5080 pr.
677 5016 714 5068 11.
745 5041 772 5053 ·-
813 5018 855 5067 20.
884 5031 912 5067 re
938 5019 960 5068 i.
991 5043 1019 5056 -
1058 5019 1173 5068 columae
1198 5018 1243 5068 ttl.
1271 5041 1302 5054 -
1338 5017 1382 5068 26.
1400 5017 1578 5082 perfectiorem
1598 5017 1619 5066 1.
1642 5037 1663 5048 -

354 5083 398 5134 ut.
419 5087 584 5136 enumerent
601 5087 685 5136 etitem
703 5100 743 5150 pr.
764 5086 801 5138 11.
823 5112 852 5124 -
890 5087 934 5138 33.
952 5089 1072 5139 inritatus
1091 5088 1113 5138 1.
