3666 5874
683 392 758 458 Lm.
779 393 804 458 l.
846 391 905 458 llll.
927 394 958 456 8.

648 551 728 614 uu.
770 547 821 631 (a,
847 551 880 618 u.
902 551 935 618 c.
956 551 1046 634 coep
1148 568 1150 575 ·

457 655 499 718 u
521 654 664 718 crosno
687 657 719 718 s.
740 656 778 718 o.
800 657 833 720 r.
856 654 1036 720 LENTULO
1058 654 1225 723 raooos.
1250 737 1252 742 ¹

264 761 293 822 1.
315 761 362 824 Da
383 753 529 822 omnibus
549 753 662 830 rebus,
685 775 765 842 quae
786 754 826 821 ad
846 763 878 820 te
892 755 1064 841 pertinent,
1092 756 1168 844 quid
1186 767 1307 837 comm,
1329 757 1406 845 quid
1426 777 1502 824 eou-

176 850 320 916 stitutum
341 843 396 924 sit,
426 848 502 936 qnid
529 848 696 934 Pompeius
718 849 905 935 susceperit,
932 849 1050 936 optime
1070 871 1111 917 ex
1139 849 1180 918 Μ.
1201 851 1358 919 Plaetorio
1385 855 1525 937 cogno'

176 965 262 1019 sees,
285 943 340 1030 qui
361 964 425 1009 uon
446 944 548 1009 solum
569 941 710 1008 interfuit
730 942 779 1008 bia
800 941 906 1018 rebus,
928 943 983 1009 sed
1005 945 1098 1010 etiam
1122 944 1257 1031 praefuit
1278 967 1381 1033 noque
1401 945 1525 1011 abuma

175 1038 317 1104 officinm
337 1058 414 1124 erga
433 1045 465 1102 te
486 1037 621 1104 bominis
639 1036 857 1112 amantissimi,
883 1037 1133 1123 prudentissimi,
1163 1038 1391 1124 diligentissimi
1411 1059 1504 1126 prae·

176 1132 323 1199 termisit.
373 1137 421 1198 Ex
442 1131 554 1197 eodem
577 1131 616 1196 do
638 1140 704 1197 toto
726 1140 936 1197 staturarum
958 1133 1171 1199 communium
1199 1153 1385 1218 cognoscem
1422 1153 1503 1220 quae

175 1228 288 1314 quales
316 1227 393 1302 sint,
425 1245 489 1290 uon
516 1223 606 1290 facile
633 1234 681 1290 est
708 1223 857 1290 scribere.
911 1229 989 1291 Sunt
1016 1226 1143 1313 quidem
1170 1235 1254 1292 certe
1274 1227 1308 1292 in
1329 1227 1502 1311 amicorum

175 1330 360 1386 nostrorum
382 1328 554 1406 potestate,
577 1326 669 1406 atque
691 1319 748 1393 ita,
770 1327 806 1384 ut
819 1319 935 1386 nubam
949 1319 1153 1388 mutationem
1166 1341 1304 1408 unquam
1324 1321 1382 1388 bac
1402 1320 1504 1388 bomi-
1600 1337 1602 1342 ·

175 1436 255 1480 num
276 1423 377 1480 aetate
399 1412 542 1479 habitura
563 1435 615 1478 res
637 1433 705 1478 esse
728 1412 881 1480 videatur.
923 1418 954 1480 3.
976 1419 1044 1500 Ego
1065 1414 1213 1502 quidem,
1235 1423 1272 1480 ut
1292 1414 1394 1480 debeo
1416 1423 1448 1480 et
1467 1423 1540 1479 utro

175 1517 244 1574 tute
266 1507 344 1573 mihi
373 1506 560 1594 praecepisti
588 1483 674 1592 etfut
700 1528 750 1572 me
771 1507 870 1594 pietas
891 1508 1071 1596 utilitasque
1091 1506 1205 1596 cogit‚l
1223 1529 1273 1574 me
1294 1508 1333 1575 ad
1360 1509 1427 1575 eius
1452 1529 1504 1574 ra-
1583 1520 1684 1604 yff-

175 1602 283 1668 tiones
304 1601 459 1686 adiungo,
481 1621 576 1689 mem
598 1609 631 1666 tu
652 1601 686 1667 iu
707 1602 785 1666 meis
806 1601 980 1668 rationibus
1002 1600 1059 1668 tibi
1073 1623 1143 1668 esse
1162 1592 1395 1686 adiungendum
1414 1611 1504 1688 puta·

175 1696 230 1760 sti.
274 1696 337 1762 Sed
358 1704 389 1760 te
410 1717 474 1760 non
495 1695 662 1782 praeterit,
684 1715 778 1781 ᾳαααι
799 1696 839 1761 sit
858 1695 983 1761 difficile
1004 1717 1129 1762 sensum
1150 1696 1183 1762 in
1204 1716 1240 1760 ro
1261 1695 1386 1782 publica
1412 1717 1504 1782 prae-

175 1789 288 1854 sertim
309 1798 430 1855 rectum
451 1800 483 1856 et
503 1789 718 1856 confirmatum
741 1789 910 1874 deponere.
952 1795 1174 1856 Verumtamen
1191 1789 1258 1874 ipse
1273 1809 1323 1856 me
1337 1789 1503 1857 conformo

175 1882 218 1948 ad
248 1884 317 1949 eius
343 1884 551 1961 noluntatem,
585 1907 605 1950 a
636 1904 699 1969 quo
732 1883 861 1949 honeste
889 1883 1053 1950 dissentire
1081 1905 1145 1950 non
1164 1904 1309 1970 possum3
1345 1903 1449 1969 neque
1470 1882 1542 1948 idas

176 1977 282 2053 facio,
324 1985 360 2042 ut
399 1976 530 2043 forsitan
574 1976 761 2064 quibusdam
801 1977 934 2052 videar,
985 1979 1183 2044 simulatione
1199 2000 1207 2055 ;
1226 1965 1367 2046 (tantum
1418 1977 1502 2045 enim

176 2070 274 2136 animi
306 2070 446 2136 inductio
479 2080 510 2137 et
536 2072 716 2138 mehercule
738 2091 827 2136 amor
856 2091 931 2157 erga
951 2074 1135 2161 Pompeium
1158 2073 1241 2158 apud
1262 2093 1313 2137 me
1334 2065 1435 2160 valet)
1457 2077 1503 2146 ut,
1574 2081 1666 2152 »alm

176 2187 260 2254 quae
279 2165 326 2232 illi
347 2165 436 2230 utilia
457 2174 529 2230 sunt
549 2175 581 2231 et
601 2187 680 2253 quae
702 2163 755 2230 ille
771 2166 854 2241 vult,
876 2185 914 2231 ea
934 2165 1011 2232 mibi
1032 2167 1137 2232 omnia
1158 2167 1266 2232 iamet
1280 2174 1368 2231 recta
1383 2174 1415 2230 et
1428 2185 1504 2230 vera
1604 2155 1611 2170 ’

176 2259 355 2326 rideantur.
397 2263 520 2345 Neque,
541 2267 577 2325 ut
599 2279 658 2345 ego
680 2258 832 2334 arbitror,
856 2268 998 2325 errarem
1020 2281 1059 2325 ne
1081 2260 1253 2327 adversarii
1275 2258 1403 2347 quidem
1424 2259 1503 2335 eius,

176 2354 220 2428 si,
248 2373 322 2418 cum
354 2373 446 2438 pares
467 2373 536 2418 esse
558 2373 622 2418 non
642 2361 785 2439 possent,
821 2354 966 2440 pugnare‘
983 2354 1178 2421 desisterent.
1236 2359 1266 2420 3.
1299 2358 1350 2420 lle
1375 2352 1542 2442 quidemst

177 2446 274 2510 etiam
294 2446 348 2512 illa
369 2467 422 2511 res
442 2446 638 2522 consolatur,
674 2447 760 2534 quod
781 2467 841 2532 ego
863 2448 890 2513 is
912 2469 996 2524 sum,
1028 2450 1080 2514 cui
1101 2450 1152 2515 vel
1173 2449 1310 2514 marisam
1331 2445 1505 2512 concedant

176 2561 303 2614 omnes,
325 2548 361 2604 ut
381 2540 433 2606 vel
453 2561 491 2606 ea
511 2539 691 2616 defendam,
714 2562 794 2627 qnae
810 2543 978 2627 Pompeius
999 2543 1087 2617 velit,
1110 2543 1160 2609 vel
1174 2553 1310 2618 mecam,
1332 2540 1382 2606 vel
1400 2540 1504 2616 etiam,

177 2632 210 2699 id
246 2631 333 2720 quod
361 2633 438 2699 mibi
466 2635 603 2700 maxime
630 2635 733 2710 lubet,
770 2634 810 2700 ad
831 2645 938 2701 nostra
960 2657 1010 2702 me
1032 2636 1135 2702 studia
1155 2636 1291 2701 referam
1312 2635 1503 2714 litterarum

177 2726 265 2813 quod
286 2726 430 2813 profecto
452 2728 578 2804 faciam,
601 2729 628 2795 si
648 2729 726 2795 mibi
746 2751 805 2817 per
819 2729 960 2796 eiusdem
975 2729 1143 2796 amicitiam
1157 2728 1273 2795 licebit.
1300 2731 1406 2807 tQuae
1420 2729 1504 2793 enim

176 2820 341 2906 proposita
362 2807 614 2905 fuerantbobis,
643 2843 714 2889 cum
736 2832 768 2889 et
789 2823 963 2890 bonoribus
984 2823 1183 2910 amplissimis
1204 2837 1236 2889 et
1256 2821 1418 2891 laboribus
1439 2843 1543 2888 ma-as
1576 2795 1617 2870 ‘l

178 2915 273 2980 nimis
305 2914 463 3002 perfuncti
494 2935 648 2992 essemus,
665 2917 816 3078 qdignitas
836 2917 870 2984 in
891 2919 1052 2984 sententiis
1080 2917 1235 2994 dicendis,
1267 2917 1395 3010 Quas
1415 2916 1448 2980 in
1468 2937 1506 2982 re

178 3008 304 3095 publiea
325 3009 528 3096 capessenda,
551 3031 589 3077 ea
610 3011 668 3078 sub
681 3020 731 3077 ata
745 3003 830 3095 total
850 3011 905 3076 sed
926 3033 985 3077 nec
1005 3011 1083 3077 mibi
1102 3012 1201 3096 magis
1229 3031 1324 3098 qnam
1347 3007 1504 3076 omnibus.

177 3107 255 3168 Nam
289 3111 344 3169 aut
370 3105 600 3170 assentiendum
621 3113 668 3171 est
688 3106 773 3170 nulla
794 3125 865 3170 cum
894 3105 1045 3192 gravitate
1066 3105 1187 3192 paucis,
1215 3114 1268 3170 aut
1295 3104 1412 3169 frustra
1443 3103 1507 3168 dis-

178 3196 386 3263 sentiendum.
430 3202 461 3263 t.
482 3202 568 3264 Haec
589 3219 648 3286 ego
670 3199 710 3265 ad
731 3208 762 3264 to
783 3198 825 3265 ob
847 3219 916 3264 eam
938 3219 1063 3265 cansam
1084 3199 1221 3264 maxime
1242 3197 1365 3273 scribo,
1387 3207 1424 3264 ut
1442 3197 1506 3262 iam

179 3289 219 3355 de
240 3298 295 3356 tua
317 3311 444 3378 quoque
464 3293 587 3358 radone
608 3292 770 3358 meditere.
814 3295 1009 3358 Commutato
1033 3300 1099 3359 tota
1120 3292 1202 3358 ratio
1224 3301 1271 3358 est
1291 3299 1443 3366 senatus..
1458 3289 1543 3356 iu-aa

178 3383 350 3460 diciorum,
384 3385 432 3450 rei
460 3386 556 3452 totius
584 3386 738 3472 publicae.
782 3385 890 3452 Otium
909 3385 1002 3452 nobis
1030 3383 1241 3474 exoptandum
1264 3394 1331 3466 est;
1354 3383 1440 3473 quod
1460 3384 1518 3460 ii..

178 3475 234 3564 qui
255 3477 419 3562 potiuntur
440 3473 564 3556 rerum,
586 3480 774 3567 praestaturi
794 3480 957 3556 videntur,
980 3480 1007 3546 si
1029 3481 1155 3567 quidam
1176 3479 1320 3546 bomines
1339 3477 1506 3567 patientius

179 3592 292 3636 eorum
324 3573 493 3658 potentiam
519 3573 604 3638 ferra
632 3574 800 3659 potuerint.
842 3574 1031 3660 Dignitatem
1053 3574 1180 3661 ᾳαίιίαια
1200 3573 1286 3640 illam
1309 3574 1506 3640 consularem

177 3663 270 3752 fortis
292 3673 324 3729 et
344 3667 512 3732 constantis
534 3667 689 3734 senatoris
710 3666 788 3732 nibil
809 3677 857 3733 est
878 3669 963 3755 quod
985 3669 1174 3755 cogitemus3
1211 3669 1324 3734 amisse
1346 3669 1436 3755 culpa
1459 3677 1507 3734 est

178 3779 306 3834 eornm,
336 3760 391 3844 qui
418 3781 436 3825 α
458 3769 567 3826 senatu
589 3769 620 3826 et
641 3761 785 3828 ordinem
813 3763 1101 3829 coniunctissimum
1129 3771 1160 3828 et
1186 3763 1346 3829 bominem
1372 3759 1545 3828 clarissi-as

178 3873 265 3918 mum
287 3851 510 3920 abalienarunt.
554 3860 584 3921 5.
606 3854 668 3922 Sed
688 3863 724 3920 nt
744 3853 785 3920 ad
806 3877 860 3931 ea,
883 3877 964 3944 quae
985 3857 1201 3922 coniunctiora
1224 3855 1320 3922 rebus
1341 3855 1404 3921 tuis
1418 3863 1506 3932 sunt,

178 3956 337 4013 revertar:
375 3949 558 4035 Pompeium
588 3948 645 4014 tibi
671 3949 762 4015 valde
784 3950 920 4015 amicum
942 3971 1010 4016 esse
1033 3949 1168 4035 cognovi
1189 3959 1221 4016 et
1241 3971 1280 4016 eo
1302 3959 1337 4016 tu
1358 3946 1505 4024 consule,

179 4051 331 4126 quantum
353 4062 412 4126 ego
434 4042 607 4128 perspicio,
641 4046 763 4118 omnia,
797 4045 1002 4131 quaerelas,
1025 4043 1196 4123 obtinebis;
1219 4040 1506 4132 quibusinrebus

178 4155 230 4200 me
252 4134 314 4201 sibi
335 4135 388 4200 ille
410 4137 537 4202 affixum
559 4135 687 4203 babebit
707 4157 809 4224 neque
830 4159 849 4202 α
871 4159 922 4203 me
943 4138 1006 4205 ulla
1027 4159 1096 4213 res,
1125 4159 1205 4226 quae
1228 4138 1268 4204 ad
1289 4147 1320 4202 te
1341 4137 1506 4223 pertineat,

179 4229 366 4314 negligetur.
408 4235 514 4316 Neque
540 4230 625 4296 enim
653 4230 812 4307 verebor,
845 4253 885 4297 ne
913 4233 972 4296 sim
1001 4232 1032 4297 ei
1058 4233 1223 4307 molestus,
1256 4233 1307 4298 cui
1333 4230 1545 4297 inosmdumao

179 4323 241 4388 erit
262 4323 356 4388 etiam
377 4334 509 4410 propter
530 4343 563 4388 se
585 4323 704 4410 ipsum,
727 4345 799 4390 eum
819 4345 870 4390 me
892 4345 961 4390 esse
980 4335 1102 4411 gratum
1117 4325 1245 4392 videbit.
1290 4331 1321 4390 6.
1343 4331 1391 4390 Tu
1411 4324 1507 4390 velim

179 4415 237 4482 tibi
258 4417 300 4484 ita
322 4417 528 4504 persuadeas,
565 4417 681 4482 nubam
709 4438 778 4483 rem
807 4439 876 4484 esse
906 4419 1083 4495 minimam,
1119 4441 1199 4506 qnae
1221 4419 1261 4485 ad
1283 4418 1506 4505 sepertinere,
1620 4453 1624 4462 ι

249 4581 277 4632 d.
296 4594 329 4630 aa
346 4581 384 4632 Μ.
404 4581 539 4630 Plaetorio
557 4581 714 4631 Sehiftaius:
742 4596 775 4632 aa
792 4584 961 4645 emploeton'o
979 4583 1021 4642 Μ,
1043 4598 1077 4635 aa
1094 4585 1260 4647 Emplotorio
1280 4583 1310 4632 E.
1330 4603 1364 4620 ·-
1400 4582 1427 4632 a.
1447 4579 1506 4644 luc]

179 4651 241 4701 boec
254 4649 291 4702 Μ.
312 4672 344 4684 -
381 4652 423 4701 11.
444 4651 528 4701 dictos
543 4665 583 4715 pr.
597 4651 639 4708 Μ,
660 4653 777 4716 dignitus
795 4667 866 4702 corr.
886 4653 923 4705 Μ.
939 4681 971 4694 -
990 4654 1034 4704 ld.
1054 4656 1178 4719 confimo
1191 4653 1228 4704 Μ.
1251 4680 1279 4691 -
1301 4653 1344 4704 15.
1364 4667 1382 4702 o
1397 4666 1448 4716 quo
1466 4651 1505 4703 lla

179 4735 231 4785 quo
247 4721 286 4772 M.
301 4722 374 4772 Fert.
388 4735 446 4772 mm
457 4735 518 4786 quo.
538 4721 590 4773 Οι.
606 4747 633 4758 -
653 4722 696 4772 aa.
715 4723 807 4772 mdeor
818 4723 868 4773 Vb.
878 4723 932 4774 Cfr.
945 4725 1024 4774 bland
1037 4725 1155 4774 Tursatl.
1172 4725 1208 4773 ll.
1223 4739 1250 4786 p.
1261 4723 1323 4773 713.
1339 4745 1370 4760 -
1389 4723 1433 4773 30.
1446 4735 1507 4786 pot·

179 4793 232 4841 atet
246 4791 497 4855 martyri-Lagona.
517 4815 548 4830 ·-
566 4793 718 4842 deatttcrent
736 4793 773 4843 Μ.
798 4816 820 4826 -
861 4794 906 4843 aa.
924 4803 1018 4844 nostro
1035 4793 1085 4858 ma]
1104 4801 1224 4844 nostram
1242 4793 1279 4844 Μ.
1301 4816 1333 4828 -
1368 4793 1413 4844 37.
1433 4793 1506 4844 Fert.

180 4875 211 4911 ao
230 4869 292 4911 unt
307 4862 422 4911 motato.
442 4863 537 4913 0e.-
573 4862 617 4913 at.
637 4861 714 4925 culpo
733 4869 770 4912 att
787 4863 832 4914 st:
852 4871 889 4914 eat
907 4865 985 4928 culpo
1004 4866 1034 4915 a.
1046 4889 1077 4902 -
1113 4865 1157 4915 33.
1177 4864 1365 4914 obottosomnt
1382 4863 1423 4914 ll:
1443 4865 1507 4914 oto·

179 4932 343 4982 amovent
362 4931 393 4981 ll·
413 4953 445 4968 -
485 4933 529 4984 ³7.
549 4941 574 4984 at
590 4945 620 4982 ao
638 4931 685 4985 Μα
704 4946 733 4983 eo
752 4933 782 4982 ll.
805 4957 832 4968 -
871 4934 916 4983 tt.
944 4949 971 4985 sa
987 4937 1088 4998 tptum,
1113 4949 1170 4984 man
1194 4934 1348 4984 Graevius:
1379 4939 1405 4984 ta
1422 4935 1508 4997 ipsum

179 5017 259 5065 mom
277 5001 375 5122 M,'Et‹t
399 5003 485 5066 ipsum
502 5004 571 5068 quod
594 5002 624 5054 a.
659 5025 686 5039 -
724 5002 770 5055 43.
789 5001 936 5067 moenum]
955 5005 995 5056 oet
1012 5007 1148 5056 minimam
1167 5005 1332 5066 Lambinus,
1362 5007 1509 5056 masuam

180 5074 316 5125 ulutatum
358 5075 485 5126 ruestios.
