3628 5876
299 381 361 444 ato
726 377 1002 442 EPISTOLARUM
1022 380 1075 441 AD
1097 379 1187 442 Fam.

295 534 492 610 Dolabellae,
515 535 566 602 eui
583 534 720 601 Lucilius
741 543 900 620 praeerat;
923 534 976 622 qui
1000 555 1086 620 spem
1109 555 1202 620 saepe
1223 535 1416 602 transitionis
1439 536 1632 624 praebendo

295 652 398 718 neque
420 649 559 716 unquam
582 650 645 694 nou
668 627 848 694 decedendo
868 627 1037 692 novissime
1064 633 1217 716 Corycum
1242 651 1275 694 se
1302 629 1433 697 contulit
1458 640 1490 696 et
1515 632 1632 698 clauso

295 737 390 810 portu
418 744 453 789 se
483 733 590 788 tenere
623 723 736 808 coepit.
785 727 868 794 Nos,
891 721 943 786 illa
966 723 1089 794 relicta,
1114 721 1200 809 qnod
1223 733 1255 788 et
1278 724 1310 788 in
1335 735 1435 790 castra
1453 727 1630 811 pervenire

295 817 393 883 satius
415 839 483 882 esse
506 817 690 904 putabamus
713 825 744 881 et
766 813 957 904 sequebatur
979 814 1084 880 elassis
1107 816 1219 890 altera,
1243 839 1335 902 quam
1358 839 1441 884 anno
1462 819 1572 906 priore
1590 820 1630 886 in

272 911 438 1000 saithynia
471 911 580 977 Tillius
610 909 735 978 Cimber
763 919 979 996 compararat,
1016 909 1066 974 eui
1101 910 1260 976 Turullius
1283 923 1430 998 quaestor
1455 923 1627 999 praeerat,

296 1011 433 1094 Cyprum
454 1006 631 1091 petivimus.
688 1005 736 1069 lbi
757 1027 838 1092 quae
860 1003 1082 1088 eognovimus,
1104 1001 1244 1070 scribere
1266 1007 1304 1070 ad
1327 1027 1383 1072 vos
1406 1029 1500 1094 quam
1522 1009 1628 1074 celer·

294 1101 374 1164 rinae
396 1099 564 1163 voluimus.
605 1102 636 1162 4.
659 1098 851 1163 Dolabellam
874 1109 908 1164 ut
926 1104 1108 1172 Tarsenses,
1131 1099 1259 1183 pessimi
1274 1101 1371 1174 socii,
1393 1101 1436 1166 ita
1453 1102 1625 1168 Laodiceni

295 1193 394 1258 multo
408 1193 597 1258 amentiores
613 1192 697 1258 ultro
714 1193 940 1271 arcessierunt;
963 1190 1131 1278 exquibus
1147 1195 1288 1281 utrisque
1310 1194 1502 1270 civitatibus,
1525 1202 1625 1264 Grae-

295 1308 406 1352 corum
435 1287 567 1352 militum
591 1307 741 1359 numero,
777 1287 915 1373 speciem
939 1286 1095 1352 exercitus
1121 1288 1233 1354 effecit.
1288 1293 1394 1356 Castra
1427 1290 1521 1356 babet
1549 1301 1622 1356 ante

260 1392 286 1432 ¹⁰
296 1379 446 1466 oppidum
468 1381 653 1445 Laodiceam
672 1381 773 1467 posita
792 1390 823 1445 et
840 1391 960 1469 partem
981 1381 1063 1446 muri
1083 1381 1249 1448 demolitus
1271 1391 1319 1449 ast
1333 1392 1364 1448 et
1378 1394 1479 1449 castra
1501 1383 1621 1470 oppido
1663 1427 1672 1446 .

295 1474 468 1540 coniunxit.
525 1475 649 1542 Cassius
680 1483 788 1540 noster
816 1495 885 1542 eum
917 1474 1026 1539 decem
1054 1473 1231 1560 legionibus
1253 1486 1284 1540 et
1305 1476 1489 1544 cohortibus
1511 1477 1620 1563 viginti

295 1567 469 1633 auxiliariis
491 1579 523 1634 et
545 1579 692 1654 quattuor
723 1568 843 1634 milium
866 1569 1004 1654 equitatu
1028 1591 1046 1632 a
1067 1567 1194 1634 milibus
1215 1590 1366 1656 passuum
1388 1571 1498 1656 viginti
1520 1581 1620 1636 castra

295 1663 388 1728 babet
417 1662 518 1748 posita
539 1665 681 1744 Πάλτῳ,
719 1671 750 1727 et
772 1663 928 1728 existimat
949 1684 983 1728 se
1004 1663 1071 1728 sine
1094 1662 1216 1748 proelio
1239 1684 1332 1750 posse
1354 1663 1490 1730 vincere.
1542 1670 1619 1730 Nam

294 1757 357 1822 iam
379 1755 476 1821 ternis
502 1756 738 1823 tetradracbmis
760 1757 897 1822 triticum
919 1757 1002 1843 apud
1022 1755 1215 1822 Dolabellam
1237 1766 1294 1822 est.
1346 1757 1413 1824 Nisi
1436 1757 1513 1844 qnid
1534 1757 1620 1822 navi·

261 1849 354 1914 ¹⁵bus
383 1850 633 1916 Laodicenorum
666 1851 871 1936 supportarit,
910 1851 972 1916 cito
993 1851 1076 1916 lame
1098 1861 1221 1938 pereat,
1251 1873 1378 1916 necesse
1401 1863 1462 1930 est;
1485 1873 1524 1918 ne
1546 1873 1619 1938 sup·

295 1954 423 2030 portare
445 1944 560 2032 possit,
583 1955 614 2010 et
636 1944 733 2010 Cassii
754 1943 860 2009 elassis
882 1944 962 2010 bene
982 1966 1109 2028 magna,
1133 1945 1184 2012 cui
1205 1954 1330 2031 praeest
1345 1945 1493 2011 Sextilius
1508 1944 1618 2018 Rufus,

294 2049 334 2126 et
348 2051 427 2112 tres,
464 2060 542 2125 quas
564 2059 621 2104 nos
643 2037 845 2112 adduximus,
879 2059 958 2124 ego,
992 2039 1167 2111 Turullius,
1189 2039 1347 2114 Patiscus,
1369 2038 1459 2104 facile
1481 2049 1619 2125 praesta·

295 2131 382 2200 bunt.
440 2138 483 2197 Te
504 2134 578 2198 volo
600 2133 680 2198 bene
705 2154 850 2220 sperare,
873 2141 905 2197 et
925 2154 994 2197 rem
1016 2132 1190 2219 publicam,
1212 2142 1247 2198 ut
1269 2153 1325 2199 vos
1346 2133 1417 2198 istic
1431 2133 1617 2221 expedietis,

295 2226 337 2290 ita
370 2247 430 2312 pro
460 2235 568 2292 nostra
597 2236 685 2315 parte
715 2227 861 2292 celeriter
889 2226 980 2292 nobis
1013 2226 1158 2313 expediri
1189 2247 1283 2314 posse
1310 2225 1479 2294 confidere.
1533 2227 1617 2294 Vale.

257 2323 372 2390 saData
392 2320 500 2386 ldibus
521 2325 589 2387 lun.
612 2325 733 2409 Cypro,
756 2343 775 2386 a
797 2321 1096 2408 Crommyuacride.

594 2573 604 2598 ,
758 2491 838 2555 rrv.
882 2489 931 2574 (A.
957 2492 990 2555 u.
1013 2492 1045 2555 c
1067 2488 1153 2573 711.)

586 2601 595 2696 ,1
623 2613 821 2678 vennocus
844 2613 1026 2678 evcunouv
1048 2613 1122 2677 suo
1146 2614 1177 2677 s.
1199 2616 1233 2678 r.
1254 2601 1315 2701 a.)

381 2737 409 2799 1.
432 2737 509 2800 Cum
530 2739 660 2800 Brutum
682 2741 824 2800 nostrum
846 2735 1062 2800 convenissem
1085 2754 1220 2821 eumque
1235 2735 1353 2801 tardius
1376 2735 1408 2800 in
1422 2733 1526 2801 Asiam
1544 2757 1617 2801 ven-

295 2839 400 2894 turum
423 2827 723 2904 animadverterem,
746 2827 779 2894 in
800 2829 904 2894 Asiam
926 2828 1025 2901 redii,
1048 2837 1083 2894 ut
1104 2829 1253 2915 reliquias
1276 2829 1337 2894 mei
1358 2828 1476 2895 laboris
1490 2830 1617 2916 collige-

257 2942 362 2989 sarem
384 2933 415 2989 et
435 2923 599 3006 pecuniam
622 2944 715 3009 quam
738 2923 875 3009 primum
896 2930 1027 2991 Romam
1049 2923 1217 2989 mitterem.
1274 2923 1401 2988 lnterim
1430 2924 1563 3009 cognovi
1585 2923 1616 2988 in

293 3017 385 3106 Lycia
422 3037 492 3081 esse
521 3016 652 3081 classem
684 3016 865 3082 Dolabellae
897 3017 1093 3104 ampliusque
1115 3027 1239 3082 centum
1262 3038 1356 3082 naves
1378 3017 1555 3090 onerarias,
1584 3017 1616 3082 in

293 3133 372 3198 quas
393 3111 551 3177 exercitus
573 3111 641 3176 eius
662 3111 784 3197 imponi
805 3121 927 3197 posset,
964 3111 1059 3196 idque
1086 3109 1279 3176 Dolabellam
1308 3131 1344 3176 ea
1367 3118 1470 3175 mente
1492 3130 1617 3197 eompa-

293 3227 395 3278 rasse,
429 3215 479 3279 ut,
509 3209 534 3269 si
558 3205 665 3293 Syriae
688 3226 759 3291 spes
782 3227 853 3270 eum
876 3204 1023 3270 lrustrata
1050 3214 1148 3278 esset,
1172 3203 1395 3268 conscenderet
1415 3208 1448 3268 in
1469 3223 1563 3267 naves
1586 3210 1616 3266 et

292 3298 411 3363 ltaliam
444 3309 566 3384 peteret
597 3319 694 3383 seque
722 3319 794 3363 cum
827 3303 968 3364 Antoniis
996 3307 1026 3362 et
1047 3299 1177 3385 reliquis
1206 3296 1379 3363 latronibus
1401 3297 1614 3381 coniungeret.

256 3415 284 3457 ao
295 3392 389 3458 Cuius
401 3393 448 3457 rei
464 3401 549 3458 tanto
568 3393 599 3457 in
615 3393 728 3458 timore
743 3391 806 3466 lui,
828 3402 879 3468 ut,
902 3391 1047 3458 omnibus
1063 3392 1158 3457 rebus
1170 3392 1306 3465 relictis,
1330 3412 1400 3457 cum
1413 3388 1614 3477 paucioribus

293 3495 325 3550 et
339 3486 516 3551 minoribus
532 3485 664 3551 navibus
678 3485 718 3551 ad
733 3486 800 3552 illas
815 3487 862 3551 ire
877 3489 1006 3552 conatus
1028 3486 1097 3552 sim.
1140 3490 1171 3551 2.
1194 3488 1283 3563 Quae
1305 3506 1373 3558 res,
1396 3485 1424 3550 si
1445 3507 1463 3550 a
1486 3483 1614 3550 llbodiis

292 3599 357 3646 non
384 3601 484 3644 essem
511 3579 740 3665 interpellatus,
776 3579 911 3645 sortasse
939 3589 1001 3647 tota
1031 3580 1150 3646 sublata
1179 3590 1275 3660 esset;
1311 3587 1414 3644 tamm
1441 3598 1552 3663 magna
1574 3599 1614 3642 ex

292 3680 381 3757 parte
402 3671 565 3758 profligata
589 3683 655 3747 est,
679 3674 826 3761 quoniam
848 3673 976 3760 quidem
999 3675 1105 3739 classis
1121 3674 1268 3760 dissipata
1290 3682 1337 3739 est
1351 3670 1501 3739 adventus
1516 3671 1614 3738 nostri

291 3763 423 3844 timore;
456 3767 570 3832 milites
592 3768 750 3856 ducesque
772 3767 967 3852 effugerunt,
990 3769 1155 3834 onerariae
1177 3788 1285 3833 omnes
1306 3767 1345 3832 ad
1366 3787 1462 3831 unam
1484 3787 1500 3830 a
1523 3764 1613 3832 nobis

256 3869 364 3926 assunt
384 3869 545 3946 exceptae.
589 3866 680 3929 Certe
703 3860 849 3948 -quod
871 3862 1007 3926 maxime
1029 3861 1119 3926 timui
1141 3895 1182 3908 —
1203 3862 1315 3926 videor
1330 3883 1398 3925 esse
1419 3869 1612 3934 consecutus,

294 3965 328 4021 ut
349 3976 411 4020 non
434 3955 531 4040 possit
545 3954 706 4022 Dolabella
720 3956 753 4021 in
766 3956 885 4022 ltaliam
902 3956 1069 4043 pervenire
1085 3976 1143 4027 nec
1161 3955 1225 4021 suis
1243 3955 1335 4020 sociis
1357 3954 1486 4019 firmatis
1505 3951 1613 4018 durius

291 4046 382 4114 vobis
410 4049 535 4113 efficere
567 4055 737 4135 negotium.
795 4054 825 4115 3.
858 4048 971 4117 Rhodii
1004 4070 1061 4114 nos
1091 4059 1122 4112 et
1142 4070 1210 4113 rem
1233 4048 1388 4134 publicam
1410 4067 1503 4133 quam
1524 4045 1612 4110 valde

292 4142 544 4228 desperaverint,
581 4166 622 4209 ex
649 4145 780 4219 litteris,
817 4166 894 4231 quas
915 4143 1040 4230 publice
1069 4142 1154 4217 misi,
1190 4164 1369 4227 cognosces.
1427 4145 1466 4206 Et
1487 4139 1612 4227 quidem

291 4238 390 4303 multo
412 4238 537 4324 parcius
558 4239 684 4325 scripsi;
707 4237 816 4304 mirari
838 4238 918 4304 noli:
951 4237 1030 4302 mira
1052 4247 1100 4301 est
1121 4257 1233 4301 eornm
1254 4236 1399 4301 armentia.
1441 4240 1504 4300 Nec
1524 4253 1613 4299 meae

360 4459 386 4507 1.
417 4457 489 4507 Fort.
518 4458 547 4507 L.
568 4458 684 4522 Fiqulas.
705 4458 784 4508 Conl.
811 4457 927 4522 Appiani
951 4457 982 4506 D.
1003 4457 1033 4506 C.
1054 4456 1099 4506 lV.
1118 4457 1162 4506 60.
1182 4455 1232 4506 On.
1255 4479 1286 4490 -
1321 4456 1348 4506 2.
1368 4455 1506 4506 recedendo
1525 4455 1547 4504 l.
1567 4453 1611 4503 rr.

290 4528 453 4579 Gronovius.
473 4529 544 4577 l'ort.
564 4529 716 4578 deludendo.
736 4529 787 4580 02.
817 4553 846 4564 -
884 4528 911 4578 l.
931 4525 1020 4591 quom]
1040 4529 1084 4590 qast
1102 4527 1140 4578 Μ.
1161 4551 1191 4561 -
1229 4527 1255 4576 5.
1274 4527 1316 4576 cai
1334 4541 1389 4576 om.
1408 4525 1447 4576 Μ.
1468 4551 1496 4561 -
1522 4523 1613 4574 Turul·

290 4599 341 4647 ltus
358 4599 404 4650 lt:
426 4597 549 4648 Tarutius
563 4598 593 4647 ll.
608 4599 671 4648 ltem
686 4613 710 4649 v·
732 4599 774 4649 17.
794 4624 827 4633 -
846 4600 873 4650 9.
893 4598 1029 4648 Excidisse
1041 4597 1145 4646 videtur
1163 4610 1293 4646 numerus
1306 4604 1368 4646 ante
1380 4610 1497 4646 uomere.
1517 4599 1569 4648 On.
1581 4618 1611 4630 -

291 4668 334 4717 ll.
354 4669 503 4718 tetrachmis
520 4668 558 4717 Μ.
589 4691 617 4702 -
656 4669 698 4718 ld.
716 4676 803 4730 posset
829 4668 866 4719 Μ.
892 4691 922 4703 ··-
960 4668 1002 4717 13.
1024 4667 1135 4716 Teoelo
1153 4666 1194 4717 lla
1226 4668 1260 4716 Et
1279 4667 1338 4716 uolo
1356 4667 1402 4724 bl,
1433 4667 1468 4716 m
1490 4669 1612 4718 eotoooa

291 4737 321 4786 Ε.
341 4763 375 4772 -
411 4739 453 4789 19.
474 4738 590 4788 celamur
606 4740 657 4786 iter
682 4739 725 4799 Μ,
746 4740 862 4789 moriter
880 4739 941 4787 item
964 4737 1019 4787 lae.
1038 4737 1201 4788 Gronovius.
1223 4761 1253 4772 -
1289 4737 1363 4786 nobis
1380 4737 1425 4787 st:
1446 4739 1518 4788 uobis
1537 4739 1567 4788 ll.
1582 4757 1609 4770 ·-

289 4809 333 4856 ⁵20.
353 4809 594 4871 ocrmnampocrtde
611 4807 649 4857 Μ.
671 4831 702 4842 -
738 4809 782 4858 33.
806 4810 931 4872 paeonium
947 4808 997 4857 M:
1017 4821 1075 4858 eam
1094 4808 1124 4857 ll.
1148 4831 1178 4842 -
1208 4813 1246 4857 ert
1264 4807 1308 4858 u:
1328 4815 1391 4857 mer
1409 4805 1559 4859 Ernestius.
1580 4828 1611 4841 -

289 4877 333 4926 35.
352 4879 443 4928 eldam
461 4885 678 4928 marcomannus
695 4878 741 4928 M:
769 4878 1071 4928 ammoneantur.
1093 4901 1123 4913 -
1160 4877 1438 4928 libramentum:
1467 4881 1543 4929 sociis
1559 4879 1612 4926 ruta

291 4947 321 4996 u.
342 4973 373 4983 -
410 4949 453 4999 39.
473 4949 524 4998 Nee
540 4961 611 4998 maor
630 4947 687 4997 Vb:
706 4962 751 4998 nec
769 4962 808 4999 aaa
825 4962 896 5000 meos
916 4948 955 5008 ll,
974 4962 1019 4999 aee
1036 4961 1126 5000 meme
1143 4948 1178 5008 D,
1198 4961 1243 4999 me
1260 4949 1290 4997 ia
1308 4961 1348 4998 ms
1365 4948 1419 4998 duo
1438 4948 1500 4998 libri
1517 4949 1613 5001 Manu·

290 5016 330 5066 tii.
367 5017 420 5083 (De
438 5018 465 5070 Μ
483 5031 539 5068 uon
558 5019 622 5068 satis
640 5016 768 5080 constan)
