3658 5930
346 375 408 438 tta
827 371 961 434 131.Δῦ
982 369 1156 433 tmctttt

346 531 379 596 Si
401 527 478 594 nihil
499 527 576 600 erit,
597 526 656 592 etsi
678 535 711 592 tu
731 547 834 592 meam
855 525 1014 592 stultitiam
1045 525 1202 591 muscenti
1224 524 1324 600 ferre,
1346 547 1387 591 eo
1407 535 1528 590 tamen
1553 545 1688 610 progre

346 623 430 696 diat,
458 623 504 686 uti
531 621 736 686 stomaebere.
793 625 914 686 Drusus
936 619 1020 684 euim
1040 631 1126 685 certe
1148 620 1286 685 rendere
1306 620 1382 687 vult.
1424 622 1458 686 Si
1486 641 1583 705 ergo
1605 617 1687 684 aliud
1758 639 1759 700 j

346 739 409 783 nou
431 717 505 790 erit,
528 737 597 780 mea
619 715 680 780 erit
701 715 808 801 culpa,
829 715 890 780 uisi
910 734 1037 790 emero;
1069 735 1131 800 qua
1152 715 1185 779 iu
1205 735 1242 780 re
1263 735 1303 779 ue
1323 715 1428 790 labar,
1449 736 1594 802 quaeso
1618 735 1688 799 pro·

346 811 427 876 vide.
471 807 658 874 Providendi
679 818 782 874 autem
804 829 865 872 uua
886 807 968 872 ratio
989 817 1054 882 est,
1076 807 1200 894 siquid
1221 807 1261 873 de
1283 809 1463 894 Scapulanis
1495 827 1686 893 possumus.
1758 816 1759 902 }

324 909 384 970 ⁵131
414 904 509 970 velim
545 923 595 966 me
627 903 794 968 certiorem
825 901 933 974 iacias,
968 923 1061 988 quam
1096 901 1151 966 diu
1186 902 1219 966 in
1250 901 1432 968 suburbano
1465 904 1520 966 sis
1546 902 1686 966 iuturus.

346 1003 376 1064 3.
399 997 488 1082 Apud
517 1002 693 1062 Terentiam
722 997 820 1082 gratia
850 1016 930 1081 opus
956 1005 1003 1061 cst
1030 993 1122 1061 uobis
1156 1005 1208 1060 tua
1229 1005 1344 1084 tuaque
1364 996 1581 1060 auctoritate.
1628 994 1686 1059 Sed

345 1089 457 1166 iacies,
480 1100 515 1156 ut
536 1089 702 1156 videbitur.
747 1091 819 1156 Scio
840 1089 940 1162 enim,
962 1089 989 1154 si
1011 1088 1087 1174 quid
1109 1109 1177 1152 mea
1199 1089 1341 1164 intersit,
1365 1089 1421 1154 tibi
1443 1092 1574 1155 maiori
1591 1111 1684 1153 curae

346 1183 448 1249 solere
470 1205 537 1249 esse
559 1205 652 1270 quam
675 1184 760 1249 mibi.
812 1187 842 1248 l.
865 1182 983 1248 llirtius
1004 1181 1043 1246 ad
1065 1202 1115 1245 me
1144 1181 1267 1268 scripsit
1289 1187 1361 1248 Sex.
1384 1183 1587 1269 Pompeium
1612 1188 1685 1247 tlor-

347 1278 430 1344 duba
452 1279 554 1344 exisse
577 1287 608 1342 et
628 1277 746 1362 fugisse
768 1278 801 1342 iu
822 1276 1004 1360 Hispaniam
1025 1275 1224 1349 citeriorem,
1248 1281 1383 1342 Gnaeum
1403 1276 1549 1361 fugisse,
1576 1276 1683 1340 nescio

315 1385 424 1458 ¹⁰quo;
456 1392 558 1457 neque
587 1372 669 1436 enim
698 1393 786 1436 curo.
844 1371 925 1436 Nibil
947 1378 1110 1455 praeterea
1132 1370 1216 1435 novi.
1259 1371 1390 1436 Litteras
1412 1370 1575 1435 Narbone
1599 1369 1682 1434 dedit

349 1484 441 1531 xrtrr.
468 1466 535 1530 llal.
568 1465 639 1531 itai.
682 1470 729 1530 Tu
757 1463 833 1529 mihi
868 1463 907 1528 de
941 1463 1061 1530 Caninii
1097 1463 1260 1548 naufragio
1295 1465 1383 1551 quasi
1418 1463 1521 1529 dubia
1557 1463 1680 1528 misisti.

348 1557 472 1624 Scribas
495 1559 606 1643 igitur,
629 1558 655 1623 si
677 1557 752 1645 quid
774 1558 834 1623 crit
854 1558 980 1622 certius.
1029 1557 1123 1634 Quod
1144 1579 1194 1622 me
1219 1579 1237 1622 a
1260 1559 1410 1622 maestitia
1430 1579 1581 1632 avocas,
1606 1555 1682 1620 mul-

349 1663 414 1718 tum
437 1652 565 1726 levaris,
587 1652 613 1716 si
635 1651 739 1718 locum
761 1651 834 1718 iano
856 1651 991 1716 dederis.
1034 1651 1129 1716 llulta
1151 1651 1227 1716 mibi
1249 1664 1291 1728 εἰς
1319 1656 1512 1718 ἀποθέωσιν
1535 1651 1572 1716 in
1596 1671 1679 1714 meu-

347 1753 409 1810 tem
433 1745 574 1823 vcoiuut;
596 1745 652 1812 scd
673 1746 744 1812 loco
768 1745 855 1810 valde
878 1767 958 1831 opus
982 1753 1039 1810 est
1082 1747 1188 1822 Quare
1210 1747 1303 1811 etiam
1325 1745 1482 1810 Othonem
1507 1745 1599 1812 vide.

313 1903 337 1949 a
755 1889 926 1950 raram.
969 1885 1025 1967 (a.
1052 1887 1084 1950 o.
1109 1887 1141 1949 c.
1162 1887 1259 1967 rus.)

824 2009 965 2074 CICERO
988 2008 1132 2073 ATTICO
1155 2009 1187 2072 S.

433 2127 460 2188 l.
482 2126 550 2186 Non
571 2120 699 2193 dubito,
722 2120 798 2207 quin
818 2119 1075 2205 occupatissimus
1096 2119 1214 2194 lucris,
1243 2120 1297 2206 qui
1318 2120 1358 2186 ad
1380 2141 1429 2184 me
1450 2122 1534 2188 nibil
1560 2123 1673 2188 littera-

347 2235 433 2280 rum:
472 2214 528 2280 sed
550 2215 644 2280 homo
666 2235 816 2299 nequam,
850 2213 903 2298 qui
925 2222 1013 2278 tuum
1041 2212 1239 2278 commodum
1266 2235 1328 2278 nou
1350 2219 1564 2300 exspectarit,
1602 2237 1669 2282 cum

349 2307 390 2373 ob
413 2329 480 2373 eam
500 2329 592 2372 unam
610 2328 735 2373 causam
757 2311 869 2372 missus
889 2311 985 2370 essetl
1007 2309 1093 2370 Nunc
1108 2306 1250 2393 quidem,
1272 2307 1331 2371 nisi
1346 2309 1421 2393 quid
1437 2317 1465 2372 te
1481 2313 1602 2382 tenuit,
1624 2331 1671 2373 su-
1756 2318 1757 2322 ’

311 2402 454 2488 auspicor
475 2411 505 2466 te
527 2421 595 2466 csse
617 2401 649 2466 in
671 2398 862 2466 suburbano.
904 2405 943 2464 at
964 2419 1023 2484 ogo
1046 2398 1095 2463 btc
1116 2399 1279 2465 scribendo
1300 2400 1367 2466 dios
1389 2410 1470 2467 totos
1486 2404 1569 2469 uihil
1586 2401 1669 2488 equi-

348 2494 419 2560 dem
442 2495 547 2568 lcvor,
575 2495 630 2559 sed
653 2507 755 2560 tamen
777 2493 901 2559 aberro.
944 2497 974 2557 2.
1006 2492 1129 2558 Asinius
1151 2493 1250 2559 Pollio
1271 2493 1310 2559 ad
1332 2515 1381 2558 me
1403 2496 1529 2582 scripsit
1553 2497 1595 2560 de
1617 2497 1669 2559 im-

349 2609 429 2675 puro
452 2599 560 2655 nostro
581 2600 724 2673 cognato.
783 2587 876 2666 Quod
897 2585 1012 2652 Balbus
1034 2592 1139 2652 minor
1159 2607 1260 2672 nuper
1281 2588 1355 2652 satis
1375 2589 1482 2674 plane,
1506 2587 1667 2654 Dolabella

349 2680 495 2757 obscuro,
518 2682 568 2748 hio
589 2687 792 2768 apertissime.
846 2687 972 2748 Fercem
995 2681 1148 2766 graviter,
1172 2682 1198 2746 si
1220 2703 1321 2747 novae
1343 2683 1562 2767 aegrimoniae
1584 2683 1666 2748 locus

349 2785 441 2841 esset.
483 2777 545 2842 Sod
567 2785 668 2841 tamen
691 2776 803 2862 ecquid
823 2775 997 2863 impurius?
1020 2774 1219 2841 Ohominem
1238 2775 1427 2842 cavendum!
1451 2781 1661 2863 Quamquam:

312 2905 340 2952 aa
516 2891 595 2954 Mitt
616 2890 732 2972 quidem
755 2937 762 2954 .
785 2936 793 2954 .
816 2893 846 2954 .!

349 3000 411 3066 Sed
443 3000 595 3066 tenendus
627 2999 720 3067 dolor
752 3009 808 3067 est.
851 3007 914 3076 Tu,
948 2999 1095 3087 quoniam
1123 3020 1249 3065 neccsse
1274 2999 1353 3072 ,nihil
1382 3009 1444 3076 est,
1481 3003 1528 3068 sic
1550 3001 1663 3068 scribes
1758 3053 1759 3056 ,

349 3095 482 3180 aliquid,
514 3097 540 3160 si
571 3093 706 3160 vacabis.
757 3101 787 3162 3.
816 3094 908 3172 Quod
936 3106 1025 3181 putas
1053 3102 1200 3180 oportere
1223 3095 1379 3180 pervideri
1402 3095 1463 3160 iam
1485 3096 1585 3164 animi
1606 3092 1662 3159 mei

349 3187 525 3254 firmitatem
561 3191 749 3276 graviusque
777 3187 927 3275 quosdam
960 3187 1070 3252 scribis
1103 3187 1142 3253 de
1170 3209 1219 3253 me
1240 3189 1328 3276 loqui
1349 3210 1442 3276 quam
1465 3199 1519 3254 aut
1542 3199 1572 3254 te
1593 3186 1661 3253 scri·

350 3281 425 3348 bere
447 3291 500 3348 aut
521 3287 665 3348 Brutum:
688 3283 729 3356 si,
752 3287 805 3370 qui
828 3303 878 3346 mc
899 3280 1031 3346 lractum
1053 3303 1122 3347 esse
1144 3283 1248 3347 auimo
1276 3294 1307 3348 et
1328 3282 1523 3348 debilitatum
1547 3289 1659 3368 putant,

314 3375 461 3449 ntsciant,
500 3375 573 3461 quid
596 3376 769 3442 litterarum
791 3384 822 3440 et
843 3373 930 3439 cuius
952 3375 1076 3458 generis
1099 3375 1274 3450 conficiam,
1299 3376 1411 3450 credo,
1444 3375 1471 3440 si
1493 3374 1590 3440 modo
1611 3373 1660 3437 ho·

350 3469 449 3533 mines
471 3469 546 3545 siut,
569 3469 747 3536 existiment
769 3491 836 3542 me,
859 3468 925 3533 sive
948 3468 989 3531 ita
1010 3467 1129 3534 levatus
1151 3469 1229 3544 sim,
1253 3478 1288 3534 ut
1308 3471 1445 3535 animum
1467 3489 1601 3535 vacuum
1626 3463 1659 3529 ad

351 3583 401 3626 res
423 3562 563 3626 dilliciles
585 3562 764 3629 scribendas
787 3563 932 3635 allorum,
968 3561 1260 3646 reprehendendum
1292 3584 1356 3628 uon
1377 3585 1461 3638 esse,
1499 3562 1567 3629 sive
1589 3562 1658 3626 hauc

351 3653 579 3720 aberrationem
608 3678 626 3721 a
656 3656 766 3722 dolore
788 3653 975 3740 delegerim,
1013 3675 1094 3740 quae
1116 3657 1250 3721 maxime
1271 3655 1487 3721 liberalissima
1510 3657 1657 3740 doctoque
1754 3709 1755 3723 .

351 3749 476 3814 bomine
505 3748 702 3834 dignissima,
739 3749 860 3815 laudari
883 3768 931 3812 me
954 3753 1046 3813 etiam
1069 3759 1226 3835 oportere.
1283 3756 1313 3816 l.
1336 3751 1411 3827 Sed,
1448 3773 1518 3816 cum
1542 3773 1599 3837 ego
1620 3747 1657 3811 la

314 3842 429 3912 asciam
451 3844 573 3918 omnia,
595 3865 675 3930 qoue
703 3844 806 3909 iacere
827 3842 945 3929 possim
968 3843 1006 3906 ad
1028 3865 1078 3909 me
1094 3843 1325 3920 adiuvandum,
1350 3856 1382 3910 tu
1403 3845 1489 3910 cilice
1512 3846 1558 3920 id,
1581 3837 1656 3930 qood

352 3935 444 4001 video
467 3946 495 4002 te
518 3958 581 4003 uon
603 3939 704 4006 minus
726 3959 818 4024 quam
841 3957 891 4001 me
915 3935 1069 4002 laborare.
1111 3942 1180 4003 lloc
1201 3939 1278 4004 mibi
1300 3937 1415 4004 debere
1437 3938 1548 4004 videor
1564 3953 1654 4021 uequc

355 4076 572 4089 ——u—--un

420 4155 446 4206 2.
465 4151 514 4219 uti]
534 4160 564 4205 ut
581 4157 679 4212 mill,
708 4163 737 4206 ut
760 4156 806 4207 lll.
844 4153 888 4219 (Ut
916 4169 982 4216 noa,
1013 4154 1097 4206 Codd.
1127 4153 1271 4212 Boaii.)'-
1308 4159 1417 4210 vottll.
1450 4183 1476 4191 -
1516 4158 1654 4208 oliirdnoo

351 4225 420 4287 crit,
440 4239 498 4275 meu
517 4226 631 4277 Graerio
655 4235 764 4278 anctore
783 4228 955 4277 Schuetrios:
985 4225 1059 4275 uliud
1077 4227 1144 4286 erit,
1175 4241 1302 4278 nonmeo
1322 4229 1406 4288 ltllli,
1427 4228 1654 4278 attactu-ttrmeo

351 4297 382 4346 a.
404 4318 434 4331 -
471 4296 497 4347 d.
515 4298 647 4358 possimne
667 4299 697 4347 lt.
725 4323 759 4334 -·
794 4299 821 4348 6.
842 4297 1040 4359 groticpotiar
1059 4310 1124 4358 opor
1144 4297 1165 4345 Ι.
1196 4322 1222 4333 -
1263 4306 1383 4348 tuoom.
1407 4299 1482 4348 llltl.
1520 4300 1653 4355 (lusertuno
1758 4325 1759 4352 ,

350 4365 468 4416 aCodd.
494 4367 590 4424 llosii.)
619 4393 651 4402 -
688 4366 797 4431 tuaque]
817 4375 866 4417 too
884 4379 965 4428 quum
989 4367 1040 4416 llll.
1075 4389 1104 4400 -
1140 4365 1166 4414 7.
1194 4364 1273 4430 eniri]
1296 4381 1354 4416 eom
1381 4369 1411 4418 lt.
1444 4392 1470 4401 -
1511 4371 1551 4418 lt.
1578 4358 1651 4422 mun]

353 4437 602 4487 monitorias·
640 4437 734 4488 Canini
752 4439 774 4486 l.
808 4459 837 4472 ·-
875 4433 964 4500 quari]
990 4437 1111 4498 quamsi
1131 4450 1170 4499 pr.
1191 4438 1227 4486 bl.
1258 4463 1287 4472 -
1326 4439 1408 4488 dubia
1427 4439 1550 4488 remisisti
1567 4441 1653 4487 ascen·

351 4507 460 4565 tianae,
493 4507 575 4556 dnbio
592 4520 621 4555 re
638 4509 734 4558 misisti
750 4508 897 4559 Manutius.
927 4529 957 4542 ·-
995 4507 1037 4555 ta.
1057 4505 1150 4556 Malim
1169 4506 1281 4556 Scribas.
1301 4507 1351 4558 Oa.
1373 4533 1403 4544 -
1440 4508 1608 4558 vororbllll.
1627 4525 1649 4538 ··

351 4577 394 4626 1³.
415 4577 584 4628 tevurtrom.
607 4578 636 4636 l,
655 4578 824 4644 proficiaalt.
861 4577 988 4636 (lltnos,
1010 4589 1064 4636 mg·
1085 4577 1155 4626 Crat.
1181 4576 1265 4627 Delli
1286 4592 1339 4627 nou
1359 4578 1467 4642 liquet.)
1487 4605 1518 4614 -
1547 4579 1587 4628 17.
1604 4566 1651 4638 qm]
1712 4639 1716 4648 ⁴

352 4647 417 4708 quta
436 4647 467 4695 lt.
500 4669 526 4680 -
564 4647 941 4697 ⁸20.raanteemom.1t1.
971 4669 1001 4681 -
1037 4646 1080 4695 23.
1101 4649 1314 4698 acrimoniccll.
1336 4675 1365 4684 -
1402 4651 1446 4698 23.
1466 4655 1491 4698 et
1507 4649 1572 4711 quid
1588 4641 1651 4697 llltl·

352 4713 583 4778 -o]c.1.-
619 4717 872 4782 asmnrqmmm
890 4713 1056 4778 -rJruun
1078 4715 1153 4767 ran.
1174 4719 1199 4775 a,
1220 4717 1310 4776 aaa.
1333 4719 1425 4768 -au
1448 4715 1650 4781 corrosa*

352 4785 395 4834 37.
415 4787 555 4846 provideri
574 4787 595 4836 l.
615 4813 649 4824 -
684 4790 727 4838 ao.
747 4800 802 4836 erat
820 4801 874 4836 om.
894 4787 915 4837 l.
936 4811 965 4822 -
1004 4786 1048 4835 33.
1068 4797 1136 4848 quac
1154 4787 1341 4836 liberalissimo
1358 4812 1369 4822 -
1385 4811 1396 4821 -
1413 4797 1534 4850 oportere
1550 4787 1651 4837 mummi
1758 4835 1759 4840 ,

353 4853 432 4904 llaud
452 4856 530 4906 Tora.
559 4856 607 4908 lll.
639 4873 665 4920 p.
696 4859 757 4908 530.
794 4856 887 4908 llalim
906 4869 968 4905 com
986 4855 1117 4906 Ltmbiuu
1136 4864 1163 4906 et
1180 4858 1339 4908 Schuetzio:
1366 4857 1506 4922 delegerim
1531 4859 1649 4908 mommo.

352 4937 420 4986 quae
439 4931 475 4975 cat
492 4927 685 4977 tiberuttaetmu.
706 4927 756 4979 Oa.
785 4953 816 4964 -
852 4926 895 4977 33.
915 4939 1035 4976 mecum
1053 4927 1175 4979 llauutio
1192 4942 1246 4981 om.
1267 4928 1423 4980 Lambinus.
1454 4953 1487 4965 -
1523 4930 1567 4981 ³5.
1587 4924 1649 4977 udin
1758 4969 1759 4996 ,

353 4993 480 5060 caudata]
500 4997 611 5050 blalim:
631 4998 810 5048 meandum.
829 4997 879 5049 Οι.
