3656 5868
372 424 432 487 116
799 421 1073 487 EPISTOLARUM
1093 424 1145 486 ln
1167 425 1258 488 del.
1381 461 1384 472 ·

822 582 918 644 rur.
962 578 1009 662 (r.
1036 582 1069 644 n
1091 582 1123 644 c,
1145 579 1230 665 τοο.)

789 693 932 759 cronno
954 693 1150 758 rnnnarro
1174 695 1205 756 s.
1227 696 1265 758 n.

453 821 481 881 1.
513 820 561 882 Ex
582 815 644 881 tuis
672 813 782 880 litteris
809 823 840 878 et
862 813 980 891 Quinto
1000 811 1090 904 fratri
1118 812 1233 900 gratias
1254 813 1306 899 egi
1327 822 1359 878 et
1379 822 1409 880 te
1430 815 1598 902 aliquando
1620 821 1694 885 col-

366 910 494 977 laudare
516 931 661 997 possum,
695 908 779 997 quod
801 908 862 972 iam
891 907 1008 972 videris
1034 903 1120 973 'certa
1145 908 1248 994 aliqua
1270 907 1301 972 in
1323 907 1474 973 sententia
1496 910 1689 978 constitisse.

220 1073 226 1080 ,
343 1011 441 1070 *Nam
463 1006 638 1092 primorum
657 1005 811 1069 mensium
828 1001 939 1066 litteris
955 1001 1017 1066 tuis
1032 1001 1232 1066 vehementer
1245 1001 1482 1077 commovebar,
1505 1004 1590 1088 quod
1607 1006 1689 1072 mibi

364 1099 521 1164 interdum
543 1119 681 1184 —pace
704 1107 755 1162 tua
777 1095 912 1162 dixerim
936 1131 974 1143 -
997 1095 1075 1160 levis
1097 1095 1129 1160 in
1150 1095 1238 1160 urbis
1253 1093 1499 1183 urbanitatisque
1514 1097 1686 1176 desiderio,

364 1193 520 1259 interdum
542 1192 646 1279 piger,
667 1191 825 1257 interdum
847 1190 974 1254 timidus
995 1189 1028 1253 in
1049 1187 1158 1254 labore
1180 1189 1323 1263 militari,
1346 1209 1438 1275 saepe
1460 1199 1564 1255 autem
1578 1193 1684 1269 etiam,

363 1287 481 1374 quoda
503 1296 533 1351 te
555 1285 779 1351 alienissimum
801 1293 861 1359 est,
884 1282 1108 1369 subimpudens
1127 1282 1305 1348 videbare..
1327 1288 1497 1370 Tamquam
1513 1285 1595 1350 enim
1610 1309 1688 1374 spn-

362 1381 513 1467 grapham
541 1381 579 1445 ad
601 1380 837 1467 imperatorem,
874 1399 937 1443 non
960 1376 1122 1461 epistolam
1151 1377 1324 1450 attulisses,
1361 1376 1406 1441 sic
1426 1378 1559 1463 pecunia
1580 1379 1684 1446 ablata

328 1485 352 1524 ¹⁰
363 1475 490 1540 domum
511 1474 617 1539 redire
638 1472 847 1560 properabas,
880 1492 939 1536 nec
960 1469 1016 1536 tibi
1038 1470 1071 1534 in
1092 1479 1228 1534 mentem
1251 1469 1394 1535 veniebat
1415 1491 1470 1536 eos
1492 1472 1594 1558 ipsos,
1626 1477 1682 1562 qui

360 1589 432 1634 cnm
454 1568 637 1656 syngraphis
658 1568 815 1633 venissent
835 1564 1080 1637 Alexandream,
1110 1585 1271 1629 nummum
1293 1563 1394 1628 adbuc
1414 1564 1533 1630 nullum
1554 1567 1681 1636 auferre

359 1660 509 1747 potuisse.
562 1665 592 1726 2.
625 1665 708 1746 Ego,
742 1659 769 1726 si
790 1661 853 1724 mei
874 1656 1031 1724 commodi
1052 1657 1206 1721 rationem
1229 1656 1389 1731 ducerem,
1412 1666 1443 1721 te
1465 1679 1589 1726 mecum
1612 1684 1680 1728 esse

358 1755 494 1820 maxime
525 1755 654 1832 vellem3
691 1753 859 1820 nonenim
882 1749 1034 1818 mediocri
1056 1749 1214 1815 afficiebar
1234 1751 1284 1816 vel
1305 1750 1464 1837 voluptate
1486 1773 1526 1818 ex
1548 1775 1680 1821 consuc-

357 1848 465 1914 tudine
487 1858 593 1913 nostra
614 1849 664 1913 vel
687 1848 818 1913 utilitate
840 1869 881 1912 ex
902 1844 1034 1913 consilio
1054 1854 1149 1932 atque
1171 1861 1268 1930 opera
1290 1853 1352 1938 tua.
1407 1845 1469 1910 Sed
1491 1867 1562 1912 cum
1585 1859 1615 1914 te
1637 1872 1678 1916 ex

322 1941 565 2007 ¹⁵adolescentia
587 1949 639 2008 tua
660 1942 692 2008 in
714 1942 883 2007 amicitiam
904 1950 936 2005 et
957 1939 1050 2004 fidem
1072 1960 1173 2003 meam
1192 1937 1391 2013 contulisses,
1417 1961 1541 2026 semper
1562 1952 1593 2006 te
1615 1964 1678 2009 non

357 2035 453 2100 modo
475 2035 625 2101 tuendum
645 2035 742 2111 mihi,
765 2035 819 2101 sed
842 2036 936 2100 etiam
958 2032 1134 2118 augendum
1157 2041 1249 2118 atque
1272 2031 1447 2098 ornandum
1468 2035 1586 2119 putavi.
1618 2041 1679 2101 lta·

356 2151 440 2218 que,
462 2130 568 2216 quoad
589 2128 734 2215 opinatus
755 2150 824 2194 sum
846 2149 897 2194 me
918 2129 951 2193 in
972 2125 1167 2214 provinciam
1191 2127 1366 2200 exiturum,
1389 2148 1469 2213 quae
1491 2127 1530 2192 ad
1545 2139 1576 2194 te
1592 2132 1677 2197 ultro

356 2223 534 2295 attulerim,
567 2223 746 2288 meminisse
768 2230 798 2286 te
820 2220 929 2286 credo.
975 2225 1180 2306 Posteaquam
1203 2240 1240 2284 ea
1262 2225 1378 2285 mutata
1398 2220 1480 2284 ratio
1502 2231 1568 2298 est,
1605 2245 1677 2290 cum

356 2316 507 2390 viderem,
529 2336 619 2380 mea
646 2319 777 2381 Caesare
798 2313 1112 2380 bonorificentissime
1137 2312 1264 2377 tractari
1286 2324 1317 2379 ct
1344 2314 1436 2379 unice
1462 2313 1549 2400 diligi
1575 2317 1678 2383 homi·

318 2419 346 2460 ⁹⁰
354 2410 466 2496 nisque
486 2408 703 2474 liberalitatem
724 2407 940 2474 incredibilem
962 2416 993 2472 et
1013 2405 1203 2492 singularem
1224 2405 1317 2471 fidem
1346 2428 1489 2482 nossem,
1512 2409 1557 2473 sic
1587 2411 1617 2475 ei
1645 2421 1676 2476 te

355 2501 570 2570 commendavi
600 2510 631 2566 et
663 2500 794 2575 tradidi,
830 2510 865 2568 ut
892 2499 1076 2587 gravissime
1103 2499 1401 2588 diligentissimeque
1428 2501 1526 2589 potui.
1581 2505 1676 2581 Quod

354 2597 406 2662 ille
429 2596 470 2661 ita
493 2603 523 2660 et
545 2595 664 2680 accepit
685 2603 716 2660 ct
737 2594 815 2659 mibi
836 2615 928 2682 saepe
949 2593 1061 2659 litteris
1084 2593 1267 2678 significarit
1289 2605 1321 2659 et
1342 2594 1399 2660 tibi
1420 2605 1451 2660 et
1465 2593 1570 2660 verbis
1593 2607 1625 2662 et
1638 2619 1674 2664 re

354 2689 490 2756 ostendit
503 2709 573 2754 mea
588 2687 857 2754 commendatione
872 2709 940 2754 sese
962 2687 1052 2754 valde
1074 2707 1143 2752 esse
1160 2697 1360 2753 commotum.
1404 2692 1494 2754 Hunc
1514 2698 1548 2754 tu
1570 2691 1676 2758 virum

353 2791 477 2858 nactus,
506 2783 534 2848 si
562 2804 612 2848 me
634 2791 686 2848 aut
716 2803 827 2868 sapere
845 2782 963 2870 aliquid
985 2791 1038 2847 aut
1058 2781 1138 2847 velle
1159 2790 1213 2846 tua
1234 2803 1325 2847 causa
1347 2793 1456 2869 putas,
1484 2805 1524 2848 ne
1545 2785 1675 2851 dimise·

316 2889 344 2928 *ὁ
352 2877 413 2952 ris,
437 2876 516 2942 etsi
538 2896 618 2963 quac
640 2874 846 2942 tesorteres
868 2875 1036 2964 aliquando
1064 2875 1249 2951 offenderit,
1280 2897 1351 2942 cum
1378 2876 1430 2942 ille
1460 2886 1513 2942 aut
1540 2899 1675 2966 oocupa-

352 2970 438 3037 tione
459 2979 513 3036 aut
534 2969 712 3035 difficultate
734 2969 855 3035 tardior
876 2969 933 3034 tibi
951 2970 1011 3034 erit
1030 2969 1130 3046 visus,
1152 2969 1292 3056 perferto
1314 2978 1345 3034 et
1359 2970 1468 3035 ultima
1483 2983 1672 3059 exspectato,

352 3086 432 3152 quae
454 3085 513 3150 ego
535 3062 593 3130 tibi
615 3062 748 3130 iucunda
770 3071 801 3128 et
821 3063 952 3128 honesta
973 3062 1149 3149 praestabo.
1192 3067 1222 3129 3.
1244 3061 1390 3129 Pluribus
1417 3071 1446 3128 te
1467 3064 1587 3130 hortari
1609 3087 1673 3134 non

352 3158 470 3224 debeo:
493 3167 612 3223 tantum
634 3178 747 3223 moneo
770 3178 871 3244 neque
893 3157 1046 3223 amicitiae
1068 3153 1297 3222 confirmandae
1312 3156 1476 3223 clarissimi
1498 3179 1534 3223 ac
1555 3157 1673 3224 libera-

351 3252 461 3318 lissimi
482 3250 543 3316 viri
564 3270 667 3336 neque
688 3249 846 3316 uberioris
867 3251 1048 3337 provinciae
1070 3270 1171 3336 neque
1193 3250 1302 3314 aetatis
1317 3249 1415 3336 magis
1431 3250 1578 3316 idoneum
1593 3260 1673 3316 tem·

314 3357 424 3432 ⁸⁰pus,
461 3345 488 3410 si
519 3345 580 3410 ho'c
606 3345 764 3420 amiseris,
797 3353 828 3409 te
861 3365 929 3410 esse
957 3345 1056 3410 ullum
1085 3364 1222 3429 nnqnam
1258 3353 1468 3429 reperturum.
1525 3348 1671 3420 „lloc,”

352 3437 616 3524 quemadmodum
637 3459 693 3503 vos
715 3436 856 3503 scribere
885 3437 991 3503 soletis
1012 3435 1046 3500 in
1066 3436 1178 3501 vestris
1203 3435 1313 3512 libris,
1346 3457 1458 3512 „rnen
1484 3439 1523 3515 Q.
1547 3441 1674 3504 Connu-

352 3551 410 3600 ιιο
433 3539 656 3600 vrnnnarvn.”
698 3538 734 3599 In
750 3533 940 3599 Britanniam
958 3541 988 3596 te
1010 3529 1185 3617 proiectum
1208 3551 1271 3596 non
1292 3551 1360 3596 esse
1378 3530 1516 3617 gaudeo,
1539 3532 1625 3618 quod
1640 3542 1673 3598 et

351 3626 460 3694 labore
481 3627 608 3693 caruisti
629 3636 661 3692 et
679 3648 738 3713 ego
761 3638 792 3693 te
814 3627 852 3691 de
873 3624 969 3690 rebus
990 3624 1052 3690 illis
1073 3645 1137 3690 non
1158 3625 1291 3691 audiam.
1345 3624 1403 3691 Ubi
1425 3625 1467 3692 sis
1488 3625 1672 3693 hibernatu-

351 3743 407 3786 rus
429 3731 460 3787 et
481 3743 543 3808 qua
564 3743 619 3808 spe
639 3730 694 3786 aut
713 3719 915 3794 condicione,
937 3717 1115 3804 perscribas
1136 3717 1176 3783 ad
1198 3740 1248 3784 me
1269 3719 1373 3785 velim.

314 3879 343 3920 a
798 3863 912 3926 run.
956 3856 1004 3942 (s.
1031 3860 1063 3923 u.
1085 3860 1118 3923 e.
1140 3857 1225 3943 ror.)

801 3973 942 4040 cronno
964 3973 1160 4036 rnnnarro
1182 3975 1213 4037 s.

435 4099 464 4162 1.
486 4096 598 4182 Accepi
619 4104 689 4162 ate
710 4094 830 4181 aliquot
851 4092 997 4178 epistolas
1019 4112 1083 4158 uno
1105 4102 1263 4179 tempore,
1285 4115 1362 4180 quas
1384 4101 1419 4159 tu
1439 4093 1572 4160 diversis
1591 4103 1671 4162 tem·

349 4186 482 4276 poribus
503 4189 649 4255 dederas:
677 4189 709 4254 in
731 4187 845 4276 quibus
867 4208 917 4251 mc
939 4196 1042 4252 cetera
1064 4185 1275 4264 delectarunt3
1297 4187 1510 4273 significabant
1530 4190 1614 4256 enim
1637 4200 1668 4254 te

349 4283 440 4349 istam
462 4283 603 4348 militiam
624 4284 686 4348 iam
708 4282 799 4347 firmo
827 4281 931 4345 animo
962 4280 1045 4345 ierre
1066 4291 1097 4346 et
1119 4302 1187 4346 esse
1209 4281 1323 4346 sortem
1348 4282 1451 4347 virum
1474 4291 1505 4346 et
1525 4291 1671 4348 constan-

312 4386 422 4443 utem.
476 4380 564 4455 Quae
586 4398 645 4463 ego
666 4377 838 4463 paullisper
858 4376 890 4440 in
912 4384 942 4440 te
964 4374 1007 4439 ita
1029 4374 1219 4451 desideravi,
1252 4396 1315 4440 non
1336 4375 1546 4442 imbecillitate
1572 4377 1669 4443 animi

349 4471 410 4545 tui,
433 4470 488 4536 sed
508 4469 624 4556 magis,
654 4480 689 4534 ut
709 4469 868 4534 desiderio
889 4473 988 4532 nostri
1010 4477 1040 4532 te
1062 4477 1205 4533 aestuare
1225 4477 1378 4554 putarem.
1422 4471 1528 4546 Quare
1549 4490 1666 4555 perge,

349 4573 384 4630 ut
404 4564 549 4650 coepisti;
571 4563 647 4630 lorti
668 4564 773 4630 animo
794 4563 885 4628 istam
906 4563 1005 4628 tolera
1026 4561 1188 4640 militiam;
1217 4562 1329 4639 multa,
1351 4561 1428 4627 mihi
1450 4562 1561 4638 crede,
1583 4585 1668 4630 asse·

352 4711 502 4723 —u-u-

417 4783 445 4834 6.
470 4783 590 4834 dicerem
606 4781 644 4833 Μ.
671 4805 700 4817 -
737 4779 764 4830 8.
784 4780 956 4831 menemus
973 4787 998 4831 ct
1015 4779 1196 4844 subimpudens
1214 4780 1251 4830 Μ.
1280 4803 1308 4814 -
1346 4782 1389 4830 11.
1408 4779 1600 4832 Alexandream
1617 4783 1663 4835 M:

347 4852 535 4902 Alexandriam
554 4853 586 4902 E.
606 4875 637 4888 -
673 4850 755 4899 ullum
772 4850 811 4900 Μ.
829 4875 863 4885 -
899 4851 942 4902 15.
963 4858 1035 4901 tuom
1052 4852 1087 4902 Μ.
1109 4874 1137 4885 -
1175 4849 1219 4901 18.
1238 4849 1374 4900 detulerim
1391 4850 1550 4902 Lambinus.
1571 4877 1602 4888 -
1633 4867 1665 4904 eo

347 4921 390 4972 ll:
409 4936 467 4972 mea
485 4923 516 4972 E.
540 4948 574 4958 -
610 4921 654 4971 22.
680 4922 721 4970 r'ta
739 4923 880 4984 reaccepit
898 4922 941 4972 M:
960 4923 1000 4972 tta
1016 4923 1115 4985 accepit
1132 4922 1163 4972 E.
1197 4943 1227 4956 -
1263 4921 1308 4971 25.
1327 4923 1372 4976 rt,
1392 4927 1469 4972 vetus
1488 4922 1665 4985 supplemen-

346 4995 421 5053 tum,
441 4993 544 5043 om.1t1.
564 4993 636 5042 Fort.
655 4991 805 5040 dtmr'rertr:
823 4992 846 5038 rt
864 4997 915 5041 cet.
936 4990 986 5042 On.
1003 5015 1032 5027 -
1052 4992 1174 5057 quaebla
1193 4990 1285 5056 quali.
1305 5015 1338 5026 ·-
1357 4990 1402 5042 26.
1420 4993 1616 5056 repercutiat!-
1631 5014 1663 5029 -

345 5061 390 5112 ΞΖ.
409 5061 457 5112 unt
473 5063 588 5112 iucundo
604 5062 647 5114 bl:
667 5061 714 5112 aar
731 5067 756 5112 et
773 5061 887 5110 iucundo
905 5061 936 5112 s.
