3628 5876
291 433 353 497 144
716 431 992 496 EPISTOLARUM
1012 433 1064 496 An
1086 433 1177 495 Fan.

290 588 354 656 bat.
407 587 545 654 Videbar
567 589 650 654 enirn
671 590 765 663 mibi,
796 610 868 655 cum
888 609 939 653 me
963 588 996 654 in
1018 609 1069 653 res
1090 586 1371 653 turbulentissimas
1393 587 1616 654 infidelissimis

290 682 384 749 sociis
413 683 628 759 dumiensem,
664 684 838 770 praeceptis
875 683 1000 748 illomm
1034 703 1098 747 non
1134 682 1208 747 satis
1240 682 1392 767 paruisse.
1448 687 1617 767 Ignoscunt

290 777 383 852 mibi,
412 787 562 842 revocant
583 777 614 842 in
636 776 894 842 consuetudinem
915 775 1092 861 pristinam,
1117 784 1226 861 teque,
1249 774 1335 861 quod
1355 775 1388 839 in
1410 796 1450 842 eo
1471 797 1616 861 perman·

290 870 384 944 seris,
407 871 630 956 sapientiorem
652 894 745 958 quam
768 892 818 934 me
842 870 947 935 dicunt
967 871 1075 936 luisse.
1119 869 1348 947 Quamobrem,
1380 873 1528 955 quoniam
1550 872 1616 956 pla-

267 964 365 1030 ccatis
387 964 425 1029 iis
446 975 535 1040 utor,
569 966 681 1030 videor
701 987 829 1052 sperare
852 963 985 1038 debere,
1023 965 1049 1030 si
1071 972 1102 1028 te
1124 963 1272 1038 viderim,
1307 973 1338 1026 et
1359 983 1413 1038 ea,
1441 985 1521 1049 quae
1543 984 1616 1048 pre-

289 1069 391 1134 mant,
414 1068 446 1124 et
466 1080 519 1134 ea,
542 1082 621 1147 quae
643 1060 859 1145 impendeant,
882 1081 933 1124 me
955 1059 1045 1124 facile
1064 1058 1276 1123 transiturum.
1321 1057 1536 1134 Quamobrem
1548 1062 1614 1122 sive

289 1153 323 1218 in
344 1154 519 1219 Tusculano
542 1154 608 1219 sive
636 1159 668 1220 in
691 1159 829 1220 Cumano
857 1153 897 1219 ad
924 1164 954 1219 te
979 1152 1115 1239 placebit
1141 1153 1223 1224 sive,
1247 1151 1332 1238 qnod
1354 1153 1480 1216 minime
1501 1151 1612 1225 velim,

289 1253 423 1323 Romae,
461 1247 632 1313 dummodo
654 1247 746 1313 simul
769 1248 884 1323 simus,
918 1247 1079 1334 perficiam
1101 1245 1262 1332 prolecto,
1300 1255 1334 1312 ut
1356 1245 1387 1311 id
1408 1245 1535 1332 utrique
1557 1265 1614 1310 no·

289 1345 389 1408 strbm
411 1341 699 1409 commodissimum
721 1363 790 1408 esse
811 1341 966 1407 videatur.

254 1519 280 1560 ιι
766 1504 808 1567 11.
854 1503 904 1581 (Α.
931 1503 962 1566 u.
986 1504 1018 1567 c.
1040 1500 1126 1585 ros.)

775 1635 918 1699 CICERO
945 1635 1131 1700 VARRONI.

375 1760 403 1823 1.
426 1756 573 1823 Caninius
595 1754 677 1821 idem
692 1766 764 1821 tuus
787 1763 818 1819 et
832 1753 916 1818 idem
935 1766 1056 1829 noster,
1079 1776 1150 1820 cum
1172 1755 1211 1819 ad
1233 1775 1282 1820 mc
1303 1760 1487 1842 pervesperi
1509 1761 1614 1820 venis-

289 1859 335 1918 set
357 1859 443 1917 etse
465 1849 618 1937 postridie
639 1871 730 1914 mane
752 1849 791 1914 ad
812 1857 843 1913 te
865 1849 983 1914 iturum
1005 1871 1074 1914 osse
1086 1849 1231 1924 dixisset,
1255 1850 1320 1915 dixi
1343 1849 1372 1914 ei
1394 1871 1444 1914 me
1467 1850 1612 1915 daturum

288 1944 422 2032 aliquid;
455 1965 545 2008 mane
567 1955 602 2010 ut
623 1953 758 2030 peteret,
790 1944 910 2029 rogavi.
954 1944 1130 2030 Conscripsi
1153 1945 1317 2030 epistolam
1339 1954 1450 2020 noctn;
1481 1965 1538 2008 nec
1559 1944 1612 2008 ille

253 2060 278 2100 rs
288 2039 326 2105 ad
348 2060 399 2104 me
421 2038 531 2115 rediit;
555 2037 687 2103 oblitum
709 2037 837 2103 credidi.
885 2043 928 2103 Ac
951 2047 1052 2102 tamen
1075 2060 1145 2103 cam
1168 2039 1266 2124 ipsam
1288 2039 1346 2104 tibi
1368 2039 1531 2125 epistolam
1554 2044 1612 2103 mi-

287 2134 397 2199 sissem
429 2153 488 2218 per
517 2153 622 2207 meos,
657 2133 717 2197 nisi
739 2131 896 2196 audissem
919 2153 960 2196 ex
982 2132 1094 2196 codem
1116 2133 1267 2218 postridie
1289 2143 1320 2198 te
1342 2155 1432 2197 mane
1454 2156 1472 2199 e
1493 2140 1612 2198 Tuscu-

286 2227 358 2292 lano
381 2227 551 2295 exiturum.
608 2231 648 2291 At
675 2224 733 2290 tibi
761 2236 889 2312 repente
922 2228 1028 2312 paucis
1055 2236 1126 2312 post
1152 2225 1279 2300 diebus,
1313 2248 1383 2291 cum
1405 2227 1533 2291 minime
1555 2249 1612 2292 ex·

287 2331 477 2406 spectarem,
511 2319 596 2384 venit
623 2318 663 2383 ad
691 2341 742 2384 me
771 2320 916 2385 Caninius
943 2341 1050 2396 mane;
1086 2319 1241 2405 proficisci
1269 2319 1307 2385 ad
1342 2330 1370 2385 te
1393 2321 1496 2386 statim
1521 2321 1610 2387 dixit.

286 2415 354 2480 Etsi
375 2425 442 2479 erat
464 2416 562 2489 ἕωλος
584 2413 637 2478 illa
659 2413 807 2498 epistola,
843 2413 1030 2499 praesertim
1057 2414 1149 2478 tantis
1171 2423 1279 2501 postea
1306 2416 1397 2479 novis
1418 2415 1514 2480 rebus
1535 2415 1611 2480 alla-

249 2507 344 2581 eotis‚
375 2516 477 2572 tamen
505 2507 611 2592 perire
639 2506 888 2572 lucubrationem
909 2528 1011 2571 meam
1033 2508 1119 2573 nolui
1142 2517 1172 2572 et
1194 2530 1262 2573 eam
1285 2507 1383 2594 ipsam
1406 2510 1534 2575 Caninio
1556 2510 1610 2573 de-

287 2600 318 2665 di
326 2622 335 2678 ;
372 2600 428 2665 sed
456 2621 527 2666 cum
555 2622 593 2666 eo
622 2611 658 2666 ut
685 2622 756 2665 cum
785 2601 912 2666 bomine
941 2601 1034 2666 docto
1063 2610 1094 2666 et
1121 2607 1166 2668 tui
1196 2602 1408 2668 amantissimo
1429 2603 1551 2668 locutus
1573 2625 1609 2667 ea

287 2715 374 2770 sum,
398 2716 477 2780 quae
498 2696 664 2782 pertulisse
690 2695 777 2760 illum
797 2695 837 2760 ad
856 2707 886 2760 te
906 2695 1061 2760 existimo.
1121 2700 1151 2760 2.
1174 2695 1243 2762 Tibi
1264 2706 1367 2761 autem
1386 2696 1469 2760 idem
1488 2698 1609 2762 consilii

287 2788 349 2864 do,
379 2788 464 2876 quod
485 2789 627 2854 mihimet
648 2788 724 2875 ipsi:
755 2797 790 2854 ut
822 2787 955 2854 ditemus
977 2789 1085 2854 oculos
1107 2790 1284 2864 bominum,
1318 2791 1344 2854 si
1364 2791 1485 2876 linguas
1507 2796 1609 2856 minus

287 2880 376 2947 facilc
398 2883 564 2968 possimus.
609 2883 671 2960 Qui
695 2883 777 2948 enim
802 2883 934 2948 victoria
957 2905 991 2948 se
1013 2883 1163 2956 ellerunt,
1186 2885 1275 2970 quasi
1297 2884 1399 2949 victos
1414 2905 1472 2949 nos
1487 2883 1609 2948 intuen-

248 2994 355 3064 ²³tur;
378 2986 433 3072 qui
455 2995 560 3052 autem
582 2986 681 3052 victos
703 2996 828 3051 nostros
843 2985 972 3050 moleste
997 2985 1118 3062 ferunt,
1141 3007 1199 3052 nos
1225 2986 1331 3054 dolent
1344 2987 1462 3053 vivere.
1506 2989 1610 3064 Quae-

285 3080 511 3155 reslortasse,
540 3101 623 3166 cur,
654 3101 725 3145 cum
747 3079 824 3144 haec
846 3080 878 3145 in
900 3079 979 3145 urbe
1001 3079 1076 3154 sint,
1114 3101 1177 3145 non
1199 3080 1315 3154 absim,
1345 3080 1608 3166 quemadmodum

284 3182 329 3238 tu.
372 3180 420 3240 Tu
442 3175 525 3240 euim
547 3175 629 3261 ipse,
666 3175 720 3261 qui
742 3183 773 3239 et
794 3195 845 3238 mc
867 3183 898 3238 et
919 3175 997 3240 alios
1019 3173 1184 3260 prudentia
1205 3175 1319 3252 vincis,
1350 3175 1473 3249 omnia,
1496 3173 1607 3248 credo,

285 3267 406 3342 vidisti,
438 3268 515 3332 nibil
548 3279 579 3332 te
612 3269 740 3334 omnino
769 3267 887 3333 fefellit.
929 3261 1021 3348 (Quis
1049 3277 1096 3333 est
1118 3277 1181 3332 tam
1208 3268 1353 3356 lynceus,
1386 3265 1494 3354 quilin
1517 3267 1608 3331 tantis

285 3360 423 3426 tenebris
449 3361 527 3427 nibil
549 3361 702 3435 ollendat,
736 3381 890 3448 nusquam
911 3361 1071 3426 incurrat?
1108 3365 1138 3426 3.
1159 3367 1204 3428 Ac
1224 3363 1301 3427 mibi
1324 3356 1450 3449 quidem
1467 3363 1529 3427 iam
1544 3361 1609 3448 pri-

247 3453 358 3519 ³⁰dem
379 3453 520 3520 venitin
541 3465 677 3519 mentem
699 3453 816 3520 bellum
839 3477 907 3519 csse
929 3455 1036 3542 aliquo
1059 3455 1164 3529 exire,
1194 3465 1229 3520 ut
1251 3479 1302 3532 ea,
1336 3478 1415 3543 quac
1437 3455 1608 3540 agebantur

285 3547 336 3612 bic
368 3569 511 3633 quaeque
544 3547 742 3623 dicebantur,
779 3569 837 3612 nec
870 3547 1010 3613 viderem
1039 3571 1096 3613 nec
1122 3549 1275 3616 audirem.
1318 3550 1381 3616 Scd
1396 3548 1607 3615 calumniabar

285 3641 367 3726 ipsc;
389 3640 552 3726 putabam,
590 3642 644 3728 qui
666 3641 792 3707 obviam
814 3641 890 3707 mihi
911 3647 1061 3718 venisset,
1094 3653 1129 3707 ut
1150 3644 1263 3731 cuique
1286 3644 1485 3710 commodum
1507 3651 1606 3717 esset,

285 3735 513 3820 suspicaturum
536 3745 588 3800 aut
610 3736 782 3811 dicturum,
816 3736 909 3800 ctiam
931 3735 958 3800 si
979 3757 1042 3800 non
1064 3737 1290 3823 suspicaretur:
1314 3743 1397 3813 „Hic
1423 3747 1476 3803 aut
1498 3736 1608 3801 metuit

286 3835 317 3892 et
339 3850 375 3892 ea
397 3849 432 3892 re
461 3827 556 3912 fugit;
589 3839 643 3893 aut
663 3829 780 3916 aliquid
802 3829 916 3914 cogitat
938 3839 969 3894 et
994 3828 1087 3894 babet
1109 3852 1219 3896 navem
1241 3837 1409 3918 paratam.”
1463 3831 1607 3916 lienique

247 3936 275 3976 τι
285 3920 442 3986 levissime
475 3923 529 4009 qui
558 3924 770 4011 suspicaretur
796 3932 827 3988 et
853 3923 908 4009 qui
929 3923 1062 3988 sortasse
1084 3945 1134 3989 me
1156 3926 1273 4011 optime
1296 3925 1448 4001 novisset,
1483 3933 1608 4011 putaret

284 4035 335 4079 me
357 4013 475 4080 idcirco
498 4016 675 4094 discedere,
712 4017 798 4104 quod
820 4016 972 4103 quosdam
994 4017 1137 4083 homines
1160 4018 1242 4084 oculi
1264 4019 1326 4084 mei
1347 4019 1432 4084 serre
1454 4040 1517 4084 non
1534 4037 1607 4102 pos-
1636 4013 1640 4026 '

283 4119 364 4174 sunt.
418 4113 503 4174 Haec
535 4131 594 4197 ego
624 4112 784 4197 suspicans
812 4109 913 4175 adbuc
941 4117 1058 4177 Romae
1086 4133 1212 4191 manem
1249 4122 1280 4176 et
1305 4122 1409 4178 tamen
1431 4113 1606 4190 λεληθότως

283 4201 477 4268 consuetudo
499 4204 646 4270 diuturna
667 4205 780 4270 callum
801 4205 863 4269 iam
886 4203 1019 4270 obduxit
1040 4205 1201 4270 stomacho
1229 4227 1310 4272 meo.
1367 4210 1398 4271 4.
1430 4205 1534 4271 Habes
1556 4226 1607 4268 ra-

282 4296 401 4362 tionem
422 4297 485 4362 mei
507 4299 638 4363 consilii.
683 4299 753 4364 Tibi
774 4299 871 4384 igitur
892 4298 952 4363 boc
974 4319 1105 4364 censeo:
1128 4299 1286 4364 latendum
1308 4300 1456 4386 tantisper
1477 4297 1604 4367 ibidem,

353 4519 378 4568 l.
399 4519 517 4568 videbam
534 4518 573 4568 Μ.
606 4541 636 4554 -·
673 4519 863 4582 infidelissimos
883 4519 920 4568 Μ.
943 4542 973 4552 -
1010 4519 1036 4566 2.
1056 4519 1191 4568 demissum
1211 4519 1247 4568 Μ.
1276 4544 1308 4556 ·-
1344 4519 1371 4568 3.
1396 4532 1427 4566 ea
1457 4515 1603 4563 Lambinus

282 4601 344 4637 cnm
359 4589 426 4638 Cdd.
440 4588 548 4652 aliq.—
568 4587 596 4637 4.
615 4591 738 4652 quoniam
751 4588 793 4638 nt:
814 4589 918 4652 quondo
938 4587 1009 4636 11.-
1032 4589 1059 4637 5.
1079 4589 1170 4638 tiabl:
1191 4591 1230 4638 bis
1245 4589 1315 4638 14.-
1336 4597 1358 4639 et
1378 4601 1455 4648 aeque
1471 4599 1500 4646 p.
1521 4592 1542 4633 et
1562 4599 1604 4634 oe·

282 4671 347 4722 quae
366 4659 402 4708 Μ.
429 4685 461 4694 -
497 4659 847 4709 commemorarentur:
879 4659 1011 4708 dividetur
1029 4658 1074 4718 Μ,
1106 4661 1263 4708 diiudicetur
1283 4660 1318 4719 li,
1344 4657 1470 4704 iudicetur
1489 4655 1602 4703 bencdi-

282 4735 350 4776 ctus.
372 4753 401 4764 -
439 4729 483 4778 12.
509 4730 577 4778 idem
603 4735 704 4778 tunaet
723 4729 888 4779 Cratander:
920 4729 988 4777 idem
1006 4735 1030 4777 at
1048 4728 1094 4788 Μ,
1122 4731 1264 4778 tumidam
1283 4737 1306 4778 et
1326 4725 1356 4774 li.
1379 4752 1409 4761 -
1447 4725 1489 4774 1³.
1509 4727 1603 4774 iterum

281 4797 319 4848 Μ.
344 4821 371 4832 -
410 4799 453 4848 14.
473 4799 589 4863 uliquid,‘
615 4813 691 4847 mone
709 4805 738 4847 ut
757 4798 913 4848 Sebiitzius:
933 4799 1035 4862 aliquid
1052 4813 1143 4858 mane:
1167 4807 1196 4848 ut
1215 4799 1246 4848 E.
1268 4821 1297 4832 -·
1335 4797 1376 4845 15.
1397 4797 1432 4844 Ac
1451 4804 1537 4844 tanton
1556 4795 1601 4846 bl:

283 4869 404 4918 Attamen
422 4868 453 4918 E.
478 4894 499 4902 -
542 4869 585 4918 17.
604 4883 622 4918 α
641 4869 688 4917 tibi
706 4867 743 4918 Μ.
766 4891 796 4904 -·
833 4872 1016 4932 eaispcetorem
1034 4868 1071 4919 Μ.
1095 4895 1121 4905 -
1152 4870 1195 4918 2¹.
1215 4882 1244 4917 co
1262 4875 1361 4916 etcum
1380 4867 1416 4915 Μ.
1439 4891 1466 4900 -
1490 4867 1529 4914 tui
1547 4879 1601 4915 om.

282 4937 320 4986 Μ.
354 4961 383 4971 -
421 4939 465 4988 23.
485 4937 533 4988 tibi
551 4946 612 4988 anto
629 4953 668 4987 me
685 4939 787 4987 constit
809 4938 845 4989 Μ.
879 4965 908 4974 -
946 4939 990 4988 23.
1011 4939 1106 5003 linguis
1123 4939 1161 4989 Μ.
1193 4963 1225 4973 -
1262 4937 1307 4986 ⁶26.
1338 4950 1402 4994 cur,
1422 4933 1488 4996 cum]
1508 4937 1604 4984 circum

283 5007 319 5056 bl.
341 5029 372 5040 -
407 5015 468 5057 sunt
487 5009 523 5060 Μ.
551 5032 581 5042 -
625 5009 1106 5072 28.quttnramutt1:quttanns
1126 5009 1155 5058 li.
1183 5031 1210 5042 —
1250 5009 1293 5056 3²2.
1313 5007 1536 5070 ipsemerlmbr.
1558 5005 1601 5056 14.

283 5089 372 5126 neec.
393 5091 429 5127 m.
460 5101 489 5113 -·
527 5077 570 5127 36.
595 5086 704 5141 possunt
723 5078 766 5129 nt:
784 5085 890 5141 possent
909 5079 940 5127 ll.
961 5102 991 5113 -
1029 5078 1072 5128 38.
1092 5079 1189 5128 diuma
1207 5079 1364 5128 calumniam
1385 5077 1493 5125 obducit
1510 5075 1548 5126 Μ.
