3628 5876
649 415 722 476 LlB.
744 413 799 475 Xl.
835 413 893 476 ΕΡ.
916 411 967 474 28.
988 411 1040 474 99.
1444 410 1507 476 207

182 579 273 658 opto,
295 579 330 636 ut
351 569 511 656 poeniteat
532 589 588 634 eos
610 569 659 634 sui
679 568 780 635 lactil
817 565 916 654 Cupio
938 565 1020 632 enim
1043 567 1184 634 Caesaris
1205 577 1339 635 mortem
1361 569 1508 636 omnibus

182 687 251 730 esse
273 663 429 730 acerbam.
482 669 521 729 ht
552 661 654 728 debeo
682 683 742 749 pro
769 661 854 728 civili
882 671 972 748 parte
1003 681 1071 726 rem
1099 659 1256 744 publicam
1277 663 1356 729 velle
1378 665 1506 730 salvam.
1632 673 1637 680 '

182 758 217 824 ld
242 758 369 845 quidem
401 777 451 820 me
481 777 613 842 cupere,
651 756 711 822 nisi
744 767 775 822 et
803 764 873 820 ante
902 767 968 820 aeta
996 755 1059 820 vita
1082 756 1256 842 etreliqua
1277 778 1347 822 mea
1368 779 1439 843 spes
1461 767 1507 824 ta·

181 863 270 918 cente
292 873 343 918 me
365 850 496 938 probat,
533 851 667 916 dicendo
692 850 819 916 vincere
848 869 912 914 non
940 848 1075 934 postulo.
1118 852 1147 914 5.
1172 852 1279 927 Quare
1300 851 1453 916 maiorem
1474 852 1507 918 in

182 947 310 1012 modum
331 955 361 1010 te
390 965 490 1030 rogo,
527 955 649 1010 utrem
671 945 828 1030 potiorem
850 943 992 1008 oratione
1019 941 1131 1018 ducas,
1168 943 1328 1031 mihique,
1364 945 1390 1009 si
1412 947 1532 1012 sentiss

181 1039 334 1125 expedire
362 1047 447 1103 recte
478 1036 571 1113 lieri,
607 1037 716 1103 credas
744 1038 861 1103 nullam
883 1040 1135 1102 communionem
1162 1058 1233 1103 cum
1262 1037 1416 1123 improbis
1439 1061 1508 1105 esse

182 1155 285 1220 posse.
331 1138 395 1206 An,
432 1130 517 1217 quod
539 1130 720 1196 adolescens
744 1130 901 1217 praestiti,
938 1150 1010 1196 cum
1037 1131 1130 1195 etiam
1152 1151 1261 1197 errare
1282 1153 1353 1200 cum
1376 1155 1508 1200 excusa-

182 1227 267 1292 tione
290 1247 431 1312 possem,
464 1224 497 1289 id
519 1245 614 1300 nune,
648 1233 747 1291 aetate
769 1224 988 1310 praecipitata,
1026 1234 1215 1291 commutem
1238 1247 1275 1292 ac
1295 1249 1347 1292 me
1369 1229 1437 1314 ipse
1456 1249 1508 1294 re-

182 1325 309 1412 texam?
344 1325 412 1384 Non
434 1319 563 1392 luciam,
596 1339 714 1406 neque,
744 1319 830 1406 quod
852 1318 1031 1404 displiceat,
1053 1319 1263 1395 committam,
1286 1333 1507 1408 praeterquam

180 1415 267 1503 quod
290 1413 425 1479 hominis
446 1413 523 1478 mibi
545 1412 789 1478 coniunctissimi
805 1433 841 1478 ac
857 1413 917 1477 viri
937 1411 1120 1498 amplissimi
1138 1413 1231 1480 doleo
1246 1436 1372 1500 gravem
1390 1438 1545 1484 casamo

181 1508 305 1587 Quodsi
326 1507 417 1572 aliter
437 1528 538 1572 essem
565 1508 739 1579 animatus,
769 1527 944 1592 nunquam,
981 1506 1067 1593 quod
1087 1507 1239 1584 lacerem,
1272 1531 1434 1596 aeganem,
1467 1533 1506 1577 ne

180 1612 214 1668 et
240 1601 272 1665 in
300 1599 457 1686 peccando
493 1599 657 1686 improbus
686 1612 717 1667 ct
751 1599 783 1664 in
815 1598 1038 1665 dissimulando
1072 1600 1198 1667 timidus
1220 1622 1256 1666 ac
1277 1624 1374 1670 vanus
1396 1606 1506 1671 existi·

179 1717 298 1762 maror.
347 1700 377 1760 6.
409 1699 448 1759 At
475 1693 582 1769 ludos,
616 1716 696 1781 quos
719 1694 860 1761 Caesaris
895 1693 1045 1758 victoriae
1072 1696 1185 1758 Caesar
1212 1695 1392 1763 adolescens
1414 1699 1506 1774 lecit,

179 1789 302 1856 curavi.
355 1795 394 1854 At
414 1787 447 1852 id
468 1787 508 1852 ad
529 1787 688 1873 privatum
710 1787 862 1860 officium,
896 1807 959 1851 non
981 1785 1020 1850 ad
1041 1795 1154 1852 statum
1178 1789 1389 1875 reipublicae
1410 1793 1507 1878 perti-

179 1894 245 1952 net
289 1882 383 1960 Quod
405 1891 508 1946 tamen
530 1902 643 1948 munus
665 1892 697 1947 et
718 1881 852 1946 hominis
870 1879 1051 1945 amicissimi
1072 1881 1243 1948 memoriae
1265 1895 1358 1971 atque
1380 1886 1545 1953 honori-aa

178 1977 241 2044 bus
262 1985 423 2065 praestare
451 1975 544 2040 etiam
570 1977 687 2042 mortui
715 1975 825 2051 debui,
861 1985 892 2039 et
920 1973 1056 2059 optimae
1085 1975 1152 2061 spei
1180 1975 1367 2044 adolescenti
1396 2002 1432 2045 ac
1461 1981 1509 2046 di-

179 2072 333 2159 gnissimo
349 2075 481 2136 Caesare
496 2070 613 2156 petenti
628 2091 743 2156 negare
759 2089 821 2134 non
835 2072 934 2154 potui.
978 2071 1007 2133 7.
1030 2073 1109 2134 Veni
1124 2074 1216 2134 etiam
1232 2071 1368 2137 consulis
1382 2075 1507 2140 Antonii

182 2165 315 2230 domum
327 2185 420 2251 saepe
432 2161 584 2229 salutandi
597 2184 705 2242 causa;
722 2163 761 2229 ad
772 2183 867 2248 quem
878 2161 932 2248 qui
946 2181 997 2225 me
1008 2181 1120 2246 parum
1134 2163 1254 2248 patriae
1268 2177 1423 2231 amantem
1439 2161 1507 2234 esse

180 2259 362 2324 existimant
389 2256 521 2342 rogandi
545 2256 670 2343 quidem
698 2256 816 2343 aliquid
838 2264 890 2320 aut
912 2255 1073 2320 auferendi
1094 2276 1187 2321 causa
1209 2257 1387 2344 frequentes
1410 2262 1509 2327 venti·

179 2363 251 2418 tare
268 2351 421 2434 reperies.
471 2349 531 2415 Sed
551 2371 631 2436 quae
653 2349 731 2415 haec
751 2361 799 2416 est
820 2350 1015 2434 arrogantia,
1038 2349 1124 2436 quod
1147 2355 1261 2417 Caesar
1282 2373 1439 2439 nunquam
1461 2359 1544 2420 in-sa

179 2446 379 2534 terpellavit,
413 2448 505 2530 quin,
539 2441 655 2530 quibus
683 2444 796 2509 vellem
821 2451 914 2530 atque
942 2442 1036 2506 etiam
1058 2464 1137 2530 quos
1163 2443 1231 2530 ipse
1253 2466 1315 2510 non
1338 2445 1507 2531 diligebat,

179 2552 286 2607 tamen
308 2540 346 2604 iis
367 2548 490 2612 uterer,
527 2558 598 2611 eos,
631 2537 686 2624 qui
708 2537 785 2602 mihi
806 2539 941 2602 amicum
965 2537 1164 2622 eripuerunt,
1193 2537 1349 2625 carpendo
1370 2561 1421 2604 me
1443 2540 1508 2605 effi·

179 2656 254 2700 cere
276 2635 399 2705 conari,
424 2654 479 2707 ne,
502 2652 582 2717 quos
605 2631 714 2707 velim,
738 2631 888 2716 diligam?
924 2633 954 2694 8.
978 2629 1042 2695 Sed
1058 2652 1120 2696 nou
1136 2653 1264 2707 vereor,
1288 2653 1327 2697 ne
1349 2642 1403 2698 aut
1418 2654 1508 2699 meae

179 2731 265 2794 vitae
293 2727 446 2793 modestia
474 2747 585 2812 parum
614 2725 745 2791 valitura
774 2724 814 2788 sit
842 2728 874 2788 io
904 2731 1065 2808 posterum
1089 2736 1199 2790 contra
1222 2724 1317 2792 salsos
1339 2749 1507 2803 rumores,

179 2831 238 2888 aut
259 2842 298 2886 ne
320 2820 415 2886 etiam
437 2819 475 2894 ii,
498 2818 552 2906 qui
574 2839 624 2883 me
647 2840 709 2883 non
731 2827 835 2882 amant
857 2827 987 2902 propter
1008 2839 1109 2882 meam
1132 2817 1165 2883 in
1187 2821 1351 2884 Caesarem
1365 2831 1545 2890 constan-as

180 2914 275 2990 tiam,
298 2934 361 2979 uon
383 2913 490 2978 malint
511 2912 574 2976 mei
596 2933 688 2998 quam
711 2912 759 2976 sui
782 2911 900 2976 similes
922 2911 1040 2977 amicos
1062 2910 1189 2976 habero.
1232 2912 1307 2977 Mihi
1329 2911 1455 2999 quidem
1478 2913 1506 2979 si

180 3017 289 3094 optata
311 3007 507 3092 contingent,
541 3003 627 3091 quod
648 3005 805 3090 reliquum
834 3018 881 3071 est
901 3005 999 3079 vitae,
1030 3005 1062 3070 in
1088 3004 1155 3071 otio
1176 3004 1278 3072 Rhodi
1301 3007 1426 3090 dega1n;
1459 3008 1507 3072 sin

180 3123 273 3168 casus
295 3100 408 3186 aliquis
430 3098 654 3186 interpellarit,
682 3097 726 3162 ita
748 3119 805 3164 ero
819 3105 953 3174 Romae,
975 3111 1011 3164 ut
1031 3108 1116 3164 recte
1139 3097 1206 3164 lieri
1228 3119 1352 3184 semper
1373 3101 1506 3186 cupiam.

180 3193 331 3263 Trebatio
353 3204 462 3259 nostro
484 3214 611 3278 magnas
633 3211 693 3276 ago
715 3194 844 3276 gratias,
879 3191 963 3278 quod
985 3201 1073 3256 tuum
1104 3212 1180 3276 erga
1201 3213 1252 3256 me
1274 3193 1412 3257 anioruro
1435 3193 1508 3258 sim-

181 3290 295 3376 plicem
324 3298 416 3374 atque
446 3288 581 3352 ataricum
613 3285 751 3372 aperuit,
790 3295 823 3351 et
851 3286 936 3372 qood
965 3307 1054 3361 eum,
1092 3308 1186 3374 quem
1209 3307 1334 3372 semper
1362 3285 1509 3352 lubenter
1518 3317 1546 3356 ao

181 3382 299 3456 dilexi,
334 3403 397 3469 quo
425 3381 525 3466 magis
557 3379 627 3446 iure
660 3380 765 3446 colere
792 3390 885 3466 atque
907 3378 1077 3446 observare
1099 3379 1261 3454 deberem,
1283 3379 1366 3446 lecit.
1423 3386 1507 3448 Bene

181 3477 252 3544 vale
274 3486 306 3542 et
327 3497 378 3541 me
400 3476 504 3562 dilige.

633 3616 745 3679 arra.
789 3612 838 3698 (A.
864 3617 897 3680 o.
919 3617 951 3680 o.
974 3615 1059 3700 710.)

649 3728 791 3794 cronno
814 3728 932 3792 onero
955 3731 986 3793 s.
1009 3733 1045 3793 n.

270 3855 299 3916 1.
329 3849 490 3916 Dubitanti
511 3849 588 3914 mihi
610 3885 651 3897 -
680 3848 766 3935 qood
788 3846 845 3914 scit
866 3849 984 3914 Atticus
1007 3858 1177 3915 noster-
1202 3849 1241 3917 de
1263 3849 1323 3918 hoc
1343 3859 1411 3917 toto
1435 3869 1547 3918 con-⁸⁵

183 3944 256 4010 silio
277 3943 498 4030 profectionis,
520 3943 606 4031 quod
628 3948 659 4009 in
682 3952 846 4028 utramque
868 3950 988 4027 partem
1012 3942 1044 4007 in
1066 3953 1203 4009 mentem
1223 3945 1319 4010 multa
1332 3945 1507 4018 veniebant,
1674 4005 1697 4029 ,s

163 4027 334 4198 §magnum
362 4037 485 4122 pondus
515 4037 645 4128 accessit
679 4035 718 4101 ad
745 4035 914 4102 tollendam
937 4037 1164 4103 dubitationem
1184 4039 1333 4106 iudicium
1354 4049 1387 4106 et
1407 4039 1510 4107 consi·
1604 4023 1687 4138 df(

196 4132 262 4196 ium
284 4129 393 4218 tuum.)
425 4137 502 4198 Nam
524 4142 556 4197 et
577 4129 729 4217 scripsisti
750 4139 871 4216 aperte,
902 4129 977 4216 quid
999 4130 1054 4197 tibi
1077 4130 1255 4209 videretur,
1278 4147 1309 4199 et
1330 4134 1447 4199 Atticus
1468 4131 1508 4199 ad

184 4247 236 4290 rue
257 4245 437 4291 sermonem
459 4234 545 4290 tuum
568 4223 707 4312 pertulit.
750 4227 882 4310 Semper
904 4222 1040 4289 iudicavi
1062 4223 1095 4288 in
1117 4235 1148 4290 te
1171 4234 1202 4290 et
1223 4226 1255 4290 in
1266 4226 1418 4311 capiendo
1433 4245 1509 4290 con-

185 4317 259 4384 silio
281 4317 480 4405 prudentiam
507 4337 659 4383 summam
687 4337 756 4382 esse
778 4327 809 4383 et
829 4316 862 4382 in
884 4317 987 4382 dando
1010 4317 1117 4394 fidem,
1141 4319 1339 4406 maximeque
1361 4339 1431 4383 sum
1455 4335 1548 4384 ex-«t

185 4418 316 4499 pertus,
351 4433 424 4478 cum
456 4410 546 4478 initio
567 4411 669 4476 civilis
689 4409 764 4476 belli
785 4432 844 4498 per
864 4411 982 4477 litteras
1005 4420 1035 4477 te
1057 4412 1301 4488 consuluissem,
1335 4411 1412 4498 quid
1433 4409 1511 4475 mihi

184 4503 362 4570 laciendum
384 4526 452 4571 esse
474 4525 633 4578 censeres,
662 4504 840 4570 eundumne
861 4503 901 4570 ad
921 4506 1105 4592 Pompeium
1126 4527 1166 4572 an
1188 4505 1375 4572 manendum
1395 4503 1429 4568 in
1449 4507 1510 4568 lta-

185 4599 237 4664 lia.
260 4599 407 4674 Suasisti,
438 4608 473 4664 ut
493 4598 691 4664 consulerem
713 4597 856 4684 dignitati
877 4619 986 4676 meae;
1016 4621 1056 4665 er
1078 4621 1163 4688 quo,
1193 4600 1270 4686 quid
1292 4597 1440 4674 sentires,
1462 4598 1511 4663 in-

188 4691 294 4757 tellexi
324 4703 355 4758 et
383 4714 452 4758 sum
488 4692 658 4758 admiratus
686 4691 780 4758 lidem
816 4701 901 4756 tuam
923 4702 955 4757 et
975 4693 1007 4758 in
1029 4695 1160 4761 consilio
1183 4692 1286 4760 dando
1307 4692 1509 4777 religionem,

257 4913 284 4961 Ξ.
305 4912 376 4961 υἱηῚι·
395 4913 504 4976 quidam
524 4927 567 4978 ap.
589 4915 761 4964 Lambinum.
783 4935 814 4946 -
851 4913 893 4962 t'l.
912 4914 1095 4976 repetentthl.
1125 4937 1156 4949 -
1193 4913 1399 4971 18.somontem
1418 4913 1455 4964 hl.
1477 4935 1508 4950 -

187 4981 231 5032 22.
252 4983 292 5032 no
310 4982 347 5032 hl.
369 5007 399 5018 -
436 4985 480 5033 23.
500 4981 557 5047 out]
576 4985 667 5036 odil.
689 5007 719 5020 -
756 4983 800 5033 25.
819 4983 846 5032 ht
865 4981 902 5033 ld.
924 5005 952 5016 -
990 4983 1203 5048 2'1.conttnpent
1221 4983 1270 5034 ld:
1289 4985 1444 5044 coatttooant
1462 4981 1509 5032 llar-

189 5053 302 5102 aeratus·
324 5075 354 5088 -
391 5053 435 5104 dh.
453 5055 557 5104 OPPIO
574 5055 616 5108 hl:
635 5053 739 5106 APPIO
757 5053 788 5104 ll.
