3628 5876
607 448 679 512 l.lB.
701 449 755 511 lll.
798 449 857 513 EP.
879 449 908 511 6.
920 445 961 512 Ι7.
984 449 1014 512 8.
1036 449 1067 513 9.
1441 452 1502 516 195

177 606 280 671 maior
301 617 333 672 et
353 603 469 671 clarior
490 641 548 680 -,
571 615 603 670 et
624 605 853 670 adolescentem
875 604 925 670 vel
952 625 1087 691 puerum
1108 606 1214 692 potius
1236 610 1400 673 Caesarem
1421 607 1504 676 iudi-

177 720 229 765 ces
250 707 371 764 temere
401 697 528 772 secisse,
562 697 617 785 qui
631 695 753 762 ¹tantam
776 718 900 764 causam
922 697 1079 786 publicam
1100 700 1223 786 privato
1245 702 1375 768 consilio
1398 724 1504 768 susce·

167 797 274 880 perit;
298 790 434 878 denique
456 790 599 856 homines
620 791 770 865 rusticos,
793 791 848 856 sed
870 791 1058 858 fortissimos
1080 792 1166 858 viros
1188 798 1334 879 civesque
1356 797 1502 882 optimos,

150 884 338 952 (dementes
360 885 456 950 luisse
477 869 623 959 iudicesi
649 886 786 973 primum
808 887 922 952 milites
943 895 1128 961 veteranos,
1160 888 1388 974 commilitones
1410 901 1498 964 tuos,
1600 855 1626 958 d

158 967 289 1066 (deinde
300 979 457 1064 legionem
469 979 629 1054 Martiam,
651 979 807 1070 legionem
822 968 991 1067 quartam)
1004 1002 1084 1068 quae
1098 1002 1190 1046 suum
1205 982 1365 1048 consulem
1380 983 1525 1052 bostems
1598 1025 1614 1072 p
1631 996 1648 1067 1

178 1057 398 1140 iudicaverunt
423 1093 519 1157 seque
555 1071 594 1137 ad
622 1065 753 1138 salutern
782 1073 831 1138 rei
858 1073 1002 1159 publicae
1035 1073 1260 1140 defendendam
1293 1077 1502 1143 contulerunt.

179 1169 331 1233 Voluntas
351 1175 477 1231 senatus
498 1185 557 1252 pro
580 1166 763 1232 auctoritate
781 1167 896 1233 baberi
917 1167 1023 1244 debet,
1047 1190 1118 1234 cum
1141 1170 1311 1235 auctoritas
1332 1169 1503 1255 impeditur

178 1269 273 1325 metu.
316 1265 347 1325 3.
369 1264 532 1324 Postremo
554 1269 698 1346 susceptu
720 1260 775 1326 tibi
798 1283 889 1327 causa
911 1261 974 1328 iam
997 1261 1044 1327 bis
1060 1272 1123 1338 est,
1145 1274 1182 1330 ut
1195 1285 1259 1328 non
1274 1264 1314 1329 sit
1327 1265 1500 1350 integrum:

177 1354 315 1440 primurn
338 1352 444 1419 Idibus
465 1353 602 1427 Martiis,
640 1353 754 1420 deinde
776 1356 937 1441 proxime,
953 1353 1115 1444 (exercitu
1137 1377 1221 1422 novo
1242 1366 1274 1421 et
1296 1358 1395 1443 copiis
1410 1361 1501 1423 com·
1602 1402 1670 1470 A„

177 1443 312 1536 paratis}
349 1447 564 1526 Quamobrem
590 1447 628 1512 ad
650 1449 754 1514 omnia
776 1449 818 1514 ita
832 1460 974 1536 perotus,
997 1451 1039 1516 ita
1057 1452 1210 1516 animatus
1224 1449 1321 1516 debes
1336 1473 1415 1524 esse,
1428 1443 1539 1518 ”ndum
1583 1431 1630 1484 ⁴*

178 1552 212 1607 ut
233 1537 309 1607 nihil
332 1541 427 1607 lacias
455 1541 516 1606 nisi
548 1541 669 1614 iussus,
706 1541 763 1608 sed
788 1553 823 1609 ut
844 1563 882 1610 ea
904 1563 1009 1629 geras,
1045 1566 1126 1632 quae
1152 1544 1191 1610 ab
1213 1543 1360 1611 omnibus
1381 1565 1501 1610 summu

177 1657 249 1702 urm
271 1635 478 1702 admiratione
499 1635 676 1702 laudentur.

655 1777 1048 1866 eumaem)

394 1901 436 1964 Μ.
459 1900 601 1966 CICERO
624 1902 655 1964 S.
677 1904 715 1966 D.
736 1904 774 1966 D.
796 1904 926 1967 BRUTO
948 1905 1028 1968 lMP.
1051 1904 1136 1968 COS.
1156 1905 1284 1967 DESlG.

266 2014 295 2078 1.
329 2016 376 2078 Eo
398 2020 540 2096 tempore
571 2010 657 2077 Polla
679 2020 732 2076 tua
753 2011 852 2086 misit,
887 2022 922 2079 ut
942 2013 982 2078 ad
1003 2023 1048 2089 te,
1080 2018 1106 2078 si
1129 2011 1205 2100 quid
1227 2013 1356 2087 vellem,
1392 2012 1538 2080 daremus

178 2105 368 2178 litterarum,
391 2126 476 2178 cum,
500 2103 575 2190 quid
597 2105 785 2180 scriberem,
807 2128 871 2172 non
893 2105 1056 2176 habebam.
1100 2107 1212 2172 Omnia
1233 2107 1317 2173 enim
1340 2117 1429 2172 erant
1450 2129 1503 2172 su·

177 2221 290 2286 spensa
311 2208 442 2284 propter
463 2200 728 2283 exspectationem
757 2199 951 2285 legatorum
986 2202 1041 2288 qui
1063 2201 1138 2288 quid
1160 2207 1311 2286 egissent,
1347 2200 1501 2266 nihildum

178 2292 390 2360 nuntiabatur.
432 2295 517 2356 Haec
537 2303 641 2358 tamen
663 2291 827 2360 scribenda
845 2293 1035 2360 existimavi:
1058 2295 1209 2382 primum,
1233 2297 1265 2359 S.
1286 2300 1320 2360 Ρ.
1342 2297 1381 2373 Q.
1403 2301 1439 2361 R.
1462 2295 1502 2360 de

178 2398 209 2453 te
236 2385 382 2452 laborare
408 2408 471 2453 non
503 2387 604 2452 solum
638 2387 744 2452 salutis
776 2408 851 2452 suae
879 2407 991 2462 causa,
1028 2387 1083 2453 sed
1114 2389 1207 2453 etiam
1236 2386 1392 2474 dignitatis
1419 2399 1501 2454 tuae.

164 2477 380 2575 (ldmiltl’diss
402 2481 484 2546 enim
515 2490 562 2572 est
582 2480 735 2568 quaedam
757 2481 801 2546 tui
822 2481 958 2548 nominis
984 2482 1096 2547 caritas
1118 2503 1269 2568 amorque
1291 2483 1323 2547 in
1345 2493 1375 2548 te
1396 2483 1539 2567 singu-m
1590 2450 1651 2541 θ’

178 2575 416 2733 Ιατίεζοωιιίυια
438 2575 564 2640 civium.
608 2579 653 2640 lta
675 2574 758 2639 enim
781 2585 907 2660 sperant
928 2585 1020 2662 atque
1042 2575 1218 2650 confidunt,
1240 2584 1277 2641 ut
1298 2585 1388 2641 antea
1409 2595 1500 2660 rege,

179 2669 224 2734 sic
275 2689 314 2735 oc
340 2678 484 2756 temporo
506 2689 606 2754 regno
635 2679 666 2734 to
698 2689 765 2733 rem
788 2667 945 2754 publicam
967 2669 1183 2736 liberaturum.
1226 2674 1257 2736 1.
1278 2668 1503 2740 Romaeldele-

179 2772 246 2829 ctus
268 2759 548 2859 babetur)totaque
576 2762 677 2837 ltalia,
696 2757 741 2842 (si
771 2761 822 2858 lup
842 2761 978 2852 delectus
999 2761 1201 2849 appellandus
1223 2754 1301 2842 esti
1326 2785 1399 2828 cum
1415 2763 1501 2828 ultro
1576 2801 1591 2848 ‚r
1613 2755 1629 2854 lp

179 2876 214 2922 sc
240 2855 378 2923 ollerunt
396 2853 531 2933 ‘omnes3
567 2864 669 2922 tantus
697 2855 794 2921 ardor
826 2856 945 2921 animos
967 2857 1128 2922 bominum
1157 2857 1322 2943 occupavit
1342 2856 1501 2922 desiderio

173 2947 330 3015 ¹libertatis
353 2949 491 3036 odioque
512 2948 650 3015 diutinae
672 2949 840 3016 servitutis.
883 2954 929 3013 Dc
950 2950 1081 3037 reliquis
1103 2949 1198 3016 rebus
1220 2971 1238 3014 a
1261 2959 1291 3014 te
1312 2950 1375 3015 iam
1390 2971 1538 3035 caspe-ss

178 3051 263 3109 ctare
285 3043 404 3108 litteras
426 3042 593 3118 debemus,
615 3044 691 3130 quid
712 3045 779 3130 ipse
800 3062 890 3127 agas,
913 3045 988 3131 quid
1010 3055 1118 3110 noster
1131 3044 1265 3119 Hirtius,
1289 3043 1365 3131 quid
1388 3047 1503 3110 Caesar

179 3158 285 3215 meus;
308 3158 389 3223 quos
410 3158 505 3223 spero
523 3137 613 3203 brevi
626 3148 770 3224 tempore
788 3135 936 3201 societate
958 3137 1109 3203 victoriae
1124 3148 1226 3202 tecum
1244 3138 1405 3223 copulatos
1420 3137 1500 3203 lore.

179 3230 345 3317 Reliquum
368 3241 429 3306 cst,
452 3242 487 3297 ut
508 3230 548 3296 de
568 3252 619 3296 me
640 3230 673 3296 id
694 3229 845 3305 scribam,
867 3229 953 3317 quod
975 3241 1006 3295 te
1027 3251 1068 3294 ex
1090 3241 1216 3296 tuorum
1231 3229 1342 3296 litteris
1359 3239 1391 3296 et
1407 3249 1501 3316 spero

180 3333 212 3390 et
234 3323 317 3390 malo
338 3344 544 3409 cognoscere:
576 3345 628 3390 me
649 3345 752 3411 noque
773 3324 882 3390 deesse
904 3324 967 3390 ulla
988 3327 1020 3389 in
1041 3344 1076 3388 re
1098 3345 1200 3411 neque
1220 3345 1358 3410 unquam
1379 3323 1503 3390 defutu-

178 3439 251 3484 111111
273 3417 415 3504 dignitati
437 3430 519 3485 luae.
546 3503 549 3509 Ι
1510 3443 1538 3478 ao

655 3557 1021 3644 mnucmo

537 3685 575 3747 1).
596 3685 743 3747 BRUTUS
766 3683 798 3746 S.
819 3685 858 3745 D.
879 3685 920 3746 11.
942 3683 1136 3748 CICERONI.

265 3796 294 3859 1.
326 3797 426 3859 Pnnsn
447 3793 562 3858 amisso
584 3802 734 3880 quantum
756 3792 934 3858 detrimenti
955 3791 1152 3879 respublica
1173 3796 1347 3878 acceperit,
1383 3812 1446 3858 non
1468 3801 1499 3858 te

178 3887 341 3974 praeterit.
392 3890 480 3952 Nunc
507 3887 691 3953 auctoritate
713 3896 745 3952 et
764 3887 930 3973 prudentia
951 3898 1004 3954 tua
1025 3886 1198 3973 prospicias
1219 3894 1359 3972 oportet,
1381 3906 1422 3950 ne
1440 3885 1498 3951 ini·

179 3979 253 4045 mici
280 3981 396 4053 nostri,
429 3979 610 4046 consulibus
631 3979 773 4056 sublatis,
810 3991 936 4067 sperent
964 4003 998 4046 se
1019 3981 1237 4046 convalescere
1257 4001 1361 4067 posse.
1413 3983 1538 4064 ligo,⁸⁵

180 4097 220 4140 ne
240 4075 412 4140 consistere
433 4075 532 4162 possit
551 4075 584 4140 in
605 4075 691 4142 ltalia
712 4075 879 4150 Antonius,
902 4074 985 4140 dabo
1006 4095 1146 4162 operam.
1190 4077 1311 4160 Sequar
1331 4095 1403 4139 eum
1424 4095 1499 4140 con-

180 4167 294 4234 festim.
349 4172 520 4255 Utrumque
547 4191 598 4235 me
628 4177 857 4257 praestaturum
886 4189 1000 4254 spero,
1029 4189 1070 4233 ne
1097 4178 1151 4233 aut
1176 4166 1339 4234 Ventidius
1360 4167 1500 4234 elabatur
1602 4171 1612 4192 ⁸

181 4272 234 4329 aut
254 4262 407 4328 Antonius
428 4262 462 4328 in
484 4262 570 4329 ltalia
592 4274 743 4329 moretur.
792 4268 827 4327 ln
849 4262 958 4349 primis
980 4281 1059 4346 rogo
1081 4269 1128 4335 te,
1151 4259 1191 4326 nd
1213 4261 1371 4355 bominem
1392 4271 1501 4326 vento-
1609 4229 1629 4350 ζ

181 4356 355 4432 sissimum,
377 4356 546 4442 Lepidum,
568 4357 692 4432 mittas,
722 4377 762 4421 ne
785 4355 900 4421 bellum
922 4355 1012 4421 nobis
1034 4354 1248 4438 redintegrare
1269 4355 1383 4440 possit,
1405 4362 1502 4420 Anto-

181 4450 234 4516 nio
266 4449 327 4515 sibi
356 4450 533 4516 coniuncto.
589 4456 665 4517 Num
694 4450 733 4516 de
753 4449 894 4515 Pollione
919 4448 1025 4515 Asinio
1047 4459 1124 4536 puto
1145 4457 1177 4513 te
1197 4448 1392 4534 perspicere,
1424 4446 1539 4534 quido

181 4543 320 4608 lactums
341 4544 391 4608 sit.
449 4545 564 4610 Multae
585 4553 618 4609 et
638 4542 739 4609 bonae
767 4550 798 4608 et
824 4543 932 4608 firmae
954 4551 1025 4608 sunt
1047 4541 1186 4626 legiones
1208 4539 1318 4626 Lepidi
1340 4549 1371 4604 et
1391 4541 1500 4606 Asinii.

182 4639 212 4702 2.
249 4641 356 4723 Neque
383 4636 460 4702 baec
487 4637 605 4704 idcirco
633 4637 690 4702 tibi
718 4636 841 4713 scribo,
878 4634 964 4723 quod
984 4645 1015 4702 te
1036 4656 1100 4701 non
1122 4633 1231 4700 eadem
1253 4633 1501 4700 animadvertere

252 4821 295 4872 10.
312 4833 445 4886 puratos,
473 4829 513 4877 lto
538 4830 672 4878 animatus
694 4843 749 4892 mg.
775 4829 880 4891 llcpett.
905 4827 1018 4878 lamb:
1044 4832 1159 4890 paratos
1182 4828 1217 4876 tlt
1242 4826 1500 4890 antonomum,

182 4897 295 4951 puratos
313 4901 337 4944 et
355 4897 489 4946 animatur
506 4911 577 4949 corr.
595 4899 640 4960 11,
658 4906 773 4962 perotus
789 4912 833 4948 seo
850 4899 984 4948 animator
1001 4897 1032 4947 11.
1053 4923 1082 4934 -
1121 4897 1165 4947 tc.
1184 4897 1247 4960 guid
1264 4897 1309 4948 111
1328 4898 1399 4961 qood
1417 4897 1448 4946 ll.
1466 4921 1501 4930 -

186 4957 229 5008 1⁷·
248 4961 376 5028 rolpoto]
390 4967 560 5031 putdputdll.
574 4995 607 5003 -
625 4969 669 5020 23.
689 4964 873 5032 11111111111111)
887 4967 924 5018 11.
938 4991 972 5001 -
990 4967 1035 5016 nt.
1054 4966 1298 5016 onlmosbomtnum
1311 4968 1446 5030 occupauit
1457 4965 1501 5018 111

185 5035 324 5152 manent&
342 5038 445 5086 animos
461 5038 593 5088 bornicum
610 5039 640 5089 E.
671 5065 702 5074 -
741 5039 784 5090 37.
804 5039 955 5090 elaboretur
971 5037 1008 5089 11.
1031 5062 1061 5073 -
1096 5036 1141 5087 ts.
1161 5037 1430 5088 ammadvertamus
1456 5037 1504 5085 cd·
