3656 5868
593 445 756 510 nmvn.
797 447 1066 512 manne
1112 539 1114 544 ,

685 601 1045 688 macoma

617 717 760 782 neena
782 717 814 782 s.
835 721 873 781 n.
894 719 1102 783 murana.

289 840 317 904 1.
339 842 374 903 16
402 835 548 902 omnibus
577 837 655 902 meis
684 837 842 924 epistolis,
879 859 956 925 quas
984 837 1024 903 ad
1054 843 1218 904 Caesarem
1245 838 1364 906 autad
1392 839 1524 906 Balbum

199 933 311 1009 mitto,
338 931 477 1018 legitima
499 930 652 1018 quaedam
674 939 721 997 est
742 932 878 997 accessio
900 932 1177 998 commendationis
1199 941 1288 1010 tuae,
1319 955 1377 998 nec
1399 955 1435 998 ea
1457 935 1526 1000 vul·

199 1025 301 1112 garis,
333 1025 388 1090 sed
415 1046 487 1090 cum
515 1024 622 1112 aliquo
648 1024 764 1111 insigni
785 1025 902 1091 indicia
928 1047 1016 1091 meae
1038 1047 1113 1112 erga
1134 1038 1165 1093 te
1186 1027 1434 1094 benevolentiae.
1478 1035 1548 1095 Tus

200 1120 298 1186 modo
320 1119 451 1206 ineptias
473 1119 546 1184 istas
578 1128 610 1184 et
643 1117 799 1184 desideria
824 1118 913 1185 urbis
946 1127 977 1184 et
997 1118 1183 1185 urbanitatis
1205 1120 1346 1208 depone,
1380 1132 1431 1197 et,
1460 1144 1526 1210 qua

200 1214 335 1280 consilia
357 1214 516 1301 profectus
538 1234 588 1289 cs,
611 1212 645 1278 id
664 1213 845 1279 assiduitate
867 1222 898 1278 et
918 1213 1034 1279 virtute
1055 1234 1259 1302 consequere.
1302 1220 1371 1282 lloc
1394 1216 1526 1282 libitam

200 1309 401 1395 ignoscemus
422 1329 480 1374 nos
501 1308 608 1384 amici,
630 1329 723 1394 quam
745 1307 934 1393 ignoverunt
952 1308 1101 1386 Medeae,

290 1433 374 1510 Quae
396 1432 572 1495 Corinthum
593 1451 692 1494 arcem
706 1432 800 1494 altam
812 1433 969 1503 habebant,
991 1441 1145 1495 matronae
1160 1434 1329 1515 apotomae,
1352 1435 1526 1515 optinentes:

201 1550 319 1639 quibus
341 1551 393 1616 illa
414 1549 558 1616 manibus
581 1551 807 1640 gypsatissimis
827 1550 1003 1637 persuasit,
1030 1573 1070 1618 ne
1092 1551 1153 1619 sibi
1174 1551 1251 1620 vitio
1270 1553 1342 1619 illae
1356 1561 1564 1629 venerantia

201 1644 290 1734 quod
311 1644 433 1711 abesset
454 1667 472 1710 a
495 1646 612 1731 patria;
634 1665 706 1710 nam

286 1769 377 1834 namt
397 1788 484 1830 mmm
504 1788 568 1831 rem
587 1769 656 1831 bene
676 1788 790 1850 gessere
811 1776 838 1832 et
853 1769 1006 1851 publicam
1021 1771 1128 1852 patria
1143 1772 1272 1852 procul:

285 1865 396 1935 Multi,
419 1865 471 1945 qui
491 1864 573 1924 domi
593 1872 719 1925 oetatem
740 1872 874 1944 6966661,
891 1871 1052 1944 propterea
1072 1873 1142 1926 suat
1162 1865 1331 1945 improbati.

202 1983 332 2061 Quoia
353 2003 486 2050 numero
519 1990 554 2048 tu
586 1991 671 2048 certe
693 1981 823 2057 fuisses,
860 1981 978 2048 uisite
1006 1982 1257 2048 extmsissemus.
1301 1987 1332 2049 9.
1354 1984 1415 2050 Sed
1436 1985 1526 2071 plura

200 2074 379 2142 scribemus
400 2075 488 2140 alias.
542 2081 607 2150 Tu,
644 2076 698 2162 qui
727 2077 840 2141 ceteris
866 2097 979 2141 cavere
1008 2077 1161 2152 didicisti,
1190 2078 1224 2142 in
1245 2078 1402 2143 Britannia
1425 2099 1465 2142 ne
1486 2077 1525 2142 ab
1537 2095 1563 2141 aa

200 2168 371 2236 essedariis
401 2167 584 2255 decipiaris,
619 2177 745 2246 caveto,
781 2178 832 2246 et,
866 2170 1014 2258 quoniam
1042 2171 1184 2238 Medeam
1205 2173 1294 2258 coepi
1316 2193 1427 2257 agere,
1449 2170 1526 2237 illud

201 2283 330 2348 semper
351 2271 527 2328 memento:

289 2383 351 2464 Qui
370 2386 433 2466 ipse
453 2386 511 2448 sibi
530 2386 651 2468 sepinas
665 2374 806 2470 prbdesse
830 2406 891 2450 666
911 2388 994 2470 quit,
1016 2388 1214 2472 nequidquam
1234 2389 1323 2470 sapit.

202 2508 286 2572 Cura
308 2515 343 2572 ut
363 2506 478 2572 valeas.

681 2649 744 2712 vn.
788 2647 837 2732 (A.
863 2650 896 2713 a.
918 2627 949 2714 c'.
972 2647 1058 2735 raa.)
1535 2672 1565 2716 a

680 2761 823 2827 CICERO
845 2763 1053 2826 TREBATIO.

288 2885 318 2949 1.
351 2883 419 2967 Ego
448 2888 479 2946 te
505 2879 725 2946 commendare
753 2903 816 2946 nan
844 2881 976 2955 desisto,
1012 2881 1084 2959 scd,
1115 2881 1191 2969 quid
1221 2882 1404 2970 proficiam,
1434 2905 1474 2949 ex
1495 2893 1526 2950 te

203 2977 285 3043 scire
312 2976 415 3062 cupio.
471 2979 564 3061 Spem
592 2977 759 3040 maximam
787 2973 888 3040 babeo
910 2975 943 3038 iu
964 2973 1078 3050 Balbo,
1108 2975 1263 3063 adquam
1285 2977 1325 3040 de
1346 2985 1376 3041 te
1398 2977 1528 3063 diligen-

202 3071 323 3137 tissime
345 3078 377 3134 et
398 3069 580 3155 saepissime
602 3067 716 3134 scribo.
760 3068 840 3133 lllud
862 3069 951 3134 sole'o
973 3069 1099 3144 mirari,
1120 3090 1185 3135 non
1205 3091 1256 3134 me
1271 3069 1363 3135 toties
1385 3071 1526 3157 accipere
1671 3141 1678 3155 .
1712 3137 1721 3162 ‚

203 3175 272 3230 tuas
294 3163 430 3238 litteras,
452 3162 574 3250 quoties
596 3183 614 3226 a
637 3161 754 3240 Quinto
776 3161 853 3226 mibi
874 3161 971 3250 fratre
993 3161 1173 3229 afferantur.
1216 3168 1251 3230 ln
1272 3163 1431 3228 Britannia
1449 3165 1563 3230 nibiles
1648 3164 1667 3226 .”

203 3279 273 3324 esse
309 3257 403 3322 audio
436 3277 538 3343 neque
574 3255 644 3321 auri
674 3276 776 3341 neque
807 3256 938 3364 argenti.
981 3255 1017 3322 ld
1038 3256 1065 3321 si
1085 3256 1128 3320 ita
1150 3265 1211 3333 est,
1233 3256 1377 3322 essedum
1399 3257 1527 3344 aliquod

203 3351 308 3439 capias
336 3350 454 3417 suadeo
482 3348 580 3415 etad
607 3370 664 3415 nos
692 3371 784 3436 quam
813 3349 949 3436 primum
976 3371 1133 3416 recurras.
1184 3353 1213 3415 9.
1247 3351 1302 3415 Sin
1334 3361 1436 3418 autem
1459 3354 1526 3419 sine

203 3445 362 3512 Britannia
383 3454 486 3510 tamon
508 3443 652 3530 assequi,
688 3442 774 3529 quad
799 3444 960 3520 volumus,
982 3464 1168 3531 possumus,
1205 3443 1339 3531 perfice,
1371 3454 1407 3512 ut
1427 3447 1470 3511 sis
1492 3447 1526 3512 in
1617 3489 1619 3498 =

202 3537 411 3605 familiaribus
432 3537 583 3606 Caesaris
614 3533 768 3624 (Multum
795 3537 881 3624 tam
905 3523 1064 3619 ea(frater
1084 3534 1527 3624 adiuvabitlmeus,1multum
1613 3556 1673 3618 a
1674 3530 1711 3600 ’.ι

203 3629 335 3719 Balbus)
357 3631 429 3707 sed,
463 3631 540 3696 mibi
562 3629 672 3704 crede,
678 3627 691 3665 s
679 3640 766 3725 tuus
787 3630 891 3718 pudor
913 3641 944 3697 et
965 3631 1056 3697 labar
1076 3625 1267 3742 plurimum.)
1300 3636 1527 3718 Imperatorem
1536 3653 1563 3694 aa

204 3722 478 3802 liberalissimum,
500 3733 632 3790 aemtem
654 3683 966 3835 opportunissimam,
989 3706 1290 3792 commendationem
1312 3737 1397 3792 certe
1422 3727 1528 3814 singu·

203 3821 320 3886 lareml
342 3830 377 3886 ut
398 3819 455 3885 tibi
475 3841 574 3885 unum
595 3819 768 3884 timendum
789 3820 844 3896 sit,
867 3841 907 3884 ne
928 3820 996 3908 ipse
1018 3820 1075 3886 tibi
1097 3820 1234 3887 doluisse
1255 3821 1394 3888 videare.

682 3961 762 4026 vnn
792 3957 838 4044 (a
867 3963 900 4026 a.
923 3962 955 4024 e.
979 3957 1064 4044 τοο.)

678 4083 821 4149 CICERO
843 4082 1050 4147 TREBATIO.
1168 4083 1171 4091 ⁴

290 4197 319 4259 1.
348 4192 479 4280 Scripsit
507 4192 546 4258 ad
567 4214 618 4258 me
641 4196 755 4260 Caesar
785 4191 1021 4279 perhumaniter
1048 4191 1187 4260 nandum
1213 4201 1245 4260 te
1272 4195 1334 4261 sibi
1362 4196 1437 4262 satis
1458 4215 1564 4261 essert

205 4287 393 4356 familiarem
413 4296 544 4374 propter
566 4287 785 4373 occupationes
807 4307 896 4361 suas,
919 4285 975 4351 sed
996 4297 1080 4353 certe
1101 4286 1181 4353 fare.
1236 4289 1295 4355 Cui
1316 4289 1445 4376 quidem
1467 4309 1527 4375 ego

205 4381 368 4469 rescripsi,
407 4402 500 4468 quam
532 4378 609 4446 mibi
637 4389 760 4466 gratum
783 4387 866 4445 esset
886 4379 1048 4455 futurum,
1085 4380 1113 4446 si
1134 4403 1229 4468 quam
1250 4383 1421 4470 plurimum
1442 4383 1527 4448 inte

205 4475 313 4552 studii,
336 4475 455 4550 oflicii,
490 4473 684 4540 liberalitatis
705 4495 781 4540 suae
810 4473 1000 4540 contulisset.
1044 4473 1105 4539 Sed
1128 4495 1168 4540 ex
1184 4476 1246 4542 tuis
1267 4477 1378 4543 litteris
1393 4476 1528 4562 cognovi
1620 4471 1637 4546 d

205 4589 451 4657 praeproperam
481 4566 637 4655 quandam
672 4567 903 4634 festinationem
934 4575 1040 4642 tuam,
1077 4577 1108 4633 et
1130 4569 1222 4635 simul
1244 4591 1313 4636 sum
1334 4570 1526 4647 admiratus,

205 4686 263 4730 cur
284 4662 459 4729 tribunatus
487 4661 671 4737 commoda,
704 4661 831 4747 dempto
860 4661 1045 4746 praesertim
1073 4661 1181 4728 labare
1206 4664 1356 4738 militiae,
1390 4674 1528 4730 contem·
1512 4687 1565 4732 -sa

274 4817 301 4868 9.
327 4817 446 4868 caumas
464 4815 670 4865 Lamblnus-
705 4814 892 4878 1666661666
909 4812 954 4864 lla
973 4815 1079 4878 quanda
1106 4815 1189 4866 B.-
1158 4819 1279 4880 -caept
1296 4831 1372 4882 agere
1390 4817 1432 4868 Μ·
1451 4830 1529 4884 apere

206 4885 380 4950 comt.-
423 4885 657 4937 96.11661Μ.-
694 4885 739 4936 91.
758 4883 1029 4947 absumebant.
1048 4885 1365 4950 amnemamn-
1401 4887 1446 4937 31.
1473 4889 1528 4938 66-

206 4954 778 5021 6616666Μτ669616666666611μ-
814 4953 1159 5006 36.66616Μ·666169.
1195 4955 1359 5007 91611661
1389 4958 1468 5008 Tura.
1488 4957 1526 5007 ll.

207 5040 234 5090 p.
253 5027 357 5077 99-
392 5025 437 5077 31.
464 5026 644 5091 Postquam
659 5026 723 5074 aas
740 5030 847 5091 pratum
869 5037 920 5076 esse
936 5026 1064 5088 mmmm.
1083 5024 1184 5077 on·-
1219 5027 1267 5079 39.
1280 5029 1528 5094 prosperandum

207 5097 398 5160 [6666116666
415 5095 460 5149 Μ·
476 5109 573 5160 praep.
591 5097 783 5162 [minatorem
801 5091 868 5160 (am.
887 5093 1081 5161 qaaadmnlll.
