3656 5868
513 400 588 464 LlB.
609 401 662 466 vt.
703 399 764 464 ΕΡ.
787 401 837 466 15.
861 399 910 465 10.
934 401 984 464 17.
1007 399 1057 464 18.
1082 401 1131 462 19.
1458 401 1517 466 toa

191 565 225 627 1.
246 563 294 626 De
314 557 473 644 Hispaniis
493 555 568 622 novi
589 554 676 622 nihil.
718 561 865 644 llagnum
881 565 985 624 tarum
1006 562 1177 624 exercitum
1197 563 1380 646 Pompeium
1401 559 1518 627 babere

191 663 330 732 constat;
352 673 424 717 nam
447 653 561 716 Caesar
582 655 649 736 ipse
671 650 712 716 ad
732 672 790 718 nos
812 651 896 717 misit
916 653 1095 738 exemplum
1118 653 1256 718 Paciaeci
1278 653 1463 728 litterarum,
1485 654 1518 719 in

193 769 259 836 quo
281 755 363 824 erat,
384 746 452 811 illas
473 745 619 810 undecim
642 766 711 812 esse
738 746 889 831 legiones.
944 745 1117 833 scripserat
1136 747 1228 812 etiam
1249 749 1379 814 Messala
1402 751 1441 825 Q.
1464 751 1519 814 Sa-
1621 816 1626 825 ,

192 844 278 910 lasso
308 847 341 907 Ρ.
365 841 507 909 Curtium
528 839 657 905 fratrem
681 840 748 905 eius
769 845 858 907 iussu
884 840 1025 927 Pompeii
1046 840 1237 927 inspectante
1259 843 1400 907 exercitu
1423 842 1520 906 inter-
1602 828 1621 908 ,i

193 937 328 1010 lectum,
365 933 452 1022 quod
478 933 687 999 consensisset
715 954 786 999 cum
821 936 966 1022 Hispanis
1000 934 1205 1022 quibusdam,
1242 935 1268 1002 si
1300 935 1333 1001 in
1368 934 1542 1021 oppidums

192 1031 302 1098 nescio
324 1028 410 1116 quod
430 1028 598 1114 Pompeius
620 1027 668 1092 rei
689 1027 912 1096 frumentariae
936 1049 1029 1093 causa
1050 1028 1201 1101 venisset,
1224 1049 1296 1094 eum
1315 1030 1520 1116 comproben-

192 1126 271 1192 dere
294 1125 332 1190 ad
355 1128 581 1209 Caesaremque
600 1121 766 1188 deducere.
808 1127 839 1186 3.
861 1127 908 1187 De
922 1129 977 1187 tuo
996 1123 1132 1208 negotio,
1156 1123 1242 1208 quod
1262 1145 1397 1210 sponsor
1411 1146 1445 1201 es
1460 1144 1519 1210 pro

192 1217 363 1305 Pompeio,
378 1222 404 1282 si
415 1215 512 1284 Galba
522 1237 718 1302 consponsor
732 1227 804 1282 tuus
818 1215 964 1290 redierit,
979 1215 1074 1281 bomo
1089 1217 1121 1280 in
1132 1238 1168 1281 re
1179 1217 1323 1283 familiari
1335 1241 1399 1284 non
1408 1239 1518 1305 parum

192 1315 338 1398 diligens,
354 1332 418 1377 non
439 1311 578 1376 desinam
593 1332 663 1376 cum
678 1311 732 1376 illo
748 1309 997 1385 communicare,
1012 1310 1038 1376 si
1054 1311 1129 1397 quid
1144 1311 1287 1397 expediri
1298 1313 1411 1398 possit:
1435 1311 1520 1398 quod

192 1406 360 1473 videbatur
374 1403 448 1470 mibi
463 1404 515 1469 ille
529 1404 697 1470 confidere.
739 1407 771 1470 4.
794 1405 961 1469 Oratorem
980 1426 1085 1470 meum
1101 1413 1186 1470 tanto
1203 1426 1300 1492 opere
1314 1429 1333 1471 a
1345 1415 1375 1470 te
1389 1404 1519 1492 probari
1530 1420 1556 1462 ¹⁰

192 1501 399 1566 vehementer
419 1499 552 1582 gaudeo.
606 1497 682 1564 Mihi
704 1499 832 1586 quidem
854 1499 897 1564 sic
918 1499 1109 1585 persuadeo,
1132 1521 1204 1576 me,
1227 1499 1381 1587 quidquid
1400 1498 1520 1564 babue-

192 1593 255 1662 rim
286 1591 394 1658 iudicii
423 1591 462 1656 de
489 1591 640 1665 dicendo,
676 1591 709 1656 in
735 1592 823 1658 illum
853 1592 969 1659 librum
998 1595 1176 1661 contulisse.
1228 1595 1290 1672 Qui
1316 1593 1345 1659 si
1366 1602 1413 1658 est
1431 1592 1517 1667 talis,

192 1687 320 1774 qualem
341 1684 399 1749 tibi
419 1685 521 1750 videri
542 1685 670 1760 scribis,
693 1706 752 1770 ego
778 1707 905 1774 quoque
926 1688 1045 1775 aliquid
1069 1710 1160 1766 sum;
1183 1689 1231 1755 sin
1256 1689 1361 1762 aliter,
1384 1709 1449 1754 non
1468 1708 1519 1752 re·

193 1801 291 1852 cuso,
323 1778 417 1865 quin,
451 1790 599 1866 quantum
619 1780 659 1845 dc
677 1781 732 1846 illo
755 1780 853 1854 libro,
886 1782 1066 1847 tantundem
1088 1782 1127 1847 de
1149 1783 1211 1848 mei
1233 1783 1340 1848 iudicii
1361 1782 1442 1847 lama
1465 1780 1520 1846 de·

193 1874 345 1940 trahatur.
402 1877 530 1960 Leptam
553 1885 695 1942 nostrum
717 1881 811 1962 cupio
833 1869 981 1942 delectari
1002 1876 1064 1940 iam
1086 1876 1199 1942 talibus
1221 1876 1360 1963 scriptis;
1383 1873 1442 1938 etsi
1464 1872 1556 1938 alt-o

194 1979 243 2035 est
263 1968 425 2034 maturitas
446 1968 571 2044 aetatis,
594 1969 656 2033 iam
677 1979 782 2035 tamen
803 1990 974 2055 personare
997 1992 1090 2036 aures
1112 1971 1179 2036 eius
1194 1968 1373 2036 huiusmodi
1387 1966 1518 2033 vocibus

193 2070 324 2128 nonest
342 2062 463 2127 inutile.
506 2066 535 2128 5.
556 2067 606 2128 ble
629 2068 746 2128 Romae
768 2065 868 2132 tonuit
889 2065 1017 2131 omnino
1040 2065 1158 2130 luillae
1183 2085 1272 2129 meae
1293 2071 1411 2149 partus.
1456 2058 1518 2124 Sed

194 2177 266 2222 cum
295 2178 345 2230 aa,
377 2155 641 2243 quemadmodum
667 2177 777 2242 spero,
816 2159 891 2224 satis
918 2158 1009 2223 lirma
1036 2158 1092 2234 sit,
1126 2166 1236 2224 teneor
1256 2165 1376 2232 umen,
1403 2155 1518 2220 duma

193 2249 374 2316 Dolabellae
392 2250 651 2336 procuratoribus
674 2251 799 2336 erigam
823 2253 957 2338 primam
977 2251 1178 2338 pensionem
1208 2261 1240 2316 et
1255 2251 1433 2316 mehercule
1454 2269 1517 2314 non

195 2356 259 2412 tam
281 2365 351 2410 sum
372 2345 591 2443 peregrinator
620 2345 699 2418 iam,
736 2365 830 2430 quam
851 2345 1001 2412 solebam.
1034 2337 1199 2413 (Aedilicia
1220 2366 1291 2410 mea
1311 2366 1363 2410 me
1385 2342 1553 2408 delecta-⁸⁰

194 2442 269 2508 bant
293 2451 324 2507 et
345 2442 455 2507 otium.
461 2469 470 2513 a
508 2446 628 2506 Domus
650 2434 714 2514 est,
748 2461 829 2526 quae
850 2440 927 2505 nulli
948 2427 1091 2505 mearum
1112 2440 1256 2505 villarum
1279 2438 1384 2514 cedat,
1417 2435 1518 2503 otium
1595 2397 1702 2478 '‘ff“

194 2517 280 2602 offis
302 2536 513 2602 desertissima
534 2535 663 2621 regione
685 2533 795 2600 maius.
852 2538 959 2621 ltaque
988 2555 1027 2599 ne
1048 2533 1170 2600 litterae
1203 2533 1330 2621 quidem
1350 2553 1439 2597 meae
1460 2531 1518 2597 im-

195 2630 379 2716 pediuntur,
415 2630 448 2695 in
478 2629 592 2717 quibus
614 2629 680 2695 sine
702 2629 766 2694 ulla
785 2627 1034 2714 interpellatione
1062 2648 1184 2693 versor.
1228 2629 1355 2706 Quare,
1378 2633 1413 2690 ut
1434 2623 1517 2689 arbi·

196 2733 276 2797 tror,
295 2717 402 2820 (prius
425 2722 475 2788 bic
510 2731 540 2787 te
567 2743 625 2787 nos
657 2743 752 2809 quam
780 2722 849 2788 istic
870 2733 904 2788 tu
924 2743 983 2789 nos
1010 2717 1153 2816 videbis.)
1190 2725 1286 2807 Lepta
1315 2718 1517 2786 suavissimus
1597 2708 1678 2788 ‘i‘

196 2817 312 2886 ediscat
332 2817 506 2884 Hesiodum
529 2827 560 2882 et
580 2814 692 2881 babeat
712 2815 746 2881 in
767 2837 838 2891 ore,
1067 2813 1076 2820 “
1526 2825 1554 2865 ²⁵

449 2945 516 3020 Τῆς
538 2942 571 3004 d'
594 2943 709 3027 ἀρετῆς
732 2943 860 3026 ἱδρῶτα.

658 3110 742 3172 XIX.
784 3106 833 3190 (A.
859 3109 892 3172 tl.
915 3108 947 3170 C.
969 3103 1054 3187 709.)

693 3239 836 3304 01οΕ110
858 3240 1020 3304 LEPTAE.

281 3380 309 3440 1.
331 3373 483 3440 Maculam
505 3370 608 3437 officio
629 3370 770 3435 iunctum
791 3389 860 3434 esse
879 3369 1011 3454 gaudeo.
1054 3373 1130 3434 Eius
1151 3368 1316 3434 Falernum
1338 3368 1415 3434 mibi
1436 3387 1517 3433 sem-

195 3469 421 3556 peridoneum
453 3467 556 3531 visum
590 3473 637 3529 est
668 3463 866 3528 deversorio:
903 3463 929 3528 si
952 3463 1048 3529 modo
1070 3464 1143 3529 tecti
1165 3469 1238 3529 satis
1260 3464 1367 3529 estad
1389 3464 1553 3532 comita-so

195 3575 260 3631 tum
282 3573 425 3628 nostrum
445 3558 676 3645 recipiendum
709 3558 872 3644 ceteroqui
892 3559 968 3623 mibi
990 3558 1077 3624 locus
1099 3580 1162 3624 non
1184 3557 1336 3644 displicet.
1396 3563 1458 3623 Nec
1479 3579 1516 3622 ea

195 3679 231 3724 re
253 3662 412 3723 Petrinum
433 3664 520 3720 tuum
543 3638 796 3746 deseram;(nam
818 3662 849 3717 et
870 3652 942 3717 villa
959 3660 990 3716 et
1004 3653 1173 3718 amoenitas
1195 3653 1247 3717 illa
1263 3651 1517 3718 commorationis

196 3741 266 3850 est)
288 3771 352 3816 non
381 3747 565 3816 deversorii.
613 3750 644 3811 1.
672 3751 718 3811 De
748 3746 909 3812 curatione
935 3745 1039 3833 aliqua
1063 3767 1229 3811 munerum
1257 3747 1418 3831 regiorum
1445 3765 1515 3811 cum
1578 3721 1650 3798 ἢ

197 3845 300 3932 Oppio
322 3845 444 3910 locutus
465 3865 549 3920 sum;
572 3861 644 3906 nam
665 3839 812 3912 Balbum,
834 3850 1037 3927 posteaquam
1059 3850 1093 3906 tu
1108 3861 1141 3906 es
1156 3840 1330 3927 proiectus,
1353 3861 1417 3906 non
1436 3839 1515 3916 vidi;

196 3939 287 4008 tantis
309 3938 425 4025 pedum
448 3933 610 4002 doloribus
632 3934 780 4010 allicitur,
809 3943 844 3999 ut
865 3954 899 3998 sc
921 3933 1081 3999 conveniri
1103 3933 1190 3998 nolit.
1234 3935 1368 3999 Omnino
1391 3932 1429 3997 de
1451 3939 1554 4001 totass

195 4056 247 4108 re,
270 4041 306 4098 ut
326 4031 402 4098 mibi
425 4030 558 4105 videris,
590 4027 758 4113 sapientius
779 4026 920 4103 laceres,
942 4027 969 4092 si
990 4048 1054 4093 non
1076 4048 1213 4092 curares.
1256 4027 1350 4104 Quod
1371 4031 1456 4092 enim
1477 4046 1516 4091 eo

197 4128 305 4194 labore
336 4126 460 4210 assequi
488 4125 554 4198 vis,
588 4122 674 4187 nullo
707 4118 802 4185 modo
825 4141 1008 4206 assequere:
1045 4131 1128 4187 taum
1150 4132 1198 4186 est
1218 4122 1301 4186 enim
1333 4123 1515 4187 intimorum

196 4219 377 4293 multitudo,
409 4228 444 4285 ut
466 4217 567 4282 exiis
594 4215 705 4301 aliquis
728 4213 833 4299 potius
855 4214 973 4291 ellluat,
996 4237 1090 4302 quam
1112 4237 1195 4281 novo
1217 4220 1257 4281 sit
1277 4216 1396 4290 aditus,
1425 4234 1517 4300 prae-

196 4315 305 4380 sertim
326 4313 381 4398 qui
403 4311 479 4378 nibil
500 4311 611 4376 allerat
630 4317 756 4396 praeter
785 4329 935 4394 operam,
971 4308 1086 4394 inqua
1114 4308 1166 4374 ille
1199 4330 1233 4374 se
1255 4308 1377 4374 dedisse
1398 4304 1517 4372 benefi-

196 4409 279 4474 cium
310 4404 492 4493 putabit-
515 4405 542 4469 si
567 4403 663 4470 modo
690 4401 793 4488 ipsum
821 4401 898 4467 sciet
925 4446 986 4477 -,
1014 4422 1078 4466 non
1103 4403 1269 4488 accepisse.
1328 4401 1390 4467 Sed
1411 4410 1552 4468 ameno

196 4499 316 4588 aliquid
336 4497 528 4573 videbimus,
551 4497 582 4562 in
604 4516 668 4584 quo
690 4495 730 4560 sit
750 4495 882 4582 specios;
915 4496 1006 4562 aliter
1027 4495 1153 4582 quidem
1175 4516 1238 4561 non
1259 4494 1355 4561 modo
1377 4515 1440 4560 non
1462 4515 1516 4580 ap-

265 4717 292 4766 1.
309 4729 357 4766 uos
375 4715 413 4768 ld.
443 4739 478 4748 —
513 4713 539 4762 9.
557 4713 619 4762 illas
636 4711 679 4763 bl:
706 4711 802 4773 1017,
828 4713 900 4775 ipsos
918 4711 949 4762 E.
983 4734 1014 4747 -
1050 4711 1077 4764 7.
1098 4719 1143 4760 tuo
1159 4711 1263 4776 negotio
1280 4711 1326 4761 lla
1348 4711 1451 4777 nepotio
1470 4717 1515 4760 tuo

197 4787 230 4838 E.
248 4812 282 4822 ·-
318 4786 361 4836 11.
382 4787 437 4836 torn
453 4785 622 4846 inpcrsonore
640 4781 686 4843 11,
715 4789 802 4832 tomen
826 4786 891 4838 tom.
922 4777 987 4844 lom)
1005 4795 1147 4844 personare
1169 4781 1199 4830 V.
1220 4779 1275 4832 Clr.
1294 4780 1373 4832 Ollio.
1393 4781 1419 4831 3.
1439 4779 1468 4844 1.
1487 4781 1514 4832 5.

198 4857 380 4919 Horatllpp.
400 4855 471 4914 1,1,
491 4853 518 4904 7.
556 4853 634 4902 fland
653 4852 732 4902 Turs.
752 4851 788 4902 ll.
809 4866 836 4914 p.
854 4853 899 4903 70.
920 4875 951 4887 -
988 4851 1031 4902 10.
1051 4853 1179 4902 deuolant
1197 4852 1228 4901 0.
1249 4873 1279 4888 -
1315 4851 1515 4902 1111111011

197 4927 271 4978 Nunc
297 4933 360 4976 aute
391 4924 503 4974 domas?
537 4922 587 4974 On.
622 4947 651 4958 -
692 4923 736 4972 11.
763 4935 879 4972 meorum
903 4922 1026 4972 vittarum
1051 4921 1095 4972 bl:
1129 4923 1252 4972 vittarum
1278 4935 1394 4972 mamm
1425 4923 1456 4972 11.
1483 4945 1515 4958 -

199 4997 244 5046 99.
271 4999 402 5062 raptorum
420 4994 464 5045 m:
495 4994 629 5058 reqionum
655 4992 685 5042 ll.
721 5016 749 5027 -
787 4991 831 5042 31.
858 4993 953 5042 uideris
971 4991 1013 5042 lll:
1041 4993 1143 5042 uidetur
1172 4992 1209 5043 11.
1238 5015 1269 5028 -
1305 4993 1349 5043 38.
1368 4993 1408 5043 bis
1425 4993 1462 5044 11.
1483 5017 1514 5030 -

198 5063 299 5130 portus]
317 5067 394 5118 citius
411 5063 530 5116 malebat
547 5063 695 5114 Ernestius.
713 5087 747 5098 -
783 5061 827 5114 lt).
845 5065 930 5126 tpsom
947 5062 992 5114 u:
1010 5063 1039 5112 td
1056 5063 1141 5126 iprum
1158 5061 1190 5113 ll.
1210 5085 1241 5099 ·-
1276 5062 1322 5114 11.
1339 5077 1397 5127 sper
1414 5063 1446 5114 B.
