3668 5924
362 429 425 492 388
864 431 923 494 ΕΡ.
946 433 997 493 AI)
1020 429 1190 495 ATTlell

361 586 491 660 delere,
524 595 578 661 et,
615 585 699 673 quod
735 605 843 652 omnes
874 607 936 652 non
971 586 1066 653 modo
1099 587 1240 653 homines
1270 607 1380 654 rerum
1414 589 1505 654 etiam
1539 591 1680 676 pecudes

359 683 474 749 lactum
490 702 558 747 esse
576 683 688 757 sciant,
711 680 744 747 id
758 681 906 746 Thalnam
927 692 958 747 ct
978 681 1119 748 Plautum
1141 692 1173 747 et
1194 683 1361 767 Spongiam
1383 691 1414 749 et
1434 691 1554 749 ceteras
1568 683 1682 752 lanius-

360 775 445 842 modi
474 776 657 864 quisquilias
684 784 821 842 statuere
849 796 1007 862 nunquam
1033 797 1102 842 esse
1129 776 1254 842 lactum.
1310 781 1341 842 7.
1363 777 1425 844 Sed
1446 786 1565 850 tamen.
1587 789 1623 845 nt
1645 790 1678 846 te

360 872 399 937 dc
425 892 461 936 re
489 871 612 958 publica
638 871 798 942 consoler,
828 870 971 944 nonita,
999 880 1034 935 nt
1055 882 1220 956 sperarunt
1240 870 1327 947 mali,
1350 881 1435 936 tanto
1457 873 1605 960 imposito
1626 877 1676 940 rei

337 966 501 1054 spublicae
522 967 667 1036 vnlnere.
690 964 801 1029 alacris
823 964 957 1029 exsultat
978 963 1160 1050 improbitas
1183 965 1215 1029 in
1235 965 1375 1030 victoria.
1423 971 1498 1032 Nam
1519 968 1608 1054 plane
1630 970 1673 1034 ita

245 1133 251 1145 ⁸
358 1057 657 1148 putaverunt,(cum
680 1058 806 1142 religio,
837 1077 908 1122 cum
929 1056 1092 1143 pudicitia,
1114 1078 1185 1123 cum
1207 1057 1396 1124 iudiciorum
1419 1059 1511 1136 tides,
1533 1083 1604 1128 cum
1625 1085 1676 1128 se-

189 1189 200 1217 s
287 1168 298 1241 ξ
357 1165 447 1221 natus
476 1154 642 1220 auctoritas
668 1149 869 1256 concidisset)
899 1143 1049 1224 lore‚(ut
1075 1159 1182 1238 aperte
1212 1152 1324 1240 victrix
1352 1155 1488 1240 nequitia
1518 1175 1555 1220 ae
1574 1155 1674 1223 libido

245 1314 305 1348 Α
355 1269 473 1335 poenos
500 1247 538 1312 ah
567 1247 686 1334 optimo
715 1237 840 1332 qudqfle
862 1241 1051 1332 peteretlsni
1074 1244 1209 1318 doloris,
1239 1265 1331 1330 quem
1354 1246 1587 1332 improbissimo
1607 1251 1674 1316 cui·

221 1331 267 1372 '‘'
355 1365 416 1431 que
447 1343 599 1408 inusserat
628 1341 778 1406 severitas
807 1339 984 1404 consulatus
1005 1339 1078 1404 mei.
1126 1343 1156 1404 8.
1178 1338 1264 1404 Idem
1286 1360 1346 1424 ego
1367 1341 1419 1406 ille
1441 1375 1474 1388 -
1504 1363 1567 1410 non
1589 1345 1671 1410 enirn

319 1437 431 1506 romili
452 1435 563 1503 videor
584 1437 754 1501 insolenter
774 1433 919 1518 gloriari,
942 1453 1013 1498 cum
1036 1433 1075 1498 de
1097 1453 1147 1498 me
1169 1431 1252 1518 apud
1274 1443 1304 1498 te
1325 1434 1449 1521 loquor,
1470 1435 1503 1500 in
1524 1457 1561 1502 ea
1583 1458 1670 1523 prae·

353 1537 462 1597 sertim
483 1531 628 1617 epistola,
650 1549 743 1614 quam
765 1527 840 1592 nolo
860 1526 928 1592 aliis
948 1527 1011 1612 legi
1032 1561 1071 1576 —
1093 1527 1193 1600 idem,
1215 1526 1361 1612 inquam,
1384 1548 1444 1613 ego
1465 1531 1605 1598 recreavi
1626 1532 1672 1596 al-

353 1627 453 1693 llictos
474 1625 594 1691 animos
616 1623 772 1688 bonorum
793 1641 1047 1708 unumquemque
1068 1620 1268 1696 confirmans,
1292 1625 1441 1688 excitans.
1482 1626 1671 1691 Insectandis

352 1743 429 1788 vero
456 1717 712 1806 exagitandisque
739 1715 923 1781 nummariis
949 1714 1106 1782 iudicibus
1133 1735 1259 1780 omnem
1288 1715 1433 1783 omnibus
1459 1716 1606 1784 studiosis
1635 1741 1671 1786 ac

351 1814 526 1882 fautoribus
552 1814 636 1878 illius
657 1810 805 1876 victoriae
828 1813 1019 1895 παρ’ῥησιαν
1040 1810 1157 1896 eripui3
1187 1809 1332 1875 Pisonem
1353 1811 1512 1898 consulem
1533 1813 1617 1878 nulla
1638 1815 1669 1879 in

316 1930 388 1983 ,ere
414 1910 583 1976 consistere
613 1925 751 1991 unquam
779 1925 848 1970 sum
877 1924 1004 1990 passus;
1037 1903 1224 1989 desponsam
1245 1902 1364 1968 homini
1391 1904 1452 1968 iam
1475 1905 1595 1992 Syriam
1617 1909 1670 1974 ad-

352 2009 430 2083 emi;
458 2012 597 2069 senatum
619 2000 660 2064 ad
688 1998 850 2084 pristinam
876 2018 964 2064 suam
991 1998 1188 2063 severitatem
1215 1997 1361 2062 revocavi
1390 2006 1483 2083 atque
1515 1998 1669 2068 abiectum

351 2097 505 2175 excitavi;
534 2093 678 2162 Clodium
705 2101 899 2178 praesentem
926 2091 1007 2177 fregi
1035 2091 1067 2155 in
1097 2099 1206 2156 senatu
1233 2110 1305 2156 cum
1334 2090 1476 2158 oratione
1503 2103 1668 2180 perpetua,

349 2191 530 2281 plenissima
551 2185 726 2274 gravitatis,
749 2194 814 2250 tum
836 2185 1038 2251 altereatione
1060 2183 1228 2258 eiusmodi,
1259 2205 1300 2249 ex
1320 2205 1383 2272 qua
1404 2185 1477 2250 licet
1496 2205 1594 2271 pauca
1615 2188 1671 2254 de-

349 2297 464 2372 gustes.
506 2288 582 2348 Nam
608 2290 712 2344 cetera
738 2299 801 2343 non
830 2289 961 2365 possunt
981 2277 1097 2344 hahere
1119 2298 1220 2363 neque
1241 2277 1308 2344 vim
1336 2299 1439 2364 neque
1460 2290 1668 2352 venustatem.

199 2371 222 2442 ,Ἰ
312 2387 473 2450 wremoto
502 2376 556 2442 illo
584 2371 688 2440 studio
715 2372 939 2448 contentionis,
966 2393 1059 2466 quem
1086 2373 1201 2455 ἀγῶνα
1230 2392 1287 2437 vos
1308 2372 1478 2458 appellatis.
1522 2377 1552 2440 9.
1574 2379 1667 2448 Nam,

349 2484 385 2542 ut
411 2471 490 2539 ldib.
517 2467 607 2535 Maiis
635 2466 668 2531 in
696 2475 836 2530 sanatum
868 2467 1086 2540 convenimus,
1115 2473 1243 2550 rogatus
1271 2484 1331 2550 ego
1358 2465 1542 2532 sententiam
1572 2469 1669 2534 multa

349 2567 418 2633 dixi
445 2565 485 2630 de
511 2581 632 2628 summa
661 2579 697 2623 re
719 2556 843 2645 publica
864 2569 957 2644 atque
978 2559 1030 2624 ille
1050 2559 1139 2624 loona
1160 2558 1305 2624 inductus
1326 2579 1344 2622 a
1365 2579 1416 2623 me
1437 2569 1484 2624 est
1506 2558 1667 2628 divinitus:

348 2683 434 2738 ‚,ne,
465 2679 527 2724 una
555 2655 645 2742 plaga
672 2660 815 2738 accepta,
848 2663 951 2739 potres
982 2653 1150 2739 conscripti
1178 2650 1395 2725 conciderent.
1423 2672 1463 2718 ne
1484 2653 1667 2732 delicerent;

348 2755 461 2822 vulnus
489 2769 559 2818 esse
584 2746 755 2820 eiusmodi,
788 2745 873 2833 qnod
900 2747 976 2812 mihi
1004 2767 1062 2812 nec
1090 2744 1346 2811 dissimulandum
1368 2765 1426 2810 nee
1446 2745 1669 2832 pertimescen-

309 2849 423 2922 esdum
450 2845 634 2918 videretur3
665 2861 704 2905 ne
732 2850 785 2904 cra
813 2844 965 2906 antecede
991 2843 1181 2924 iqnooa’ssimi
1207 2849 1262 2904 ant
1293 2839 1468 2923 ignorando
1495 2843 1668 2908 stultissimi

174 2984 190 3022 q
201 2951 234 3028 χέ,
347 2929 599 3026 iudicaremur;(
602 2935 651 3001 bis
672 2934 847 3023 absolutum
869 2955 938 3000 esse
958 2934 1140 3008 Lentulum,
1167 2932 1216 2997 bis
1239 2919 1421 3039 Catilinamq
1436 2932 1520 2998 hunc
1540 2937 1668 3003 tertium

346 3038 408 3101 iam
429 3053 498 3100 esse
520 3052 538 3096 a
559 3027 714 3096 indicibus
734 3028 767 3093 in
790 3026 1033 3113 rempublicam
1055 3027 1240 3092 immissum.
1293 3029 1402 3100 Erras,
1425 3026 1529 3105 Clodi;
1551 3049 1615 3096 non
1636 3037 1668 3095 te

347 3127 465 3196 iudicas
491 3122 578 3199 urbi,
607 3122 663 3188 sed
691 3121 811 3187 carceri
832 3128 1050 3196 reservarunt,
1078 3141 1179 3207 neque
1200 3130 1231 3185 te
1252 3119 1389 3184 retinere
1410 3120 1444 3185 in
1465 3119 1666 3231 diffidit&

347 3220 459 3286 exsilio
488 3217 615 3305 privare
643 3215 820 3281 voluerunt.
873 3214 1106 3292 Quamobrem,
1136 3223 1240 3300 patres
1261 3212 1447 3298 conscripti,
1469 3208 1580 3298 erigite
1581 3232 1668 3294 „em-

309 3335 430 3390 samos,
458 3313 590 3378 retinete
618 3319 754 3376 vestram
782 3307 973 3392 dignitatem.
1028 3314 1133 3376 Manet
1163 3307 1217 3373 illa
1245 3306 1277 3370 in
1298 3305 1480 3392 republica
1507 3307 1666 3375 honorum

347 3407 525 3486 consensio;
555 3403 647 3470 dolor
667 3401 796 3467 accessit
816 3399 908 3467 bonis
929 3401 1021 3476 viris,
1043 3403 1143 3468 virtus
1164 3421 1228 3466 non
1249 3409 1297 3465 est
1317 3399 1494 3478 imminuta;
1522 3401 1598 3469 nihil
1619 3416 1666 3469 est

347 3499 453 3565 damni
479 3499 594 3565 lactum
622 3498 712 3569 novi,
745 3494 815 3569 sed,
845 3495 931 3583 qnod
952 3505 1032 3572 erat,
1065 3497 1226 3561 inventum
1248 3502 1304 3558 est.
1359 3497 1396 3557 ln
1416 3493 1510 3559 nnius
1531 3495 1665 3564 hominis

347 3592 461 3680 perditi
488 3591 605 3658 iudicio
628 3591 734 3678 plures
762 3589 878 3656 similes
907 3593 1026 3677 reperti
1053 3589 1159 3656 sunt.''
1205 3592 1254 3653 10.
1276 3585 1339 3652 Sed
1359 3585 1435 3672 quid
1455 3595 1537 3673 agot
1567 3610 1665 3676 paene

347 3685 522 3751 orationem
550 3685 582 3750 in
610 3684 771 3772 epistolam
799 3683 921 3750 inclusi.
977 3684 1083 3752 Redeo
1112 3683 1151 3748 ad
1177 3683 1420 3748 altercationem.
1470 3685 1577 3771 Surgit
1597 3686 1667 3772 pul·

311 3777 467 3852 ,schelius
498 3799 597 3864 puer,
631 3777 739 3843 obiicit
774 3776 875 3851 mihi,
911 3798 961 3841 me
993 3777 1033 3843 ad
1062 3777 1151 3843 Baias
1182 3775 1290 3842 luisse.
1325 3809 1365 3822 -
1402 3776 1577 3856 „Falsum3
1609 3778 1664 3844 sed

347 3883 450 3936 umen
471 3870 645 3957 quidhoc?
688 3871 796 3937 Simile
817 3880 877 3945 est,
899 3870 1041 3957 inquam,
1065 3875 1151 3959 quasi
1174 3869 1257 3936 dicas
1278 3871 1311 3936 in
1332 3880 1444 3956 operto
1464 3870 1600 3938 inissel”
1623 3909 1664 3920 -

347 3963 450 4043 Quid,
473 3964 590 4050 inquit,
612 3965 729 4030 homini
750 3963 890 4050 Arpinati
911 3983 983 4029 curn
1004 3965 1092 4051 aquis
1113 3963 1241 4031 calidis?
1277 4002 1315 4016 -
1346 3970 1486 4041 „Narra‚
1521 3970 1662 4054 inquam,

346 4069 480 4146 patrono
507 4068 578 4135 tuo,
606 4061 660 4145 qui
688 4057 843 4143 Arpinatis
864 4078 960 4144 aquas
981 4058 1173 4144 concupivit3
1202 4059 1284 4124 nosti
1304 4059 1388 4124 enim
1408 4059 1574 4126 Marianas.
1584 4065 1600 4089 '⁸
1623 4097 1664 4108 -

416 4233 441 4281 1.
460 4237 484 4281 ct
502 4243 558 4281 om.
578 4245 619 4295 pr.
638 4227 676 4280 Μ.
706 4253 737 4264 -
774 4229 801 4280 3.
818 4228 932 4280 retebant
950 4229 971 4278 1.
1003 4255 1030 4266 -
1072 4230 1183 4280 Totnem
1201 4229 1239 4290 ll,
1269 4229 1376 4280 Caluum
1394 4231 1421 4292 1,
1443 4231 1562 4282 ratmam
1580 4233 1663 4284 Brea·

346 4300 389 4351 stli
408 4314 517 4366 operae.
538 4326 569 4337 -
604 4300 738 4351 Plautium
755 4299 795 4360 a,
814 4299 925 4350 Pinnem
943 4300 966 4350 l.
987 4323 1018 4336 -
1054 4299 1222 4350 31111111.
1244 4321 1275 4336 -
1309 4299 1336 4350 t.
1357 4308 1497 4362 sperarent
1515 4303 1560 4353 ru.
1580 4327 1608 4340 -
1635 4303 1661 4354 5.

343 4373 424 4436 plene
449 4386 489 4435 pr.
509 4371 547 4422 Μ.
578 4395 609 4408 -
645 4370 670 4419 ’1.
690 4371 859 4420 comederent
878 4368 900 4418 1.
933 4393 963 4406 -
998 4372 1026 4421 a.
1044 4372 1199 4433 tonuprerot
1223 4381 1263 4432 pr.
1282 4367 1325 4429 Μ,
1352 4371 1501 4422 smeret
1527 4385 1597 4424 corr.
1618 4372 1660 4434 Μ,

346 4444 498 4492 intumet
518 4441 548 4492 a.
570 4465 601 4477 -
619 4441 710 4490 Eidem
726 4440 764 4492 Μ.
786 4466 814 4478 -
853 4440 896 4491 10.
915 4441 945 4489 to
962 4437 1003 4502 ec]
1023 4455 1080 4492 meo
1097 4440 1135 4492 Μ.
1156 4463 1187 4476 -
1224 4438 1268 4488 li.
1286 4440 1443 4504 conficerem
1461 4448 1487 4492 et
1504 4445 1620 4494 recitem
1639 4443 1660 4492 1.

347 4537 379 4550 ·-
400 4511 599 4563 10.huiurmodi
618 4509 655 4562 Μ.
670 4533 700 4545 -
719 4509 763 4559 20.
782 4523 827 4560 vor
845 4510 984 4574 appellatis
1001 4505 1102 4578 ἀγῶνα
1119 4510 1151 4560 R.
1174 4534 1201 4545 -
1222 4509 1265 4558 21.
1285 4517 1315 4559 ut
1332 4524 1386 4561 om.
1406 4511 1440 4560 11.
1463 4537 1491 4548 —
1512 4513 1593 4566 Motis
1609 4512 1660 4562 at:

346 4581 463 4634 uota.
484 4605 515 4618 -
550 4579 704 4632 testantium
721 4580 903 4631 dicaremutto
921 4581 943 4630 1.
966 4604 996 4616 ·-
1032 4581 1076 4631 23.
1095 4582 1161 4643 reip.
1181 4578 1213 4628 li.
1235 4601 1264 4611 -
1291 4585 1329 4629 ert
1346 4594 1365 4630 o
1382 4594 1420 4630 me
1438 4581 1460 4630 l.
1482 4605 1511 4616 -
1540 4585 1583 4634 2³.
1602 4597 1661 4633 eoo·

346 4653 457 4704 cidarim
474 4652 512 4703 Μ.
542 4674 573 4686 -
608 4649 651 4699 23.
670 4663 877 4714 oeque-neque
896 4650 917 4700 l.
951 4674 981 4686 -
1017 4651 1061 4701 25.
1081 4649 1185 4701 Excidit
1209 4647 1324 4699 alterum
1350 4652 1502 4700 membrum
1531 4651 1592 4714 (cut
1610 4667 1661 4703 me·

347 4722 445 4774 tumdn
467 4717 648 4786 immolationi)
679 4731 710 4768 ex
734 4718 819 4780 ldlll,
852 4726 882 4771 nt
899 4733 949 4772 nor
972 4723 1074 4786 primus
1098 4719 1231 4784 supplerit
1256 4717 1369 4771 Beatus:
1399 4735 1432 4771 ne
1450 4729 1497 4772 out
1514 4724 1661 4788 tqooroodo

346 4792 493 4844 stultissimi
510 4797 558 4842 not
575 4789 710 4840 metuendo
726 4790 887 4852 tpmoirrtmt
904 4803 920 4840 e
938 4791 1021 4842 Codd.
1041 4789 1212 4844 Memmianir
1230 4788 1389 4848 Lambinus.
1408 4805 1440 4841 ne
1457 4799 1505 4842 ont
1517 4795 1572 4857 iqn.
1585 4794 1659 4843 stult.

347 4863 403 4914 tud.
430 4869 478 4913 cut
493 4859 694 4924 pertimescendo
711 4859 913 4921 desperatissima·
930 4875 945 4911 e
963 4861 1045 4914 codd.
1065 4862 1138 4912 Plus.
1172 4885 1200 4896 -
1238 4859 1282 4909 35.
1302 4859 1404 4910 Salsum
1421 4861 1567 4913 Manutius.
1604 4861 1659 4914 Clr.

349 4932 428 4982 Beier
444 4932 478 4982 ad
496 4930 552 4982 Cic.
572 4929 656 4982 0rrtt.
675 4929 781 4992 Fragm.
802 4944 828 4994 p.
847 4930 891 4981 81.
923 4955 954 4966 -
990 4932 1035 4982 36.
1054 4930 1191 4996 quietate
1208 4929 1290 4980 simtu
1307 4936 1344 4978 ert
1360 4931 1434 4982 Mlti.
1480 4932 1660 4984 ltmendamm

349 5007 389 5051 ert
407 5014 438 5051 ex
456 5000 539 5052 Codd.
560 4999 632 5051 Bosil
651 5005 677 5050 et
696 4999 725 5050 C.
755 5023 785 5034 -·
821 5000 1045 5063 leopertodtcas
1063 5002 1085 5051 1.
1115 5023 1145 5036 -
1182 4997 1225 5049 37.
1245 4999 1307 5062 qnid
1326 5001 1376 5049 tet
1394 5003 1557 5067 quieteque
1574 5004 1606 5053 n.
1628 5028 1658 5040 -

349 5070 441 5122 cusan
458 5069 536 5120 nant:
557 5070 638 5120 caldis
656 5069 685 5120 n.
718 5093 747 5106 -
785 5069 828 5120 38.
847 5071 986 5133 Arpinates
1005 5071 1147 5122 victorina.
1167 5095 1198 5104 -
1235 5067 1375 5122 uanam·
1393 5071 1430 5121 a:
1448 5075 1567 5124 mortona
1584 5073 1657 5124 ΜΙΕ.
