3662 5892
722 485 780 550 ΕΡ.
802 486 854 546 ΑΙ)
879 483 1090 548 ΟΟΤΑἮΙΙΜ.
1503 484 1562 546 781

246 642 426 710 mortalium
454 641 547 706 fidem
571 675 608 686 -
633 640 693 706 nisi
715 638 798 706 forte
825 639 940 706 frustra
963 660 1018 704 eos
1038 641 1175 727 appello,
1205 661 1340 728 quorum
1361 662 1452 706 aures
1474 649 1566 727 atquc

247 738 370 802 animus
397 734 526 800 euobis
553 733 724 799 abhorrent
744 769 782 780 —
806 755 927 820 perque
953 731 1111 800 fortunam
1133 737 1241 822 populi
1261 735 1391 801 Romani
1415 757 1566 820 -quae,
1592 799 1596 810 ,

248 851 437 916 quamquam
458 827 550 894 nobis
572 827 684 893 infesta
706 837 768 902 cst,
791 827 850 893 fuit
871 827 1037 913 aliquando
1058 829 1191 914 propitia
1215 840 1261 903 et,
1285 837 1319 893 ut
1333 849 1441 914 spero,
1464 828 1567 895 futura

248 935 296 991 est
310 959 366 1000 -,
389 923 459 1011 quis
482 931 542 986 tam
566 942 680 1007 expers
703 921 914 995 humanitatis,
938 921 1008 1006 quis
1030 920 1121 987 buius
1143 923 1230 988 urbis
1253 923 1371 988 nomini
1392 943 1428 985 ac
1442 922 1568 987 sedibus

248 1041 349 1106 usque
376 1017 455 1083 adeo
484 1026 532 1080 est
553 1016 712 1088 inimicus,
744 1024 778 1080 ut
799 1015 857 1081 ista
886 1024 939 1080 aut
960 1015 1156 1081 dissimulare
1184 1017 1282 1107 possit
1302 1030 1355 1083 aut
1377 1037 1439 1081 nou
1461 1016 1592 1082 doleres

248 1122 318 1185 aut,
341 1112 367 1176 si
389 1111 472 1176 nulla
487 1111 608 1176 ratione
630 1110 764 1196 publicis
786 1108 994 1175 incommodis
1016 1108 1135 1173 mederi
1158 1119 1264 1196 queat,
1287 1132 1350 1176 uon
1372 1120 1473 1176 morte
1495 1132 1567 1197 pro·

249 1207 353 1292 prium
375 1205 549 1292 periculum
570 1205 667 1270 vitet?
689 1207 719 1269 3.
742 1209 835 1280 Nam,
857 1214 892 1268 ut
913 1203 1021 1269 ordiar
1043 1203 1081 1268 ab
1104 1205 1194 1270 initio
1216 1214 1246 1269 et
1267 1205 1434 1291 perducam
1457 1205 1496 1271 ad
1515 1227 1568 1270 cx·

250 1311 385 1366 tremum
407 1310 438 1366 et
453 1298 622 1364 novissima
644 1297 801 1362 conferam
823 1297 954 1384 primis,
974 1319 1054 1382 quae
1075 1320 1139 1362 non
1161 1304 1318 1384 posterior
1339 1300 1405 1364 dies
1425 1298 1570 1364 acerbior

249 1397 377 1480 priore‘l
400 1405 431 1459 et
453 1415 534 1480 quae
555 1412 617 1458 nou
640 1393 809 1477 insequens
830 1393 907 1457 bora
925 1393 1125 1458 antecedente
1147 1393 1357 1460 calamitosior
1377 1395 1494 1479 populo
1510 1399 1571 1459 lto-

250 1509 342 1553 mauo
364 1488 488 1553 illuxit?
510 1493 551 1552 ll.
566 1487 734 1561 Antonius,
757 1491 807 1552 vir
828 1487 923 1552 animi
946 1487 1091 1560 maximi,
1107 1523 1146 1534 -
1170 1488 1286 1552 utinam
1310 1489 1402 1553 etiam
1424 1487 1606 1572 sapientise·

249 1581 372 1648 consilii
394 1582 518 1647 fuissetl
542 1617 583 1628 —
607 1584 639 1646 C.
656 1584 787 1646 Caesare
809 1580 978 1646 fortissime
999 1579 1054 1644 sed
1075 1602 1187 1666 parum
1209 1582 1341 1646 feliciter
1362 1603 1379 1646 a
1400 1581 1448 1646 rei
1469 1580 1571 1666 publi-

249 1697 306 1740 cae
327 1675 540 1740 dominatione
573 1683 711 1751 semoto,
740 1675 940 1762 concupierat
967 1674 1064 1758 magis
1094 1675 1231 1758 regium,
1261 1697 1354 1761 quam
1374 1673 1474 1740 libera
1495 1673 1570 1738 civi·

251 1783 297 1835 tas
318 1770 381 1855 pati
404 1779 526 1855 posset,
559 1769 778 1855 principatum.
821 1768 977 1835 Publicam
1001 1767 1188 1853 dilapidabat
1211 1769 1390 1855 pecuniam,
1413 1768 1570 1832 aerarium

251 1861 471 1937 exhauriebat,
495 1860 656 1931 minuebat
677 1862 854 1948 vectigalia,
877 1861 1012 1927 donabat
1033 1862 1187 1938 civitatem
1217 1883 1257 1926 ex
1279 1862 1504 1928 commentario
1526 1860 1572 1925 di·

250 1956 677 2043 elaturamgerebat31eges
706 1952 899 2042 imponebam
929 1955 1116 2042 prohibebat
1143 1956 1326 2022 dictatorem
1352 1959 1453 2022 creari
1474 1953 1607 2039 plebi-u

252 2051 347 2130 scito;
376 2051 444 2137 ipse
471 2049 623 2136 regnabat
649 2051 680 2114 in
709 2051 886 2129 consulatu;
916 2050 1094 2137 provincias
1121 2071 1202 2115 uuus
1230 2071 1338 2116 omnes
1359 2048 1571 2135 concupiebat.

253 2146 310 2212 Cui
338 2143 486 2209 sordebat
506 2144 687 2210 Macedonia
715 2145 893 2230 provincia,
923 2165 1016 2230 quam
1039 2144 1140 2208 vietor
1161 2143 1220 2210 sibi
1246 2154 1420 2230 sumpserat
1442 2148 1571 2218 Caesar,

250 2240 326 2320 quid
348 2239 388 2304 de
410 2239 469 2304 boo
490 2261 618 2325 sperare
639 2249 692 2304 aut
714 2247 897 2324 exspectare
919 2259 977 2304 uos
999 2237 1184 2324 oportebat?
1220 2241 1250 2306 d.
1278 2239 1427 2303 Exstitisti
1450 2248 1483 2303 tu
1505 2239 1573 2303 vin·

252 2333 314 2398 dex
336 2343 461 2399 nostrae
489 2332 658 2408 libertatis,
685 2343 721 2398 nt
741 2343 815 2397 tunc
843 2331 985 2418 quidem.
1016 2333 1152 2418 optimus
1175 2367 1215 2378 -
1237 2333 1439 2418 quodetinam
1470 2353 1572 2419 neque

252 2437 359 2492 nostra
387 2448 444 2493 nos
473 2427 580 2513 opinio
609 2448 711 2514 neque
741 2436 793 2491 tua
816 2425 891 2492 fides
918 2425 1092 2492 fefellisset!
1116 2461 1156 2472 --
1185 2434 1216 2490 et
1236 2427 1393 2491 veteranis
1418 2427 1451 2491 in
1472 2439 1610 2492 uuumtt

251 2520 413 2587 conductis
439 2531 472 2586 et
493 2520 614 2587 duabus
637 2521 813 2605 legionibus
840 2541 858 2584 a
888 2520 1027 2606 pernicie
1048 2519 1167 2604 patriae
1193 2518 1233 2584 ad
1261 2519 1390 2585 salutem
1419 2521 1572 2594 avocatis,

252 2615 358 2680 subito
378 2636 478 2701 prope
500 2616 562 2679 iam
585 2614 727 2678 allectam
748 2633 784 2677 ac
804 2623 992 2700 prostratam
1014 2613 1251 2700 rempublicam
1275 2614 1335 2679 tuis
1357 2613 1469 2700 opibus
1484 2624 1573 2680 extu-

254 2709 326 2773 listi.
363 2711 451 2786 Quae
473 2705 529 2772 tibi
550 2729 613 2773 non
633 2717 721 2779 aute,
744 2729 837 2792 quam
854 2708 1048 2792 postulares,
1071 2707 1210 2782 maiora,
1233 2728 1325 2793 quam
1340 2710 1449 2786 velles,
1471 2711 1571 2796 plura,

252 2823 347 2886 quam
369 2823 528 2887 sperares,
551 2802 662 2867 detulit
683 2807 827 2865 senatus‘l
861 2800 953 2865 Dedit
974 2801 1085 2874 fasces,
1111 2812 1145 2866 ut
1167 2821 1237 2866 enm
1260 2804 1445 2869 auctoritato
1467 2803 1573 2868 defen·

254 2916 359 2960 sorem
381 2894 525 2968 baberet,
549 2917 611 2960 non
632 2903 668 2960 ut
688 2895 824 2981 imperio
845 2915 880 2958 se
901 2893 1070 2959 adversum
1091 2905 1236 2960 armaret.
1279 2897 1453 2981 Appellavit
1476 2897 1611 2982 impe-²⁵

254 2996 408 3063 retorem,
439 2990 573 3054 bostium
596 2989 738 3054 exercitu
758 2987 866 3073 pulso,
897 2986 1037 3052 tribuens
1059 2987 1229 3064 honorem,
1261 3009 1323 3054 uon
1347 2999 1382 3055 ut
1402 3011 1459 3055 sua
1479 2989 1574 3054 caede

253 3103 363 3147 caesus
384 3082 436 3147 ille
451 3083 572 3167 fugiens
593 3083 751 3148 exercitus
773 3091 804 3147 tc
823 3081 1000 3146 nominaret
1020 3082 1252 3166 imperatorem.
1289 3084 1435 3148 Decrevit
1455 3082 1488 3147 in
1503 3083 1575 3148 foro

255 3187 402 3250 statuam,
429 3178 534 3241 locum
556 3177 733 3248 insectatu,
765 3195 920 3241 summum
943 3175 1096 3240 bonorem
1118 3182 1188 3240 aute
1209 3186 1342 3262 tempus.
1387 3182 1416 3242 5.
1445 3178 1575 3262 siquid

254 3269 339 3335 aliud
366 3279 430 3344 est,
460 3269 545 3355 quod
567 3270 635 3334 dari
657 3269 770 3355 possit,
800 3268 903 3334 addet.
947 3268 1031 3347 Quid
1060 3269 1145 3334 aliud
1167 3281 1214 3336 est
1241 3274 1355 3346 maius,
1384 3270 1470 3356 quod
1498 3272 1575 3336 velis

255 3369 403 3429 sumeret
439 3365 618 3428 sinautem
642 3385 735 3449 supra
763 3372 907 3438 aetatem,
942 3383 1037 3446 snpra
1057 3363 1330 3438 consuetudinem,
1359 3385 1453 3450 supra
1482 3366 1613 3430 etiamen

256 3458 473 3524 mortalitatem
501 3467 584 3522 tuam
606 3456 662 3523 tibi
691 3466 763 3523 sunt
790 3457 896 3522 omnia
912 3455 1053 3532 tributa,
1082 3478 1139 3522 cur
1167 3470 1220 3523 aut
1247 3457 1385 3543 ingratus
1407 3458 1577 3524 crudeliter

256 3563 310 3617 ant
331 3551 497 3617 immemor
517 3551 659 3617 beneficii
682 3553 730 3617 sui
754 3551 903 3616 scelerate
924 3550 1155 3616 circumscribis
1176 3559 1338 3616 senatum?
1373 3556 1444 3630 Quo
1466 3563 1497 3618 te
1518 3553 1577 3617 mi·

257 3651 373 3710 simus?
396 3667 413 3710 a
436 3644 548 3731 quibus
569 3647 760 3712 reverteris?
783 3657 890 3710 eontra
914 3666 993 3730 quos
1015 3645 1225 3710 armavimus?
1248 3644 1361 3732 quibus
1383 3667 1470 3711 arma
1491 3647 1577 3730 cogi·

257 3752 303 3806 tas
325 3739 462 3804 inferret
485 3739 633 3826 aquibus
655 3746 827 3806 exercitum
850 3737 999 3804 abducis?
1023 3747 1054 3802 ct
1070 3759 1150 3826 quos
1171 3738 1321 3804 adversus
1343 3741 1440 3805 aciem
1463 3742 1577 3805 struis?

257 3838 321 3899 Cur
341 3835 439 3900 hostis
460 3833 668 3920 relinquitur?
698 3835 775 3899 civis
797 3833 895 3898 bostis
923 3833 993 3897 loco
1014 3833 1163 3918 ponitur?
1195 3853 1252 3900 eur
1271 3842 1373 3898 castra
1402 3832 1507 3898 medio
1528 3833 1615 3902 iti-as

257 3949 333 3992 nere
363 3928 485 4014 lougius
514 3929 767 3994 adversariorum
797 3928 905 3994 castris
927 3935 958 3992 et
979 3927 1110 4012 propius
1138 3927 1250 3992 urbem
1273 3934 1460 3993 moventur?
1497 3931 1526 3991 6.
1551 3929 1577 3990 Ο

259 4041 308 4084 me
330 4043 487 4108 uunquam
510 4023 680 4107 sapientem
703 4033 734 4089 et
754 4023 921 4108 aliquando
943 4019 990 4096 id,
1019 4020 1104 4108 quod
1126 4042 1189 4086 nou
1212 4043 1313 4094 eram,
1336 4021 1450 4087 frustra
1473 4019 1578 4085 existi·

258 4118 389 4178 matuml
427 4119 586 4192 Quantum
610 4127 654 4191 te,
682 4117 799 4203 popule
822 4122 977 4189 Romane,
1006 4114 1046 4179 de
1067 4135 1118 4179 me
1140 4113 1248 4180 fefellit
1270 4115 1390 4201 opiniot
1429 4117 1578 4179 Omeam

258 4205 467 4274 calamitosam
497 4229 532 4274 ac
559 4211 761 4296 praecipitem
790 4212 994 4274 senectutem!
1034 4210 1060 4274 0
1090 4217 1213 4294 turpem
1244 4219 1352 4274 exacta
1381 4206 1580 4294 clementique

260 4307 359 4366 aetate
380 4304 539 4370 canitieml
563 4309 630 4390 Ego
653 4315 757 4389 patres
779 4303 972 4388 conscriptos
993 4300 1034 4368 ad
1054 4300 1258 4389 parricidium
1280 4303 1407 4381 induxi;
1431 4322 1489 4387 ego
1511 4321 1617 4369 remeo

328 4491 356 4540 2.
381 4493 504 4542 obhorret
522 4495 544 4544 l.
574 4521 606 4532 -
643 4495 687 4545 12.
712 4491 902 4556 dominatione]
921 4493 1111 4558 gubernatione
1129 4492 1161 4542 R.
1189 4517 1222 4527 -
1258 4499 1355 4542 carnoto
1372 4492 1425 4542 ut:
1449 4498 1580 4541 commoto

261 4559 292 4609 ll.
313 4583 344 4594 -
375 4563 417 4612 13.
433 4572 522 4624 poscat
542 4567 578 4615 a:
594 4569 702 4626 poterat
721 4565 764 4614 [Ε.
784 4588 817 4600 -
848 4565 892 4614 tt.
913 4563 1032 4614 donabat
1048 4563 1170 4614 clettam
1188 4563 1352 4614 immanitate
1367 4571 1391 4613 at
1408 4565 1530 4612 aotloaca
1547 4561 1579 4620 T,

260 4629 439 4682 exhauriebat.
460 4635 579 4684 atalenos
589 4636 734 4684 metuebat.
753 4635 898 4696 vectigalia
911 4634 1028 4683 donabat
1046 4633 1077 4682 u.
1093 4658 1121 4670 -
1144 4634 1186 4683 15.
1203 4633 1456 4694 pallacanam.
1484 4633 1582 4695 (creari

261 4700 361 4762 tegibus
379 4710 484 4752 senatus
504 4706 622 4754 romabo
640 4707 695 4767 ipae
712 4704 880 4766 repugnabat
897 4705 927 4753 a‘a
943 4707 1036 4754 rotata
1054 4701 1112 4766 tlt.)
1141 4727 1170 4736 -
1209 4704 1252 4752 16.
1270 4716 1341 4752 anua
1355 4704 1511 4764 procinctae
1528 4716 1581 4752 om·

260 4783 306 4818 aaa
324 4774 490 4833 concupierat
510 4777 546 4830 'l',
567 4788 655 4823 omlnes
673 4790 741 4823 anas
761 4777 791 4824 ll.
811 4799 845 4809 —
881 4775 924 4825 19.
942 4781 973 4822 att
989 4787 1061 4823 nunc
1077 4773 1180 4836 quidem
1197 4780 1320 4834 optamus
1338 4773 1369 4822 T.
1401 4796 1428 4808 -
1467 4774 1510 4822 21.
1535 4773 1582 4821 od·

261 4843 362 4889 vocatia
381 4842 411 4892 R.
441 4870 471 4880 -
507 4847 549 4892 Ἡ..
568 4843 691 4907 offertum
711 4859 743 4893 ac
757 4841 937 4906 prostratam]
956 4844 1123 4905 damaratum
1140 4847 1165 4891 al
1183 4843 1312 4909 afflictam
1336 4843 1368 4894 T.
1396 4865 1426 4878 -
1462 4843 1507 4894 25.
1526 4857 1581 4892 aaa

245 4907 301 4971 .at,¹
321 4914 351 4958 at
368 4925 423 4960 aaa
439 4914 463 4963 1.
482 4937 515 4950 -
550 4915 593 4964 aa.
613 4913 694 4964 addet
713 4915 741 4962 1:
760 4915 845 4964 addat
861 4914 915 4964 ltu.
937 4937 967 4950 -
998 4914 1042 4964 at.
1062 4919 1110 4962 oet
1126 4917 1156 4962 at
1173 4914 1311 4975 ingratam
1329 4913 1468 4964 craaetttar
1486 4921 1532 4963 aut
1550 4918 1581 4961 at

261 4980 435 5032 immeraomn
453 4985 474 5032 ll
492 4989 518 5033 et
536 4984 606 5034 alter
623 4985 743 5034 Turnebi
761 4985 839 5034 liber.
867 5008 899 5020 ·-
934 4984 978 5034 32.
1003 4982 1178 5048 benepatiens·
1195 4983 1386 5034 sceleratelll:
1411 4983 1524 5048 beneficii
1542 4985 1581 5032 tta·

261 5051 384 5171 qcetqrata
402 5054 439 5114 T,
459 5053 573 5120 beneficit
589 5055 711 5106 sceterata
737 5055 767 5105 E.
794 5079 826 5092 -
864 5055 907 5104 34.
936 5054 1064 5106 adeatur
1081 5065 1147 5116 qaoa
1173 5053 1196 5104 l.
1220 5079 1252 5089 -
1291 5054 1334 5106 35.
1361 5067 1394 5104 en
1411 5053 1496 5104 medio
1519 5053 1581 5103 Cra-

273 5135 307 5171 au
329 5135 367 5172 er.
