3662 5892
680 442 740 504 ΕΡ.
761 439 1048 514 aps'ocravlult.
1459 438 1521 502 783

209 597 313 665 dieitia
334 596 485 664 dedisset:
515 605 639 662 veteres
660 595 843 662 vulneribus
864 605 896 661 et
916 604 1015 662 aetate
1036 594 1194 662 conlectos
1214 595 1350 662 Iulianos
1375 594 1523 681 gladiato-

209 712 277 767 res,
306 699 431 776 egentes
452 690 601 776 reliquias
624 690 764 756 Caesaris
789 689 870 764 ludi,
898 689 938 755 ad
957 688 1068 756 rudem
1090 689 1310 776 compulisset?
1337 691 1450 778 quibus
1470 691 1523 757 ille

209 793 333 871 saeptus
361 784 466 851 omnia
486 785 647 859 misceret,
677 783 754 848 nulli
781 790 941 869 parceret,
970 782 1031 848 sibi
1056 784 1191 861 viveret;
1225 785 1278 869 qui
1305 793 1463 872 tamquam
1490 789 1523 850 in

108 887 111 894 '
210 877 305 944 dotali
326 879 524 944 matrimonio
553 898 621 943 rem
641 875 798 963 publicam
819 885 1002 944 testamento
1023 879 1155 964 legatam
1182 877 1243 943 sibi
1264 877 1429 949 obtineret.
1473 883 1522 944 10.

208 972 343 1039 Audierat
364 973 427 1038 duo
448 975 535 1036 Decii
557 973 677 1036 servire
699 992 753 1038 ecs
775 976 874 1046 cives,
896 971 952 1058 qui
972 979 1008 1036 ut
1028 970 1170 1037 hostibus
1190 972 1396 1058 imperarent,
1425 973 1523 1038 victo-
1548 1001 1561 1042 a

209 1067 276 1131 riae
300 1087 334 1132 se
356 1066 558 1134 devoverunt.
598 1063 711 1130 Audiet
733 1068 765 1133 C.
779 1065 895 1131 Marius
915 1064 1073 1150 impudico
1095 1065 1222 1132 domino
1244 1085 1354 1151 parere
1375 1087 1447 1140 nos,
1470 1065 1524 1152 qui

209 1181 249 1224 nc
271 1159 400 1225 militem
421 1160 547 1247 quidem
568 1158 684 1225 babere
705 1160 804 1226 voluit
825 1159 886 1224 uisi
906 1158 1064 1245 pudicum.
1105 1160 1219 1225 Audiet
1238 1165 1352 1226 Brutus
1374 1182 1445 1226 eum
1466 1180 1523 1246 po-

209 1252 334 1338 pulum,
365 1275 458 1340 quem
486 1255 553 1340 ipse
574 1253 691 1339 prima,
719 1262 790 1339 post
811 1253 977 1339 progenies
1002 1253 1068 1318 eius
1090 1274 1108 1317 a
1128 1253 1255 1338 regilius
1276 1253 1435 1330 liberavit,
1463 1273 1523 1339 pro

210 1347 295 1432 turpi
316 1355 424 1434 stupro
446 1348 552 1413 datum
573 1347 605 1410 iu
620 1347 813 1413 servitutem.
851 1350 939 1426 Quae
954 1346 1081 1434 quidem
1102 1347 1129 1412 si
1144 1347 1230 1412 nullo
1251 1346 1328 1422 aliu,
1350 1368 1400 1411 me
1419 1355 1522 1412 tamen

210 1439 400 1507 internuntio
422 1441 462 1507 ad
481 1442 551 1507 illos
573 1441 718 1505 celeriter
739 1439 928 1506 deserentur.
970 1445 1047 1504 Nam
1068 1439 1095 1505 si
1115 1440 1205 1506 vivus
1224 1440 1284 1506 ista
1304 1438 1522 1526 subterfugere
1533 1465 1560 1508 ιο

211 1554 274 1598 uon
294 1543 423 1619 potera,
445 1556 507 1599 una
528 1556 600 1600 cum
621 1535 688 1600 istis
710 1533 803 1602 vitam
825 1534 917 1599 simul
937 1532 1048 1620 lugere
1069 1533 1205 1600 decrevi.

281 1752 308 1803 ³.
326 1753 408 1804 nattis
424 1755 455 1806 R.
483 1781 511 1793 -
548 1755 576 1806 4.
595 1757 636 1806 ra·
649 1755 770 1818 publicae
788 1759 808 1805 t.
827 1755 943 1822 legatum
960 1753 992 1806 B.
1020 1777 1048 1789 -
1086 1754 1129 1805 1⁰.
1148 1753 1264 1805 celerttar
1282 1753 1318 1804 ud
1335 1752 1395 1803 illus
1412 1753 1443 1802 u.
