3680 5944
397 422 460 491 524
889 427 949 489 ΕΡ.
970 427 1023 489 ΔΙ)
1046 426 1218 492 A'lTICUbl

398 584 588 674 concupivit.
631 584 712 650 Huic
732 582 846 650 tradita
867 580 945 652 urbs
967 593 1031 659 cst,
1053 582 1136 650 nuda
1157 583 1333 670 praesidio,
1355 583 1471 652 reseris
1489 587 1603 673 copiis.
1638 587 1710 666 Quid

398 690 459 756 est,
488 679 574 766 quod
586 677 625 744 ab
639 699 679 745 eo
695 698 758 744 non
770 687 905 752 metuas,
928 679 983 766 qui
994 678 1047 744 illa
1061 677 1174 764 templa
1190 687 1222 744 et
1235 687 1314 746 tecte
1329 699 1391 746 non
1408 680 1540 766 patriam
1555 680 1615 748 sed
1632 703 1710 768 pree·

397 775 468 841 dam
481 780 592 862 putet?
617 771 701 850 Quid
713 782 817 838 antem
833 772 873 840 sit
882 780 1009 839 acturus
1022 781 1076 840 aut
1088 792 1152 859 qno
1167 772 1271 849 modo,
1293 773 1410 842 nescio.
1432 775 1498 840 sine
1508 785 1635 849 senatu,
1654 778 1710 842 siue

292 904 295 911 ·
395 869 588 954 magistratu.
635 872 680 932 lie
698 866 846 932 simulare
859 865 986 953 quidem
999 866 1299 953 poteritqnidqnam
1315 871 1496 946 πολιτικῶς.
1538 874 1605 936 Nos
1618 881 1708 936 nutem

372 963 451 1031 “ubi
472 983 644 1048 exsurgere
668 961 842 1047 poterimus
868 969 922 1027 ant
948 960 1095 1047 mando?
1144 962 1287 1038 Quorum
1309 959 1375 1026 dux
1401 983 1494 1050 quam
1515 966 1710 1052 ἀστρατήγη-

395 1084 463 1135 τος,
486 1068 520 1123 ιιι
540 1077 667 1144 quoque
688 1053 927 1134 animadvertis;
959 1052 1011 1120 cui
1024 1074 1063 1119 ne
1084 1052 1227 1136 iPicena
1243 1053 1368 1141 quidem
1383 1067 1456 1122 nota
1473 1056 1606 1136 luerint;
1628 1079 1708 1144 man

394 1162 500 1218 autem
522 1151 589 1218 sine
609 1148 757 1224 consilio,
793 1169 846 1214 res
866 1147 962 1215 testis.
1022 1151 1060 1214 Ut
1087 1147 1170 1212 enim
1191 1147 1251 1212 alia
1272 1149 1414 1216 omittam
1433 1150 1542 1216 decem
1565 1172 1708 1216 annorum

395 1255 538 1332 peccata,
575 1265 654 1330 quae
679 1241 822 1309 condicio
848 1262 912 1308 non
940 1241 1015 1308 hnic
1051 1239 1144 1326 fugae
1172 1242 1343 1328 praestitit?
1386 1247 1416 1310 2.
1442 1249 1506 1310 Nec
1531 1265 1612 1312 vero
1639 1268 1709 1310 nuuc

396 1338 473 1424 quid
496 1338 612 1424 cogitet
632 1337 712 1414 scio;
743 1356 863 1402 acuon
885 1334 995 1402 desino
1015 1355 1074 1422 per
1095 1334 1214 1430 litiges
1235 1335 1395 1407 sciscitari.
1440 1338 1523 1404 Nihil
1545 1360 1617 1406 esse
1637 1341 1706 1404 timi·
1764 1382 1765 1416 ι

360 1432 619 1506 sedissemus,
652 1430 727 1496 nibil
749 1429 972 1516 perturbatius.
1030 1435 1138 1516 lisque
1166 1449 1224 1496 nec
1244 1431 1450 1516 praesidium,
1478 1433 1569 1500 cuius
1590 1433 1707 1522 parandi
1764 1491 1765 1514 p

394 1547 487 1592 causa
507 1526 547 1592 ad
567 1524 677 1592 urbem
699 1535 838 1592 retentus
860 1535 921 1600 est,
942 1544 1001 1590 nec
1020 1523 1125 1590 locum
1156 1543 1193 1588 ac
1213 1524 1320 1590 sedem
1341 1524 1489 1611 praesidii
1504 1527 1602 1609 ullam
1616 1526 1706 1592 video.

395 1624 474 1706 Spes
495 1621 597 1686 omnis
617 1620 650 1684 in
671 1617 793 1686 duabus
813 1618 963 1686 insidiose
983 1618 1129 1694 retentis,
1168 1639 1268 1705 paene
1289 1619 1399 1685 alienis
1419 1605 1609 1705 legionibus.
1642 1625 1705 1684 Nan

395 1713 533 1780 delectus
554 1713 656 1780 adbuc
676 1712 804 1799 quidem
825 1712 997 1780 invitorum
1018 1722 1066 1780 est
1085 1723 1148 1780 eta
1165 1712 1331 1799 pugnando
1357 1712 1607 1780 abhorrentium.
1639 1717 1706 1780 Con

395 1807 553 1874 dicionum
582 1818 686 1874 autem
715 1807 864 1874 emissum
892 1817 1016 1894 tempus
1042 1814 1099 1874 est
1152 1805 1236 1884 Quid
1260 1805 1401 1874 futurum
1431 1807 1487 1882 sit,
1519 1829 1587 1874 non
1615 1806 1705 1872 video.

358 1902 601 1969 recommissum
629 1901 757 1990 quidem
782 1921 801 1967 a
827 1900 918 1968 nobis
946 1910 1032 1967 certe
1059 1908 1106 1966 est
1127 1900 1194 1966 sive
1222 1909 1371 1967 anostro
1392 1899 1488 1976 duce,
1519 1910 1596 1967 ute
1624 1911 1705 1988 portu
1765 1906 1766 1912 ’

393 1995 460 2062 sine
481 1995 700 2083 gubernaculis
721 2000 840 2082 egressi
861 1996 1035 2083 tempestati
1059 2017 1118 2062 nos
1139 1995 1344 2063 traderemus.
1387 2001 1417 2062 3.
1439 2001 1547 2084 ltaque
1570 1994 1610 2060 de
1632 1995 1706 2060 Cice·

392 2089 523 2156 renibus
544 2091 660 2158 nostris
681 2090 790 2157 dubito
812 2090 888 2175 qnid
910 2111 1015 2176 agem;
1038 2111 1108 2156 nam
1130 2088 1207 2155 mibi
1228 2088 1386 2154 interdum
1406 2087 1594 2154 amandandi
1612 2087 1705 2153 viden

392 2192 445 2248 tur
466 2183 498 2249 in
521 2186 692 2252 Graeciam.
744 2189 792 2249 lle
818 2184 918 2250 Tullia
939 2195 1043 2250 autem
1066 2192 1097 2248 et
1118 2183 1280 2258 Terentia,
1309 2203 1381 2249 cum
1408 2182 1485 2249 milri
1506 2183 1703 2250 barbarorum

392 2276 543 2344 adventus
564 2278 769 2365 proponitur,
791 2278 897 2344 omnia
917 2278 1029 2357 timeo;
1051 2299 1123 2344 cum
1144 2289 1249 2344 autem
1270 2277 1450 2344 Dolabellae
1472 2278 1557 2344 venit
1578 2278 1612 2344 in
1631 2299 1703 2342 men·

354 2381 473 2446 antem,
502 2371 640 2456 paullum
669 2371 803 2458 respiro.
855 2371 918 2437 Sed
945 2371 1039 2437 velim
1067 2372 1263 2447 consideres,
1298 2372 1374 2460 quid
1402 2371 1581 2439 laciendum
1609 2381 1702 2458 putes:

393 2463 530 2549 primum
560 2465 641 2549 πρὸς
667 2467 705 2532 sd
732 2469 883 2546 ἀσφαλές
913 2501 951 2515 -
981 2465 1071 2532 aliter
1098 2467 1182 2532 euim
1211 2465 1348 2532 mibide
1370 2466 1431 2532 illis
1453 2466 1550 2534 aede
1575 2465 1702 2551 meipso
1765 2429 1767 2552 l

392 2556 617 2625 consulendum
639 2569 686 2624 est
706 2581 762 2637 -;
785 2559 901 2624 deinde
922 2559 962 2626 ad
983 2560 1169 2646 opiniones,
1191 2581 1231 2626 ne
1252 2560 1534 2647 reprehendamur,
1557 2559 1644 2647 qnod
1660 2578 1703 2622 ees

393 2655 510 2716 Romae
538 2652 671 2718 velimus
699 2674 768 2720 esse
794 2653 828 2720 in
855 2653 1013 2719 communi
1042 2651 1199 2720 bonorum
1227 2653 1310 2740 luga.
1369 2656 1454 2733 Quin
1481 2654 1577 2722 etiem
1606 2653 1703 2721 tibist

393 2743 556 2811 Peducaeo
578 2779 619 2794 ·-·
640 2746 765 2834 scripsit
785 2747 868 2812 enim
890 2746 929 2812 ad
950 2768 1003 2813 me
1024 2785 1082 2822 -‚
1111 2749 1188 2835 quid
1219 2748 1353 2823 faciatis,
1385 2747 1552 2814 videndum
1577 2759 1634 2814 est
1678 2750 1703 2824 Ls

354 2837 475 2902 sienim
498 2839 647 2924 splendor
667 2851 715 2908 est
736 2845 892 2916 vestrum,
914 2851 949 2908 nt
970 2840 1078 2908 eadem
1100 2843 1297 2929 postulentur
1317 2863 1337 2906 a
1357 2841 1464 2917 vobis,
1486 2865 1568 2930 quae
1591 2842 1630 2908 ab
1649 2862 1702 2906 am

392 2931 540 3019 piissimis
561 2934 692 3002 civibus.
735 2935 797 3002 Sed
819 2935 859 3001 de
887 2936 948 3002 boc
976 2945 1010 3002 tu
1038 2935 1174 3012 ridebis,
1204 2935 1320 3024 quippe
1348 2957 1420 3002 cum
1449 2936 1488 3004 de
1516 2957 1567 3002 me
1591 2943 1655 3023 ipso
1673 2953 1702 2998 ac

391 3027 432 3092 de
460 3033 538 3096 meis
568 3039 598 3096 te
628 3029 828 3096 considerare
855 3031 960 3096 velim.
1008 3033 1039 3096 4.
1067 3031 1233 3118 Reliquum
1261 3038 1327 3104 est.
1354 3041 1404 3106 ut,
1434 3031 1562 3117 etquid
1586 3040 1699 3116 agatur.

392 3121 496 3208 quoad
517 3122 652 3210 poteris,
674 3122 822 3210 explores
841 3123 1022 3211 scribasque
1043 3124 1082 3189 nd
1104 3145 1172 3198 me,
1195 3133 1226 3189 et
1248 3123 1324 3211 quid
1345 3123 1414 3210 ipse
1435 3125 1616 3191 coniectura
1631 3143 1700 3188 asse·

393 3236 507 3302 qnare;
535 3217 621 3305 quod
643 3218 736 3284 etiam
758 3239 776 3284 c
798 3228 828 3284 te
850 3219 948 3304 magis
970 3228 1129 3306 exspecto.
1172 3223 1264 3294 Nam,
1293 3227 1360 3285 actu
1381 3217 1526 3285 omnibns
1547 3214 1700 3286 nuntianti·

355 3306 467 3384 ³⁰bus‚
490 3331 508 3375 a
530 3319 560 3376 te
582 3321 731 3399 exspecto
752 3311 868 3378 lutura.
915 3313 1049 3390 Μάντις
1071 3316 1099 3378 δ’
1122 3311 1323 3400 ἆριστος-.
1344 3312 1537 3400 Loquacitati
1559 3313 1698 3399 ignosce.

393 3424 474 3490 quae
496 3413 527 3470 et
548 3425 599 3470 me
620 3405 703 3472 levat
723 3405 763 3474 ad
785 3416 815 3473 te
836 3404 964 3493 quidem
986 3406 1173 3473 scribentem
1196 3417 1227 3472 et
1248 3406 1331 3472 elicit
1353 3416 1420 3472 tuas
1441 3407 1571 3472 litteras.

752 3567 841 3632 x111.
863 3565 894 3632 ι..
938 3564 1100 3651 [cronno
1129 3568 1273 3632 arrico
1303 3568 1354 3644 s]

477 3689 507 3752 5.
529 3686 678 3771 Aenigma
701 3687 876 3774 Oppiorum
899 3707 940 3752 ex
962 3687 1050 3754 Velia
1071 3687 1163 3775 plane
1184 3707 1248 3753 non
1276 3685 1426 3753 intellexi.
1474 3691 1529 3753 Est
1550 3687 1632 3752 enim
1651 3704 1698 3748 nn·

393 3799 484 3845 mero
506 3780 642 3846 Platonis
670 3779 846 3848 obscurius.
897 3786 961 3847 lam
984 3781 1123 3846 intellexi
1145 3783 1273 3864 †tuum.
1317 3781 1436 3868 Oppios
1457 3781 1541 3846 enim
1564 3780 1604 3846 de
1623 3777 1698 3847 Velia

355 3869 543 3940 ³³succones
566 3873 653 3941 dicis.
695 3880 730 3941 ln
752 3895 791 3941 eo
813 3875 953 3940 aestuavi
975 3874 1045 3955 diu;
1067 3896 1131 3961 quo
1153 3885 1277 3962 operto,
1299 3876 1421 3962 reliqua
1437 3874 1583 3962 patebant
1597 3883 1697 3940 etcum

459 4095 485 4145 l.
516 4097 614 4157 cupivit
642 4095 760 4146 «vetusti
785 4096 926 4146 Codices.»
951 4096 1026 4146 Prus.
1052 4119 1080 4131 -
1118 4095 1144 4146 3.
1170 4097 1225 4145 sine
1248 4091 1349 4158 senatu]
1374 4108 1407 4144 ne
1430 4101 1535 4145 sentus
1560 4109 1601 4159 pr.
1619 4093 1652 4144 ld·
1668 4113 1695 4125 -

388 4165 415 4216 l·
433 4163 568 4230 ιιπιιιιιινι]
587 4169 718 4217 somniuae
746 4167 867 4217 «vetusti
886 4166 1026 4218 Codices.»
1053 4165 1126 4217 Prus·
1148 4191 1177 4202 —
1216 4165 1242 4216 d.
1262 4167 1305 4215 cui
1320 4179 1353 4216 ne
1370 4161 1476 4227 Piceno]
1493 4179 1543 4228 uno
1561 4167 1591 4215 iss
1607 4167 1697 4228 spireio

389 4250 430 4299 pr.
449 4236 498 4298 Μ,
520 4236 537 4286 i.
557 4250 582 4287 e.
603 4239 665 4301 quoi
681 4251 713 4286 ne
731 4239 835 4288 Piceno
865 4237 934 4287 nites
953 4240 980 4286 in
999 4237 1100 4287 Piceno
1118 4241 1239 4298 gestae.»
1257 4236 1330 4286 Pius.
1368 4235 1439 4287 Pori.
1458 4248 1491 4284 nc
1508 4233 1544 4285 roi
1563 4230 1693 4286 ἐπίκοινα-

388 4307 439 4357 Os.
462 4332 489 4343 -
527 4307 553 4355 7.
573 4321 614 4357 res
633 4304 714 4370 testis]
733 4320 773 4358 res
790 4307 925 4368 sterilli,
944 4309 1045 4358 resixet
1062 4307 1085 4356 1.
1124 4305 1294 4368 (Correctum
1312 4319 1343 4356 ex
1364 4303 1451 4364 XYZ.)
1472 4329 1501 4340 -
1537 4305 1564 4356 P.
1584 4314 1694 4356 sessum

387 4377 445 4427 let
463 4391 504 4441 pr.
524 4376 561 4427 Μ.
582 4398 615 4412 -
635 4374 761 4440 timidius]
781 4379 883 4428 tordius
901 4379 933 4428 R.
955 4405 987 4415 -
1023 4379 1066 4428 it.
1086 4384 1215 4428 retentum
1232 4377 1255 4424 l.
1276 4399 1303 4413 -
1341 4376 1382 4426 ιι.
1402 4375 1525 4425 insidiose
1543 4389 1604 4426 cnm
1622 4371 1693 4424 Coit.

388 4447 428 4497 Pii
447 4448 509 4497 Asc.
530 4447 625 4498 tertia:
654 4449 780 4498 invidiose
798 4449 877 4505 Mill.
905 4449 1037 4498 inuidioso
1055 4449 1086 4498 R.
1115 4469 1146 4482 -
1182 4447 1278 4511 tegibus
1297 4460 1337 4510 pr.
1356 4445 1394 4496 Μ.
1420 4471 1452 4482 -
1488 4444 1532 4494 13.
1552 4445 1645 4496 dilectis
1661 4453 1692 4504 pr·

386 4518 432 4578 Μ,
452 4519 560 4568 dilectus
578 4531 648 4567 corr.
669 4518 706 4568 Μ.
728 4543 756 4554 -
785 4519 933 4568 invidorum
952 4533 992 4582 pr.
1013 4517 1051 4568 Μ.
1071 4543 1103 4554 -
1127 4518 1170 4569 at.
1189 4514 1234 4579 sit]
1254 4525 1290 4566 est
1310 4517 1332 4565 n
1351 4522 1377 4565 et
1395 4529 1436 4579 pr.
1454 4514 1493 4564 Μ.
1514 4539 1545 4551 -
1565 4516 1607 4566 l'l.
1626 4525 1694 4564 naen

386 4589 470 4637 dandi
487 4587 523 4637 ιιι
542 4592 569 4638 et
587 4601 627 4650 pr.
647 4589 684 4639 bl·
707 4613 735 4624 -
775 4588 817 4638 lii.
838 4587 963 4640 aduentus
982 4590 1017 4638 ud
1035 4589 1123 4639 urbem
1140 4589 1301 4650 proponitur
1319 4587 1331 4636 l
1350 4592 1375 4636 et
1394 4600 1448 4649 mg·
1468 4586 1505 4636 Μ.
1528 4608 1555 4619 -
1582 4586 1625 4635 21.
1641 4575 1692 4640 iliis]

386 4659 452 4720 ipsis
469 4661 489 4704 1.
522 4681 553 4693 -
590 4659 633 4706 22.
661 4659 697 4708 od
723 4655 866 4720 opiniones]
897 4660 932 4708 od
952 4659 1078 4724 (spatium
1098 4660 1223 4714 vacnum)
1243 4659 1376 4720 opiniones
1403 4657 1432 4714 l.
1460 4653 1534 4725 πρὸς
1552 4649 1693 4720 rigidius

388 4727 533 4778 Corradus.
552 4727 655 4778 Placet.
674 4729 725 4777 Os.
747 4752 775 4764 -
814 4728 858 4777 Pl.
878 4730 1009 4781 Peducaeo
1028 4728 1239 4793 inscriptiones:
1260 4728 1373 4777 Peduceo
1389 4725 1469 4780 bllE.
1489 4727 1611 4777 Peduceio
1627 4725 1690 4773 it.-

386 4800 492 4860 seripsti
510 4798 555 4854 Μ.
582 4799 709 4861 scripsisti
738 4797 784 4847 ill.
822 4796 954 4861 (Correxit
972 4799 1128 4861 Victorius.)
1149 4824 1179 4836 —
1216 4797 1261 4847 Pii.
1280 4799 1311 4848 de
1328 4800 1385 4860 ipso
1402 4811 1434 4846 oc
1451 4791 1691 4847 demsistceonsi·

387 4868 573 4918 derorellltl.
611 4869 780 4930 (Correotuus
799 4881 831 4917 ex
849 4869 890 4923 Ζ.)
909 4895 939 4905 -
977 4872 1020 4921 ιιι.
1041 4871 1196 4921 otestiom
1213 4869 1246 4918 ll.
1268 4894 1296 4905 -
1336 4875 1428 4930 expeto
1447 4881 1487 4931 pr.
1507 4866 1544 4917 Μ.
1563 4859 1691 4928 ffatim

386 4937 418 4986 u.
451 4960 482 4974 -
518 4939 562 4989 ut.
594 4937 677 5002 tunm]
706 4944 779 4989 tuum
810 4941 930 5002 uessipmo
960 4941 1013 5000 iil,
1040 4947 1127 4990 tomen
1154 4938 1321 4989 Scbuetelus.
1366 4939 1438 4988 Fort.
1464 4943 1557 4987 totum.
1590 4937 1637 4988 Or.
1665 4954 1689 4968 -

386 5006 429 5056 ³5.
450 5019 562 5057 sueones
583 5007 643 5066 xz,
662 5023 781 5060 saccones
799 5008 859 5068 ΜΙ,
880 5009 1008 5060 Santones
1026 5011 1059 5060 ll.
1097 5011 1266 5070 (Correetnrn
1288 5023 1318 5058 es
1339 5003 1383 5069 Y.)
1404 5032 1435 5044 -
1471 5007 1539 5057 dices
1556 5006 1593 5058 Μ.
1614 5013 1690 5050 -ᾱι-

385 5079 473 5126 stocos·
489 5073 545 5140 diu]
564 5090 590 5129 es
608 5086 637 5130 ιιι
654 5089 701 5130 cist
719 5081 765 5131 diu
783 5079 829 5136 Μ,
857 5087 931 5130 cestu
948 5089 995 5133 out
1013 5081 1059 5130 din
1078 5081 1107 5142 l,
1132 5085 1205 5132 aestu
1222 5085 1268 5130 cut
1289 5080 1331 5130 die
1349 5079 1379 5127 ii.
1401 5075 1591 5139 (Emendatum
1609 5091 1637 5127 er
1655 5069 1690 5122 l.)
