3680 5944
703 438 777 501 LIB.
799 437 880 502 vlll.
921 439 980 500 ΕΡ.
1002 438 1035 502 9.
1456 439 1517 502 543

196 601 322 678 Quanto
357 603 461 662 nutem
483 593 620 664 ferocius
648 595 702 663 ille
723 615 833 663 causae
859 615 933 662 suae
961 593 1111 670 conlidet,
1133 613 1205 662 cum
1226 615 1297 672 vos,
1330 617 1401 664 cum
1421 596 1548 676 vestri„

196 692 314 758 similes
335 711 399 755 non
421 688 516 756 modo
538 689 718 776 frequentes
739 690 795 756 sed
815 691 897 757 laeto
919 689 1008 756 vultu
1037 689 1226 774 gratulantes
1247 690 1381 756 videritl
1411 695 1517 767 „Num

195 785 293 870 igitur
321 788 533 870 peccamusl”
575 784 702 852 Minime
730 806 787 850 vos
815 783 952 871 quidem.
994 784 1056 848 Sed
1084 792 1187 850 tamen
1216 773 1303 870 signa
1330 784 1519 851 conturban-

196 887 265 955 tur,
287 877 401 964 quibus
422 877 565 943 voluntas
588 899 606 942 a
627 877 825 945 simulatione
847 877 996 964 distingui
1019 886 1135 964 posset.
1179 881 1269 956 Quae
1289 898 1370 944 vero
1391 887 1516 944 senatus

197 971 338 1038 consulta
359 969 475 1037 vident
504 970 566 1038 Sed
587 972 745 1057 apertius,
774 993 868 1059 quam
889 992 1127 1059 proposueram.
1170 977 1201 1038 3.
1224 976 1292 1058 Ego
1312 972 1422 1058 Arpini
1442 971 1541 1037 volos

197 1087 265 1132 esse
291 1065 393 1151 pridie
413 1065 497 1140 Kal,
536 1063 649 1131 deinde
675 1065 939 1132 circurn.villulns
960 1076 1083 1131 nostras
1112 1088 1239 1141 errare,
1277 1087 1354 1152 quas
1375 1068 1518 1132 visurum

197 1182 248 1226 me
269 1168 378 1246 postea
399 1158 574 1244 desperavi.
616 1163 746 1245 Εὐγενῆ
767 1169 818 1227 tua
840 1160 969 1226 consilia
991 1168 1146 1226 ettamen
1168 1183 1228 1248 pro
1243 1159 1438 1247 temporibus
1454 1179 1518 1224 non

198 1253 320 1320 incanta
340 1253 417 1318 mibi
446 1252 536 1318 valde
564 1252 748 1340 probantur.
801 1253 921 1341 Lepido
942 1253 1069 1341 quidem
1092 1291 1133 1335 ·.·
1163 1277 1233 1322 nam
1255 1255 1322 1320 lere
1345 1260 1515 1337 συνδιημε-

197 1347 354 1432 ρεύομεν,
383 1348 468 1433 quod
490 1347 704 1433 gratissimum
725 1348 770 1412 illi
793 1358 839 1414 est
861 1379 901 1392 -
923 1361 1081 1434 nunquam
1103 1349 1218 1434 placuit
1239 1371 1279 1414 ex
1301 1348 1387 1414 ltalia
1412 1351 1518 1420 exire,

198 1442 289 1508 Tullo
309 1440 409 1507 multu
430 1441 543 1507 minus.
586 1439 706 1508 Crebro
728 1441 812 1506 enim
834 1441 917 1508 illius
938 1441 1062 1508 litterae
1088 1442 1127 1508 ab
1149 1443 1219 1508 aliis
1240 1443 1280 1508 ad
1300 1463 1358 1508 nos
1379 1457 1556 1508 comme-ro

179 1543 260 1606 ant.
303 1533 365 1599 Sed
393 1556 443 1599 me
472 1535 599 1602 illorum
628 1535 797 1601 sententiae
828 1536 931 1602 miuus
959 1536 1141 1614 movebant3
1179 1537 1283 1603 miuus
1305 1537 1400 1604 multa
1423 1534 1518 1600 dede-

84 1645 91 1652 *
197 1636 269 1694 rant
294 1627 341 1693 illi
369 1628 417 1692 rei
449 1627 592 1714 publicae
618 1631 765 1715 pignora:
798 1639 850 1696 tua
877 1651 928 1696 me
957 1630 1084 1696 hercule
1112 1631 1279 1697 auctoritas
1315 1630 1519 1696 vehementer

198 1732 321 1801 movet;
343 1721 435 1787 allent
456 1723 540 1788 enim
562 1731 593 1788 et
606 1723 721 1810 reliqui
744 1723 894 1809 temporis
915 1725 1122 1811 recuperandi
1143 1725 1297 1791 rationem
1321 1733 1354 1806 et
1371 1743 1518 1811 praesen·

198 1816 238 1880 tis
260 1814 377 1880 tuendi.
421 1815 503 1892 Sed,
533 1815 666 1883 obsecro
688 1827 734 1891 te,
770 1817 847 1904 qutd
872 1817 932 1885 boc
954 1819 1099 1884 miserius
1121 1842 1214 1907 quam
1236 1819 1368 1885 alterum
1388 1817 1516 1905 plausus

198 1907 428 1974 infoedissima
454 1930 547 1976 causa
573 1933 743 1998 quaerere,
773 1913 905 1977 alterum
936 1911 1125 1979 offensiones
1152 1915 1185 1979 in
1213 1915 1350 1998 optima?
1384 1911 1516 1977 alterum
1528 1925 1556 1969 1⁵

198 2001 372 2068 existimari
399 2015 652 2072 conservatorem
684 2005 899 2082 inimicorum,
940 2007 1071 2073 alterum
1101 2007 1294 2075 desertorem
1322 2005 1517 2071 amicorum?

198 2099 238 2162 Et
259 2095 437 2163 mehercule
466 2099 608 2185 quamvis
629 2121 770 2166 amemus
793 2103 928 2167 Gnaeum
951 2110 1109 2178 nostrum,
1139 2111 1174 2168 ut
1204 2112 1234 2166 et
1259 2101 1390 2166 iacimus
1411 2109 1442 2165 ot
1463 2098 1519 2164 do·
1632 2106 1634 2118 '

198 2187 326 2266 bemus,
359 2200 462 2258 tamen
489 2194 563 2269 boc,
593 2193 678 2282 quod
701 2193 813 2260 talibus
835 2194 912 2260 viris
933 2215 997 2261 non
1018 2194 1182 2270 subvenit,
1211 2196 1338 2260 laudare
1359 2215 1422 2261 non
1442 2212 1517 2279 pus-

198 2305 279 2350 sum.
326 2289 404 2352 Nam
426 2289 491 2352 sive
514 2287 633 2363 timuit,
656 2289 732 2375 quid
753 2288 915 2374 ignavius?
954 2289 1036 2365 sive,
1058 2299 1093 2355 nt
1114 2289 1239 2376 quidam
1261 2299 1385 2376 putant,
1409 2286 1519 2351 melio-

197 2398 266 2442 rem
287 2398 375 2444 suam
396 2401 520 2446 causam
541 2382 667 2449 illorum
690 2383 786 2449 caede
807 2381 877 2448 lore
898 2382 1034 2470 putavit,
1057 2383 1133 2470 quid
1154 2383 1324 2450 iniustius?
1357 2382 1419 2448 Sed
1440 2381 1558 2451 baecm

196 2476 401 2556 omittamus3
444 2496 596 2562 augemus
625 2476 707 2543 euim
735 2477 879 2544 dolorem
907 2477 1115 2545 retrectando.
1158 2482 1189 2544 1.
1224 2497 1271 2544 vr.
1293 2476 1377 2543 1111.Ι
1394 2473 1518 2562 vesperi

197 2568 311 2634 Balbus
339 2574 444 2636 minor
470 2571 509 2635 ad
537 2593 588 2638 me
619 2572 720 2648 venit,
757 2573 877 2640 occulta
899 2577 949 2638 via
970 2592 1136 2639 accurrens
1157 2571 1196 2639 ad
1218 2571 1382 2636 Lentulum
1406 2589 1520 2654 congu-
1634 2601 1638 2615 ·

196 2663 275 2737 lem,
298 2663 396 2730 missu
418 2665 578 2742 Caesaris,
601 2687 670 2732 oum
694 2667 820 2738 litteris,
844 2687 914 2732 cum
938 2667 1106 2743 mandatis,
1129 2689 1200 2732 cnm
1215 2665 1426 2753 promissione
1443 2683 1520 2748 pro-

196 2758 335 2834 vinciae,
357 2764 488 2825 Romam
509 2769 544 2826 ut
564 2759 689 2838 redeat;
712 2766 761 2825 cui
783 2759 967 2845 persuaderi
990 2781 1084 2846 posse
1106 2781 1169 2827 uon
1190 2759 1343 2838 arbitror,
1377 2757 1437 2824 uisi
1459 2756 1520 2822 erit

197 2863 380 2920 conventus.
423 2854 510 2920 ldem
531 2853 635 2920 aiebat
655 2854 732 2920 nibil
753 2852 845 2918 malle
869 2856 1050 2931 Caesarem,
1073 2874 1167 2940 quam
1188 2863 1223 2918 ut
1237 2852 1419 2939 Pompeium
1434 2871 1556 2920 asse-as

197 2954 350 3034 queretur
373 2946 467 3013 —id
488 2949 585 3015 credo
607 2985 647 2996 —
669 2957 700 3013 et
721 2946 839 3012 rediret
860 2948 893 3012 in
914 2947 1060 3032 gratiam
1085 2946 1119 3013 id
1139 2968 1203 3013 non
1217 2945 1329 3021 credo,
1352 2953 1383 3010 et
1399 2953 1516 3017 metuo,

198 3063 238 3106 ne
261 3040 362 3106 omnis
383 3040 459 3106 baec
485 3042 650 3108 clementia
677 3042 717 3106 ad
739 3042 866 3122 †unam
887 3041 972 3105 illam
993 3038 1209 3106 crudelitatem
1232 3039 1406 3124 colligatur.
1449 3035 1519 3101 Bal-

197 3132 259 3201 bus
288 3132 414 3220 quidem
442 3136 544 3201 maior
571 3135 687 3200 adme
717 3134 826 3200 scribit
859 3134 936 3200 nibil
964 3134 1056 3200 malle
1078 3138 1241 3201 Caesarem
1263 3153 1357 3219 mam
1377 3129 1518 3217 principe

198 3227 350 3314 Pompeio
371 3228 437 3294 sine
458 3240 545 3295 metu
566 3228 683 3294 vivero.
726 3235 774 3296 Tu
795 3238 871 3315 puto
894 3227 971 3292 baec
992 3226 1105 3294 credis.
1149 3228 1228 3302 Sed,
1250 3248 1322 3293 cum
1344 3225 1420 3292 baec
1441 3225 1519 3290 scri·

198 3319 313 3389 bebam
335 3344 367 3390 v.
395 3322 539 3399 Kalend,
569 3323 736 3410 Pompeius
757 3323 820 3388 iam
841 3320 1040 3388 Brundisium
1062 3321 1185 3388 venisse
1206 3329 1339 3408 poterat.
1381 3319 1556 3406 Expedi-so

198 3427 249 3482 tus
281 3417 363 3483 enim
395 3428 603 3484 antecesserat
630 3416 772 3503 legiones
801 3417 943 3482 Luceria.
994 3415 1055 3482 Sed
1076 3417 1137 3482 boo
1159 3429 1252 3496 τέρας
1274 3412 1420 3480 borribili
1440 3413 1518 3500 vigi·

197 3511 310 3587 lautia,
330 3513 507 3589 celeritate,
530 3511 689 3597 diligentia
712 3522 768 3578 est.
809 3511 920 3586 Plane,
944 3509 1021 3597 quid
1042 3509 1182 3577 laturum
1205 3510 1259 3586 sit,
1281 3509 1399 3576 nescio.

267 3732 295 3783 2.
315 3727 394 3794 lueto]
414 3737 470 3782 toto
488 3731 525 3793 Z,
557 3737 628 3782 tosto
647 3744 688 3795 pr.
707 3730 750 3791 Μ,
782 3736 849 3782 tecto
868 3733 973 3787 (rursus
991 3726 1121 3792 deletum)
1142 3743 1213 3780 corr.
1232 3727 1271 3781 Μ.
1307 3728 1353 3788 (tlt
1371 3741 1441 3788 nos,
1461 3727 1520 3778 llll

197 3808 296 3864 etms.
316 3797 367 3863 Μ.)
398 3827 427 3838 -
465 3801 491 3854 3.
508 3803 670 3866 peccavimus
688 3802 720 3852 lt.
755 3827 784 3838 -
821 3813 870 3851 nor
889 3802 920 3851 lt.
952 3828 984 3839 -
1019 3802 1046 3852 5.
1071 3801 1121 3852 Sed
1139 3813 1194 3850 ons.
1214 3800 1246 3848 lt.
1274 3819 1308 3834 -
1343 3799 1415 3864 Ergo
1435 3799 1457 3847 1.
1488 3823 1517 3834 -

196 3873 224 3923 o.
245 3886 297 3922 esse
315 3873 361 3921 Pr.
381 3872 473 3922 deinde
490 3873 531 3933 n,
562 3885 614 3922 esre
628 3878 741 3934 praetor
758 3872 849 3922 conde
867 3870 888 3920 l.
913 3898 947 3907 -
983 3878 1106 3922 errorum
1124 3869 1157 3921 u.
1186 3892 1217 3906 -
1253 3882 1292 3918 me
1309 3870 1426 3919 uisurum
1445 3869 1466 3917 l.
1486 3889 1519 3906 ·-

196 3943 226 3994 9.
245 3944 316 3992 entre
336 3941 421 3991 Tullio
437 3941 520 3992 molto
542 3943 643 4002 mtnus,
673 3942 811 3992 movebunt
827 3943 922 3993 miuus.
972 3942 1066 3993 Crebro
1085 3942 1128 4001 ll,
1151 3942 1222 3992 entre
1238 3939 1292 3990 ulto
1309 3940 1409 3989 modo:
1436 3939 1519 3989 mutto

198 4015 284 4062 minus
300 4011 438 4063 movebunt
454 4013 550 4063 mtrrac.
571 4011 666 4063 Crebro
684 4012 706 4062 l.
745 4011 790 4076 (Ut
807 4026 873 4068 nos,
893 4013 930 4062 Μ.
952 4018 979 4062 et
996 4025 1052 4074 mg.
1072 4007 1236 4074 Cratandri.)
1255 4034 1286 4045 -
1311 4011 1351 4058 11.
1370 4010 1415 4059 sed
1431 4010 1519 4060 metto-

198 4096 258 4132 rum
276 4081 314 4132 Μ.
341 4107 370 4118 -
409 4083 452 4132 12.
471 4083 627 4133 mehercule
645 4081 700 4134 Vb:
726 4096 766 4132 ou
782 4083 921 4133 mehercule
938 4081 996 4142 ltl,
1023 4081 1162 4132 mehercule
1194 4079 1224 4131 ll.
1261 4076 1361 4142 (ilerd
1381 4092 1435 4129 non
1455 4092 1518 4130 con·

200 4147 274 4214 stet.)
296 4177 328 4188 -
365 4152 408 4202 19.
428 4153 530 4216 quidem
549 4166 590 4216 pr.
608 4151 647 4203 Μ.
668 4177 700 4188 -
735 4153 779 4203 21.
799 4153 965 4203 retrectcndo
983 4151 1066 4202 Codd.
1086 4151 1174 4202 Bosii:
1194 4150 1363 4202 retractando
1381 4149 1476 4200 lllltlll.
1488 4174 1517 4186 -

199 4222 244 4271 22.
272 4221 372 4272 occultu
395 4224 441 4272 otu
467 4235 604 4273 accurrens
630 4221 765 4272 Orellius:
794 4223 934 4274 ocmltoos‘t
960 4233 1095 4271 occumem
1112 4220 1198 4281 illiti,
1232 4219 1333 4270 occultu
1349 4220 1394 4269 otu
1414 4231 1519 4268 curreres

200 4304 263 4341 cum
280 4291 402 4342 bisuntio
420 4292 451 4342 Ε.
482 4316 511 4327 -
548 4291 722 4343 23191511.
746 4315 776 4328 -
812 4291 857 4342 21.
877 4287 929 4353 cul]
948 4291 1047 4355 putlll.
1082 4315 1108 4325 -
1146 4290 1190 4340 25.
1209 4285 1358 4352 conuentus]
1378 4288 1448 4338 «Alit
1466 4290 1520 4338 clr-

199 4368 374 4412 sumemus.»
392 4361 466 4412 Pius.
503 4361 554 4413 Sed
574 4361 624 4412 cir.
644 4363 703 4412 Lib.
722 4361 756 4423 3,
776 4362 828 4423 11,
847 4363 874 4413 5.
901 4384 935 4397 -
970 4361 1050 4412 eidem
1068 4359 1155 4410 ulebut
1174 4373 1215 4424 pr.
1235 4360 1272 4410 Μ.
1288 4385 1321 4405 ,-
1359 4359 1439 4409 olebit
1456 4358 1520 4408 moll

199 4445 242 4498 pr.
261 4431 289 4482 Μ
308 4427 397 4494 (mults
412 4445 482 4482 corr.
500 4430 559 4495 Μ),
584 4433 650 4482 us'btl
666 4432 770 4482 multem
789 4432 824 4493 ll,
848 4431 915 4482 stibii
931 4431 1016 4480 mtnus
1033 4430 1111 4480 multe
1130 4430 1151 4480 l.
1171 4454 1205 4466 —
1231 4429 1276 4480 23.
1296 4424 1330 4491 et]
1348 4435 1380 4479 ut
1396 4428 1428 4490 1,
1448 4435 1472 4479 et
1490 4435 1520 4478 ut

200 4501 357 4553 Lambinus.
373 4528 402 4542 -
422 4499 458 4565 et]
476 4503 505 4551 id
526 4517 567 4566 pr.
586 4502 623 4552 Μ.
634 4527 668 4536 -
680 4501 725 4550 27.
744 4502 924 4554 credulitatem
941 4501 992 4551 ΜΙ.
1012 4499 1125 4551 Malim:
1144 4501 1180 4550 od
1197 4499 1335 4551 Sullanam
1346 4499 1420 4548 urm
1432 4499 1520 4548 emor·

199 4571 310 4623 litatem.
348 4571 404 4623 Cir.
432 4586 493 4622 mos
519 4572 568 4636 Ep.
587 4573 631 4633 11,
651 4571 678 4622 2.
711 4570 762 4622 On.
789 4595 822 4606 -
858 4571 903 4621 29.
921 4571 989 4620 mule
1008 4584 1049 4634 pr.
1068 4571 1105 4622 Μ.
1138 4593 1169 4607 -
1202 4571 1349 4634 principem
1369 4582 1411 4633 pr.
1430 4568 1467 4620 Μ.
1486 4593 1519 4606 -

198 4642 242 4694 29.
257 4649 324 4705 pecto
342 4649 367 4693 et
385 4643 542 4694 credtdtsset.
563 4642 626 4693 Cum
642 4641 680 4693 Μ.
701 4639 757 4705 (bec
774 4641 865 4691 credu-
902 4641 952 4692 Sed
970 4653 1024 4703 mg.
1044 4638 1096 4702 Μ.)
1117 4667 1146 4678 -
1173 4640 1217 4691 30.
1236 4640 1412 4690 Brundusium
1428 4639 1465 4690 ld·
1491 4661 1516 4674 ·-

196 4719 303 4775 poterut
327 4715 425 4764 umisse
455 4714 477 4762 l·
506 4735 538 4748 -
573 4711 617 4762 31.
637 4711 747 4776 leptoms
765 4711 813 4761 Xl.
833 4711 942 4762 Luceria
960 4710 1034 4762 ldltl.
1072 4707 1118 4773 (Ut
1136 4723 1203 4770 nos,
1234 4709 1382 4761 Manutius.
1401 4707 1517 4760 Malim:

198 4783 309 4848 teutones
333 4783 382 4834 11.
411 4783 474 4834 unt.
494 4783 614 4833 Lucere'u·
633 4781 696 4839 01.)
722 4805 755 4818 -
792 4780 837 4832 32.
856 4787 894 4833 est
909 4781 999 4846 ptem.
1036 4779 1105 4844 Quid
1123 4794 1164 4846 pr.
1183 4779 1227 4841 Μ,
1247 4786 1284 4832 est
1299 4779 1414 4844 plenum.
1451 4778 1520 4843 Quid

197 4852 428 4906 aletensem.
