3662 5908
726 407 798 471 LlB.
821 407 889 471 XV.
923 406 982 468 ΕΡ.
1004 405 1035 468 d.
1479 409 1541 470 279

216 563 442 632 concitaretur,
464 557 491 628 si
512 560 659 628 sacerdos
685 567 780 628 armis
801 583 848 637 se,
870 560 956 648 quod
977 560 1115 628 facturus
1136 561 1318 649 putabatur,
1348 562 1540 638 detenderet,

216 657 400 723 adolescens
421 665 453 721 et
474 655 615 742 equitatu
636 665 668 721 et
688 655 827 741 peditatu
848 667 879 722 et
900 659 1032 742 pecunia
1053 665 1180 741 paratus
1202 677 1242 720 ex
1260 666 1326 722 toto
1342 657 1391 729 iis,
1415 657 1467 744 qui
1486 679 1543 723 no-

215 751 284 816 vari
314 749 433 836 aliquid
458 749 619 824 volebant,
654 749 791 835 perfeci,
824 758 860 815 ut
880 769 898 813 e
920 769 1020 834 regno
1046 749 1098 814 ille
1127 749 1304 815 discederet
1328 771 1449 837 rexque
1471 751 1540 818 sinc

215 846 349 912 tumultu
372 866 409 911 ac
430 843 497 909 siue
518 843 630 918 armis,
654 843 740 910 omni
761 843 944 910 auctoritate
971 843 1060 908 aulae
1081 844 1292 917 communita,
1316 865 1449 929 regnum
1470 865 1541 910 cum

216 939 366 1024 dignitate
393 936 559 1004 obtineret.
616 942 646 1003 7.
675 943 797 1002 interea
819 936 953 1022 cognovi
980 936 1150 1002 multorum
1177 937 1287 1004 litteris
1309 950 1402 1024 atquc
1425 938 1566 1004 nuntiiss

177 1109 179 1114 ι
216 1052 344 1117 magnas
364 1032 552 1098 Parthorum
573 1032 679 1116 copias
701 1040 733 1096 et
753 1029 892 1096 malrum
913 1030 952 1095 ad
974 1031 1124 1138 oppidum
1149 1032 1352 1098 Antiocheam
1374 1032 1541 1098 accessisse
1642 1017 1667 1108 ί

216 1145 428 1211 magnumque
453 1147 566 1192 eorum
595 1129 786 1211 equitatum,
822 1124 876 1211 qui
909 1123 943 1188 in
971 1125 1111 1190 Cilrcram
1130 1125 1310 1201 transisset,
1339 1126 1380 1191 ab
1402 1132 1542 1213 equitum

216 1238 361 1285 meorum
389 1219 499 1284 turmis
528 1227 559 1284 ct
580 1240 597 1283 a
619 1218 749 1284 cohorte
770 1223 944 1305 praetoria,
977 1239 1060 1305 quae
1082 1228 1149 1283 erat
1171 1219 1370 1306 Epiphaneae
1391 1220 1542 1308 praesidii

216 1334 328 1387 cansa,
361 1312 525 1379 occidione
547 1313 695 1378 occisum.
754 1316 860 1391 Quare
881 1333 952 1377 cum
973 1311 1154 1378 viderema
1186 1314 1380 1400 Cappadocia
1413 1315 1543 1382 Partho-

215 1429 288 1474 rum
309 1407 416 1492 copias
437 1427 581 1482 aversas,
612 1428 675 1472 uon
696 1407 790 1491 longe
812 1427 829 1470 a
851 1405 964 1472 linibus
987 1427 1056 1472 esse
1078 1407 1222 1482 Ciliciae,
1252 1430 1346 1495 quam
1367 1409 1456 1494 potui
1477 1430 1579 1475 ma-ro

216 1502 311 1568 ximis
332 1499 496 1567 itineribus
517 1499 557 1565 ad
580 1502 734 1566 Amanum
757 1500 932 1566 exercitum
954 1498 1042 1566 duxi.
1094 1504 1166 1579 Quo
1188 1512 1223 1566 ut
1243 1503 1334 1577 veni,
1358 1503 1478 1568 hostem
1501 1501 1541 1568 ab

216 1594 385 1661 Antiochea
410 1594 598 1670 recessisse,
617 1593 762 1660 Bibulum
784 1594 973 1660 Antiocheae
995 1614 1063 1658 esse
1086 1595 1237 1678 cognovi;
1260 1595 1445 1662 Deiotarum
1467 1617 1542 1662 con-

216 1687 320 1754 iestim
341 1688 403 1753 iam
425 1689 464 1754 ad
488 1710 537 1754 me
560 1688 735 1753 venientem
762 1709 834 1752 cum
863 1708 977 1774 magno
1006 1696 1038 1753 et
1066 1687 1157 1754 lirmo
1187 1689 1327 1774 equitatu
1350 1700 1381 1756 et
1402 1689 1542 1777 peditatu

217 1793 338 1850 etcum
360 1782 507 1849 omnihus
527 1783 592 1849 suis
614 1783 714 1869 copiis
736 1787 904 1848 certiorem
933 1780 994 1846 ieci
1022 1802 1085 1847 non
1107 1781 1209 1847 videri
1230 1803 1299 1848 esse
1321 1804 1462 1858 causam,
1485 1803 1542 1848 eur

217 1877 340 1944 abesset
360 1899 379 1942 a
401 1898 516 1962 regno,
552 1899 665 1964 meque
687 1877 726 1942 ad
748 1897 839 1950 enm,
876 1873 998 1962 siquid
1021 1876 1095 1940 novi
1127 1874 1209 1940 sorte
1231 1876 1413 1952 accidisset,
1437 1878 1540 1944 statim
1554 1903 1579 1943 ss

216 1971 335 2038 litteras
357 1971 546 2056 nuntiosque
578 1971 746 2036 missurum
775 1989 854 2035 esse.
907 1972 937 2034 8.
964 1973 1103 2054 Cumque
1126 1991 1164 2034 eo
1187 1971 1291 2036 animo
1313 1972 1484 2040 venissem.
1508 1981 1542 2036 ut

217 2067 343 2152 utrique
364 2065 559 2152 provinciae,
582 2069 608 2130 si
629 2065 671 2129 ita
693 2073 815 2149 tempus
836 2062 956 2136 ferret,
979 2061 1203 2138 subvenirem,
1226 2074 1293 2130 tum
1314 2064 1356 2140 id,
1378 2064 1541 2152 quodiam

217 2169 288 2224 ante
318 2167 486 2224 statueram
518 2159 720 2225 vehementer
740 2158 892 2223 interesse
912 2156 1076 2244 utriusque
1097 2159 1293 2244 provinciae,
1315 2180 1428 2246 pacare
1450 2166 1541 2225 Ama·

216 2274 292 2318 num
314 2260 345 2317 et
366 2262 551 2338 perpetuum
574 2253 695 2319 hostem
717 2274 758 2318 ex
780 2273 819 2317 eo
841 2259 947 2317 monte
962 2251 1087 2326 tollere,
1111 2273 1205 2337 agere
1219 2253 1358 2339 perrexi.
1402 2258 1542 2341 Cumque

216 2367 268 2412 me
301 2345 463 2412 discedere
492 2345 532 2412 ah
564 2368 603 2413 eo
635 2356 742 2413 monte
774 2345 969 2411 simulassem
991 2355 1022 2410 et
1043 2346 1117 2412 alias
1138 2357 1243 2433 partes
1266 2347 1391 2413 Ciliciae
1412 2357 1579 2434 peterem

216 2438 423 2528 abessemque
445 2440 484 2505 ah
505 2446 625 2506 Amano
654 2442 715 2508 iter
740 2445 834 2506 unius
856 2438 919 2504 dici
941 2447 972 2504 et
993 2449 1093 2505 castra
1115 2440 1199 2525 apud
1219 2441 1431 2528 Epiphaneam
1453 2441 1543 2507 lecis-

216 2555 304 2607 scm,
331 2554 359 2602 a.
381 2534 411 2599 d.
435 2555 502 2601 1111.
524 2534 599 2601 Idus
620 2534 789 2609 Octobres,
812 2555 883 2599 cum
905 2532 1193 2626 advesperasceret,
1230 2534 1378 2620 expedito
1400 2535 1543 2601 exercitu

217 2633 259 2694 ita
281 2637 376 2693 noctu
398 2628 458 2693 iter
480 2628 556 2704 ieci,
579 2637 614 2694 ut
634 2651 663 2694 a.
685 2628 715 2695 d.
740 2648 792 2695 111.
813 2627 888 2693 ldns
910 2626 1077 2703 Octobres,
1100 2649 1172 2693 eum
1192 2627 1371 2704 lucisceret,
1394 2629 1426 2694 in
1450 2635 1542 2695 Ama-

216 2745 292 2788 num
313 2722 536 2798 ascenderem,
559 2722 794 2810 distributisque
816 2718 998 2788 cohortibus
1019 2731 1051 2787 et
1071 2721 1307 2815 auxiliis,(cum
1329 2723 1398 2788 aliis
1420 2727 1459 2802 Q.
1480 2723 1543 2790 ira-
1581 2732 1596 2869 )
1634 2689 1654 2782 l

216 2811 408 2926 terJlegatus
440 2837 564 2883 mecum
585 2819 698 2892 simul,
719 2818 802 2910 (aliis
824 2820 856 2882 C.
878 2815 1074 2900 Pomptinius
1096 2815 1245 2906 leqatnsp
1266 2817 1397 2903 reliquis
1417 2823 1459 2884 hl.
1482 2817 1585 2884 ln-a,
1619 2879 1632 2912 ,
1679 2885 1681 2892 ,

216 2931 308 2976 uerus
330 2920 361 2976 et
382 2915 417 2975 L.
439 2911 578 2976 Tulleius
606 2912 698 3006 legati
720 2899 915 3016 praeessent)
949 2908 1117 2994 plerosque
1140 2910 1361 2995 necopinantes
1383 2911 1542 2996 oppressi-
1610 2889 1716 2980 blf*

217 3026 301 3079 mus,
335 3005 390 3092 qui
419 3005 514 3070 occisi
546 2999 690 3092 captique
719 3015 809 3079 sunt,
831 3001 1001 3068 ¹interclusi
1024 3001 1107 3087 luga,
1132 3001 1285 3068 <Eranam
1308 3013 1426 3077 autem,
1461 3025 1541 3091 quae

215 3099 275 3164 luit
296 3120 360 3164 non
389 3099 451 3165 vici
472 3100 571 3165 instar
592 3099 648 3164 scd
674 3097 778 3173 urhis,
810 3095 897 3184 quod
919 3105 986 3161 erat
1007 3096 1119 3161 Amani
1140 3103 1259 3182 capnt.)
1285 3097 1423 3183 itemque
1444 3102 1542 3188 Sepy·
1595 3069 1645 3180 st'l

216 3214 285 3258 ram
306 3201 339 3258 et
359 3193 562 3269 Commorim,
584 3194 699 3259 acriter
720 3201 753 3257 et
772 3190 827 3256 diu
838 3185 1094 3277 repugnantibus,
1118 3190 1296 3276 Pomptinio
1317 3190 1402 3256 illam
1420 3201 1540 3277 partem

215 3288 327 3354 Amani
354 3296 515 3361 tenente,'
531 3309 572 3353 cx
600 3288 783 3353 antelucano
812 3293 953 3370 tempore
974 3305 1074 3370 usque
1096 3285 1135 3350 ad
1159 3286 1267 3350 horam
1290 3285 1353 3350 diei
1374 3284 1577 3360 decimamus

216 3401 328 3468 magna
348 3379 546 3446 multitudiue
568 3380 705 3446 hostium
727 3379 847 3454 occisa,
870 3383 1009 3465 cepimus
1035 3379 1222 3467 castellaque
1244 3399 1300 3444 sex
1323 3388 1427 3464 capta,
1456 3400 1542 3445 com·

216 3477 308 3563 plura
328 3474 533 3540 incendimus.
590 3478 620 3538 9.
648 3474 704 3564 llis
732 3471 828 3539 rebus
857 3472 899 3537 ita
924 3473 1035 3557 gestis,
1072 3483 1174 3538 castra
1195 3474 1229 3538 in
1251 3473 1411 3538 radicibus
1432 3478 1540 3540 Amani

216 3569 382 3636 habuimus
402 3567 488 3653 apud
508 3574 586 3632 Aras
607 3567 777 3634 Alexandri
798 3567 1015 3654 quatriduum,
1038 3567 1124 3632 etin
1146 3567 1289 3654 reliquiis
1311 3568 1421 3633 Amani
1436 3567 1541 3649 delen·

215 3663 264 3730 dis
289 3662 437 3748 agrisque
465 3660 634 3736 vastandis,
664 3682 744 3748 quae
775 3682 849 3747 pars
878 3662 945 3728 eins
967 3662 1081 3728 montis
1102 3683 1192 3728 meae
1213 3661 1395 3748 provinciae
1417 3671 1480 3734 est,
1507 3661 1540 3727 id

216 3767 339 3843 tempus
361 3777 454 3821 omne
473 3754 731 3840 consumpsimus.
763 3759 810 3821 10.
834 3754 990 3821 Confectis
1012 3755 1059 3821 his
1081 3755 1192 3831 rebus,
1215 3754 1254 3820 ad
1277 3753 1427 3848 oppidum
1448 3755 1577 3820 Eleu-³³

216 3851 432 3918 therocilioum
453 3848 669 3916 Pindenissum
698 3849 871 3914 exercitum
899 3848 1032 3928 adduxi;
1065 3849 1151 3937 quod
1183 3870 1254 3914 cnm
1286 3841 1369 3914 essct
1389 3848 1539 3914 altissimo

215 3958 247 4012 ct
268 3945 477 4011 munitissimo
506 3944 578 4009 loco
610 3942 649 4009 ah
670 3943 772 4030 iisque
803 3942 1011 4016 incoleretur,
1041 3943 1095 4030 qui
1123 3964 1163 4009 ne
1184 3942 1313 4027 regibus
1335 3941 1461 4028 quidem
1482 3963 1541 4008 un-

216 4061 311 4128 quam
340 4039 532 4125 paruissent;
569 4059 640 4104 cum
669 4045 700 4102 et
734 4035 881 4121 fugitivos
912 4037 1089 4122 reciperent
1111 4046 1143 4102 et
1163 4036 1349 4102 Parthorum
1371 4035 1539 4101 adventum

217 4134 369 4200 acerrime
381 4139 614 4220 exspectarent,
638 4130 677 4196 ad
689 4129 951 4214 existimationem
966 4130 1092 4216 imperii
1107 4131 1267 4218 pertinere
1282 4128 1451 4194 arbitratus
1469 4150 1538 4194 sum

216 4228 425 4313 comprimere
445 4247 557 4292 eorum
579 4225 754 4299 andaciam,
786 4244 850 4309 quo
877 4223 998 4289 facilins
1026 4225 1121 4290 etiam
1142 4235 1322 4290 ceterorum
1342 4221 1453 4296 animi,
1483 4221 1574 4308 quio

216 4320 310 4386 alieni
339 4329 443 4386 esseut
473 4317 513 4384 ah
545 4318 679 4404 imperio
707 4327 833 4392 nostro,
863 4318 1092 4403 frangerentur.
1135 4320 1226 4386 Vallo
1248 4327 1280 4383 et
1299 4317 1384 4382 lossa
1404 4315 1539 4379 circum-

216 4413 305 4492 dedi;
338 4434 395 4479 sex
416 4413 549 4479 castellis
571 4412 743 4498 matrisque
765 4411 909 4476 maximis
931 4411 1048 4498 saepsi;
1087 4419 1222 4497 aggere,
1251 4409 1365 4484 vineis,
1398 4405 1538 4474 turribus

284 4633 312 4682 2.
331 4645 364 4682 ec
380 4639 438 4683 toto
457 4631 588 4682 Orellins:
617 4638 642 4682 st
660 4637 717 4681 toto
734 4629 794 4681 ΜΕ.
824 4654 852 4665 -
890 4629 918 4679 o.
937 4639 962 4680 et
980 4643 1035 4681 om.
1055 4631 1093 4682 lt.
1122 4655 1157 4664 —
1191 4629 1360 4680 Antiocheam
1377 4627 1421 4678 ll:
1448 4627 1539 4678 Antio-

216 4703 301 4752 chium
317 4703 357 4762 ll,
389 4703 500 4766 ubique.
533 4727 564 4738 -
599 4701 626 4752 7.
651 4701 684 4751 oh
711 4701 829 4764 equitatu
853 4713 968 4750 meorum
994 4701 1031 4751 lll.
1061 4727 1093 4737 -
1130 4702 1174 4750 ta.
1193 4701 1348 4752 Deiotarum
1366 4697 1411 4750 bl:
1432 4699 1539 4749 Deiota·

216 4785 322 4836 masque
340 4773 371 4822 ll.
392 4796 423 4808 -
459 4773 503 4822 25.
523 4773 687 4835 Pomptinius
704 4769 838 4820 Orellius:
866 4772 1009 4832 pomttmus
1026 4771 1072 4831 hl,
1091 4772 1227 4821 Pomtioua
1245 4770 1276 4819 ll.
1297 4770 1361 4819 item
1380 4783 1405 4818 r.
1431 4769 1476 4818 Pb,
1506 4791 1537 4806 -·

215 4855 252 4892 m.
270 4845 414 4894 memorius
431 4841 469 4892 ld.
487 4866 521 4875 —
539 4843 583 4894 aa.
604 4843 635 4892 1..
656 4841 755 4890 Tettius
774 4841 830 4900 Va,
850 4841 929 4890 atad
948 4842 1001 4890 Διί.
1024 4841 1081 4891 Lib·
1103 4843 1133 4891 V.
1153 4855 1196 4905 op.
1216 4841 1260 4891 21.
1279 4837 1308 4902 8.
1329 4841 1355 4889 5.
1377 4864 1406 4874 -
1432 4839 1475 4888 2¹1.
1498 4839 1538 4889 m·

217 4913 520 4977 necestuosorum
540 4912 577 4963 ll.
599 4938 628 4948 -
663 4911 705 4961 29.
727 4911 883 4961 Commorim
900 4909 942 4960 M:
968 4909 1115 4961 Commorim
1135 4911 1165 4961 li.
1199 4933 1229 4948 -··
1267 4914 1441 4974 rspupmootss
1460 4907 1537 4960 Lam·

218 4982 307 5032 binus.
345 4983 416 5033 Fort.
441 4982 646 5046 reprspoomibor
671 4981 795 5031 hostibus.
827 4980 878 5032 Oa.
907 5005 935 5014 -
976 4981 1019 5032 31.
1041 4982 1149 5033 emtetto
1166 4994 1233 5046 quoe
1250 4979 1287 5032 hl.
1308 5003 1339 5016 -
1376 4979 1420 5030 ³7.
1439 4979 1537 5044 hiisque

217 5051 307 5103 lt-
342 5052 493 5118 mpcribur
512 5052 550 5106 Al.
574 5079 596 5090 -
637 5050 919 5112 39.odom.bl,-
954 5051 1095 5102 tautam
1113 5050 1149 5103 ll.
