3662 5908
311 400 372 462 248
737 393 1009 458 El’lS'l'OLAllUM
1030 393 1082 458 AD
1103 393 1194 456 Fam.

309 553 394 642 quod
426 554 459 618 in
491 573 542 617 me
570 551 640 637 ipso
672 549 810 636 experiri
840 549 948 637 potui,
978 547 1017 614 ad
1039 556 1069 614 te
1090 546 1258 625 deferam;
1283 545 1317 614 in
1346 569 1385 614 eo
1413 559 1565 636 quantum
1588 553 1630 616 sit

309 648 476 736 ponderis,
509 655 543 713 tu
565 645 694 712 videbis.
748 648 850 723 Quam
872 651 991 730 partem
1013 644 1046 708 iu
1066 663 1103 708 re
1124 640 1248 728 publica
1269 662 1457 728 causamque
1478 644 1630 711 defende-

308 744 390 818 rim,
418 764 476 829 per
497 763 577 830 quos
599 741 741 806 homines
763 739 951 825 ordinesque
972 737 1111 803 steterim
1133 736 1309 823 quibusque
1331 736 1468 803 munitus
1489 737 1627 816 merim,

309 859 373 902 non
393 836 529 920 ignoras.
571 836 639 900 Hoc
661 834 737 899 mihi
761 832 855 898 velim
876 829 1005 896 credas:
1028 831 1055 896 si
1076 831 1151 917 quid
1170 831 1298 897 fecerim
1321 832 1381 897 hoc
1402 831 1472 918 ipso
1489 833 1522 898 in
1542 832 1627 901 bello

287 930 411 994 surtinus
434 950 474 992 ex
500 928 640 994 Caesaris
661 926 818 993 voluntate
840 970 880 980 -
902 924 988 1012 quod
1007 924 1215 991 intellexerim
1231 925 1311 990 scire
1331 926 1435 1012 ipsum
1462 930 1627 993 Caesarem

309 1044 360 1086 me
379 1021 598 1087 invitissimum
619 1021 729 1086 fecisse
751 1063 808 1095 -,
831 1018 864 1085 id
889 1016 1001 1084 fecisse
1025 1019 1159 1085 aliorum
1179 1019 1330 1095 consilio,
1352 1020 1497 1094 hortatu.
1519 1028 1628 1086 aueto-

308 1115 417 1193 ritate;
452 1114 537 1201 quod
563 1113 677 1180 fuerim
701 1113 893 1178 moderatior
913 1113 1178 1201 temperatiorque
1202 1134 1297 1201 quam
1320 1113 1352 1178 in
1373 1134 1410 1178 ea
1431 1121 1519 1199 parte
1541 1114 1626 1200 qnis-

309 1231 419 1296 quam,
440 1208 472 1274 id
494 1229 544 1273 me
566 1208 676 1274 fecisse
694 1207 831 1272 maxime
852 1206 1036 1272 auctoritate
1059 1206 1232 1292 Capitonis;
1260 1207 1349 1272 cuius
1368 1207 1484 1272 similes
1504 1212 1530 1272 si
1553 1207 1626 1272 reli·

309 1325 388 1391 quos
410 1302 602 1367 necessarios
627 1300 821 1374 habuissem,
857 1299 1070 1386 reipublicae
1096 1300 1229 1366 fortasse
1249 1300 1406 1374 nonnihil,
1443 1300 1520 1366 mihi
1541 1309 1625 1366 certe

275 1398 479 1484 utplurimum
497 1396 695 1483 profuissem.
749 1400 778 1461 8.
802 1399 993 1470 Honorem,
1017 1395 1059 1459 mi
1079 1394 1210 1469 Plance,
1233 1395 1259 1460 si
1281 1394 1439 1468 effeceris,
1462 1415 1564 1459 meam
1585 1394 1625 1458 de

309 1501 362 1556 tua
385 1513 460 1576 erga
483 1513 532 1556 me
550 1490 765 1557 benevolentia
783 1510 869 1575 spem
895 1488 1148 1564 confirmaveris,
1171 1487 1273 1575 ipsum
1294 1489 1492 1575 Capitonem,
1516 1488 1627 1573 gratis-

309 1586 439 1658 simum,
473 1583 750 1659 officiosissimum,
784 1584 937 1670 optimum
962 1583 1082 1672 virum,
1104 1581 1143 1648 ad
1174 1591 1258 1650 tuam
1283 1582 1542 1650 necessitudinem
1572 1591 1627 1650 tuo

309 1700 431 1746 summo
452 1677 605 1744 beneficio
627 1678 818 1745 adiunxeris.

766 1851 862 1913 aar.
905 1848 953 1932 (Α.
979 1851 1012 1914 o.
1034 1850 1066 1914 c.
1088 1846 1173 1930 ros.)

274 2009 299 2051 aa
701 1992 842 2055 ClCEllO
864 1988 997 2056 ACILIO
1019 1989 1183 2055 PROCOS.
1206 1990 1237 2054 S.
1281 2001 1282 2008 ’

396 2124 423 2187 1.
445 2124 481 2187 L.
498 2119 630 2186 Manlius
649 2129 696 2187 est
712 2120 808 2187 Sosis.
849 2123 879 2184 Is
896 2119 955 2185 fnit
971 2119 1162 2198 Catinensis;
1184 2119 1305 2186 sedeat
1326 2141 1472 2187 unacum
1498 2119 1628 2208 reliquis

310 2213 520 2300 Neapolitanis
541 2214 617 2279 civis
641 2220 798 2281 Romanus
816 2212 917 2278 factus
935 2212 1126 2300 decurioque
1147 2213 1297 2299 Neapoli;
1327 2223 1394 2279 erat
1413 2213 1495 2278 enim
1510 2213 1628 2279 adscri-

309 2319 381 2394 ptus
406 2308 438 2372 in
460 2307 492 2372 id
509 2307 713 2394 municipium
734 2315 805 2372 ante
825 2306 979 2372 civitatem
1001 2307 1093 2372 sociis
1115 2315 1147 2371 et
1166 2307 1281 2372 Latinis
1302 2306 1413 2373 datam.
1467 2308 1543 2373 Eius
1565 2308 1628 2372 fra-

311 2411 358 2467 ter
376 2401 501 2468 Catinae
525 2422 626 2487 nuper
645 2409 787 2466 mortuus
812 2410 868 2465 est.
910 2399 1031 2465 Nullam
1053 2399 1181 2466 omnino
1201 2399 1390 2467 arbitramur
1410 2401 1450 2467 de
1475 2422 1512 2466 ea
1537 2400 1629 2465 here-

273 2495 404 2560 roditate
435 2495 680 2561 controversiam
701 2515 772 2559 eum
797 2492 989 2568 habiturum,
1025 2503 1057 2558 et
1074 2503 1121 2558 est
1138 2492 1231 2559 hodie
1252 2499 1284 2560 in
1303 2494 1409 2572 bonis;
1446 2494 1517 2570 sed,
1549 2516 1628 2581 quo-

310 2592 392 2652 niam
411 2585 503 2654 habet
526 2596 687 2675 praeterea
711 2588 835 2673 negotia
851 2597 958 2653 vetera
979 2588 1012 2651 in
1034 2586 1137 2654 Sicilia
1163 2608 1237 2663 sua,
1267 2597 1298 2653 et
1320 2588 1399 2653 hanc
1423 2587 1627 2654 hereditatem

310 2681 479 2747 fraternam
498 2691 528 2747 et
550 2681 653 2747 omnia
674 2681 741 2747 eius
761 2680 817 2747 tihi
842 2679 1026 2747 commendo
1044 2680 1075 2745 in
1098 2680 1269 2770 primisque
1300 2682 1401 2768 ipsum
1421 2683 1525 2748 virum
1549 2681 1629 2766 opti·

311 2797 396 2842 nrum
419 2775 557 2862 mihique
581 2774 871 2851 familiarissimum,
898 2775 937 2841 iis
961 2773 1070 2840 studiis
1099 2774 1271 2841 litterarum
1294 2775 1516 2863 doctrinaeque
1538 2796 1628 2862 prae-

311 2869 431 2943 ditum,
466 2866 579 2955 quihus
603 2889 663 2954 ego
692 2869 827 2934 maxime
844 2868 991 2934 delector.
1047 2872 1084 2946 2.
1110 2872 1185 2934 Peto
1210 2869 1306 2954 igitur
1324 2868 1379 2934 abs
1405 2878 1449 2942 te.
1481 2879 1518 2934 nt
1534 2890 1626 2944 eum,

275 2965 377 3030 ostro
396 2963 497 3029 aderit
518 2962 584 3028 sive
603 2984 666 3029 non
689 2963 812 3028 venerit
831 2963 864 3028 iu
888 2962 1040 3036 Siciliam,
1062 2962 1095 3028 in
1116 2962 1194 3027 meis
1216 2963 1333 3029 intimis
1352 2963 1550 3049 maximeque
1574 2983 1628 3027 ne-

311 3056 455 3122 cessariis
481 3060 561 3122 scias
588 3077 678 3134 esse;
713 3055 818 3142 itaque
839 3066 968 3134 mactes,
1000 3064 1035 3124 ut
1056 3057 1207 3142 intelligat
1227 3078 1328 3122 meam
1353 3057 1414 3124 sihi
1432 3057 1628 3124 commcnda-

312 3149 429 3216 tionem
451 3170 565 3236 magno
586 3149 765 3217 adiumento
786 3149 891 3217 fuisse.

765 3321 877 3384 arm.
902 3321 955 3400 (s.
981 3321 1013 3384 u.
1036 3322 1068 3385 o.
1090 3319 1176 3405 ros)

686 3460 849 3566 'ClCERO
870 3461 1002 3525 ACILIO
1023 3461 1188 3526 PROCOS.
1209 3463 1241 3525 S.

185 3610 199 3704 q
261 3607 302 3738 (w
399 3595 427 3656 l.
455 3593 488 3657 C.
517 3589 640 3662 Flavio.
667 3589 798 3654 honesto
819 3599 850 3654 et
871 3597 982 3655 ornato
1005 3591 1109 3683 equite
1130 3596 1290 3668 Romano,
1327 3599 1400 3658 utor
1427 3590 1518 3658 valde
1540 3592 1629 3659 faml-

185 3671 199 3718 9
311 3683 441 3748 liariter.
483 3684 554 3750 Fuit
580 3689 664 3749 enim
692 3684 801 3774 geperi
825 3683 904 3759 mei,
938 3687 971 3750 C.
993 3678 1128 3760 Pisonis,
1156 3686 1408 3771 pernecessarius
1416 3673 1541 3774 (meque
1561 3689 1630 3754 dili·

158 3791 227 3869 κζ
241 3779 257 3874 ἐκ
312 3777 490 3859 qeutissime
510 3775 679 3874 ohseryant
697 3771 812 3863 etipse
834 3787 865 3843 et
879 3781 913 3843 L.
927 3763 1073 3879 Flavius)
1087 3777 1184 3844 frater
1202 3780 1279 3845 eius.
1323 3783 1524 3868 Quapropter
1536 3782 1628 3846 velim

172 3874 190 3886 “’
314 3871 441 3936 honoris
463 3872 524 3936 mei
546 3893 656 3946 causa,
687 3871 802 3958 quibus
828 3870 924 3936 rebus
952 3870 1081 3938 honeste
1106 3869 1216 3959 ef'pro
1238 3884 1290 3939 tua
1312 3875 1460 3960 dignitate
1492 3877 1626 3962 poteris,

312 3987 403 4051 quam
428 3965 739 4031 honorificentissime
768 3975 915 4050 olquam
942 3964 1158 4031 liberalissime
1189 3971 1222 4033 C.
1248 3968 1387 4034 Flavium
1417 3979 1541 4034 tractes.
1595 3970 1627 4034 ld

275 4058 386 4122 ssrsrihi
409 4058 453 4122 sie
475 4059 535 4124 erit
556 4071 693 4144 gratum,
722 4070 757 4126 ut
778 4059 895 4144 gratius
918 4081 985 4123 esse
1010 4059 1084 4126 nihil
1107 4060 1213 4145 possit.
1256 4065 1285 4126 2.
1309 4062 1369 4126 Sed
1389 4075 1551 4149 praeterea
1573 4061 1629 4128 tihi

312 4152 435 4218 allirrno
461 4185 492 4196 -
524 4175 626 4239 neque
647 4153 679 4218 id
701 4153 870 4218 ambitione
891 4153 1041 4220 adductus
1062 4154 1159 4229 facio,
1196 4154 1251 4220 sed
1277 4175 1347 4220 cum
1369 4156 1576 4224 familiaritate
1598 4167 1630 4223 et

312 4246 559 4322 necessitudine,
589 4256 654 4311 tum
687 4247 779 4312 etiam
807 4253 938 4312 veritate
967 4286 1008 4297 —
1037 4256 1068 4313 te
1098 4270 1139 4313 cx
1169 4253 1201 4314 C.
1224 4249 1318 4314 Flavii
1341 4249 1446 4316 officio
1468 4261 1499 4316 et
1520 4251 1629 4316 ohser-

312 4339 416 4405 rantia
446 4350 477 4405 et
506 4351 669 4427 praeterea
691 4340 857 4428 splendore
884 4351 977 4430 atque
1003 4342 1083 4407 inter
1109 4363 1183 4408 suos
1205 4343 1303 4428 qratia
1325 4365 1467 4430 magnam
1489 4343 1631 4430 volupta-

312 4443 376 4499 tem
397 4456 465 4522 esse
485 4445 657 4521 capturum.
700 4437 787 4503 Vale.

381 4653 406 4700 3.
434 4651 559 4714 marsitas]
578 4654 696 4701 inimicos
717 4653 863 4703 hlaoutius.
892 4680 923 4686 —
960 4653 987 4703 o.
1007 4653 1034 4702 id
1051 4654 1100 4717 [cci
1119 4654 1155 4704 nl.
1188 4678 1218 4689 -
1255 4656 1281 4705 7.
1302 4659 1535 4720 tempcrnmforqoe
1554 4655 1630 4704 Lam·

314 4720 402 4769 binus.
425 4745 454 4756 -
491 4722 534 4770 20.
556 4724 679 4785 ‹poonlnm
698 4723 738 4772 bl:
759 4739 835 4786 upoom
857 4723 884 4773 ll.
917 4749 947 4759 -
984 4724 1027 4772 21.
1050 4724 1265 4776 tonSehlttzlns.
1285 4751 1316 4759 -
1354 4726 1398 4775 22.
1418 4733 1441 4776 et
1460 4732 1522 4775 nerle
1541 4728 1630 4775 omnin

312 4804 367 4839 om.
390 4791 477 4840 th-
514 4793 869 4843 Sthtfshlduathfsblll.
892 4819 921 4828 -
958 4795 1001 4844 25.
1026 4794 1107 4843 oberit
1127 4795 1165 4846 Μ.
1188 4819 1217 4830 -
1254 4795 1298 4844 26.
1317 4795 1365 4845 cibi
1383 4797 1630 4847 commendationem

313 4860 356 4910 bl:
378 4862 622 4912 commendationem
641 4863 690 4912 cibi
708 4863 737 4912 ll.
760 4887 790 4900 -
826 4864 871 4912 32.
892 4864 1026 4914 observant
1046 4862 1093 4916 bl:
1115 4865 1232 4916 obsera-ot
1253 4866 1282 4915 ll.
