3628 5876
597 381 671 444 Llll.
693 381 747 444 lx.
789 381 848 444 ΕΡ.
873 381 921 444 11.
945 380 994 442 ta.
1018 381 1066 442 13.
1092 381 1139 442 14.
1465 383 1522 444 til

209 536 313 602 solent
342 557 412 602 esse
438 555 578 601 munera.
620 541 668 601 Tu
689 535 781 602 velim
802 535 907 602 animo
927 535 1059 622 sapienti
1079 534 1217 623 sortique
1238 537 1295 612 sis,
1310 530 1324 612 1
1329 547 1364 603 ut
1385 547 1437 604 tua
1458 559 1526 605 mo-

209 630 334 698 doratio
356 637 387 696 et
407 631 544 716 gravitas
564 629 699 696 aliorum
718 629 847 722 infamet
866 627 1035 727 iniuriam.)
1605 631 1685 728 ,ds

677 772 765 838 rur.
807 770 856 856 (Α.
882 775 915 838 c.
938 775 970 838 c.
990 769 1075 856 roa.)

634 894 776 959 CICERO
796 895 1056 960 DOLABELLAE
1078 896 1109 960 S.

298 1009 328 1071 1.
360 1008 393 1070 C.
421 1002 592 1070 Subernius
621 1004 752 1071 Calenus
781 1013 812 1070 et
843 1027 932 1075 meus
963 1013 1011 1071 est
1038 1005 1198 1070 familiaris
1226 1013 1258 1070 et
1285 1009 1399 1091 Leptae
1427 1009 1550 1072 nostris

211 1098 446 1164 familiarissimi
466 1098 727 1184 pernecessarius.
769 1102 799 1165 Is
827 1117 898 1164 cum
920 1098 1036 1164 vitandi
1057 1097 1131 1163 belli
1153 1119 1245 1163 eausa
1266 1096 1425 1184 proiectus
1446 1109 1530 1166 esset
1649 1093 1672 1192 ζ

210 1194 244 1258 in
273 1183 454 1280 Hispaniam
482 1213 553 1258 cum
580 1197 622 1258 11.
652 1197 794 1258 Varrone
815 1201 886 1257 ante
905 1190 1039 1267 bellum,
1076 1199 1111 1258 nt
1131 1193 1163 1257 in
1186 1214 1223 1258 ea
1243 1193 1404 1280 provincia
1426 1202 1527 1268 esset,

211 1287 243 1352 in
275 1309 335 1373 qua
357 1306 451 1351 nemo
479 1290 622 1351 nostrum
642 1293 714 1372 post
735 1285 895 1352 Afranium
922 1297 1101 1373 superatum
1123 1285 1240 1352 bellum
1261 1287 1360 1352 ullum
1381 1285 1450 1352 lore
1471 1307 1530 1373 pn·

212 1389 309 1455 terat,
332 1379 440 1446 incidit
460 1379 493 1444 in
515 1399 552 1444 ea
573 1379 640 1468 ipsa
662 1379 758 1470 mala,
780 1401 859 1466 quae
881 1401 1002 1446 summo
1024 1381 1127 1446 studio
1149 1381 1308 1446 vitaverat.
1352 1383 1529 1467 Oppressus

210 1484 260 1539 ast
280 1473 365 1538 enim
384 1470 470 1538 bello
499 1472 678 1558 repentin03
708 1473 793 1558 quod
814 1473 931 1539 bellum
953 1484 1144 1540 commotum
1165 1495 1183 1540 a
1205 1474 1336 1560 Scapula
1357 1474 1399 1539 ita
1421 1482 1528 1560 postca
1541 1503 1565 1540 u

211 1567 431 1634 confirmatum
453 1576 501 1632 est
521 1588 540 1632 a
560 1567 726 1653 Pompeio,
763 1566 901 1632 utnulla
922 1567 1044 1632 ratione
1065 1566 1105 1632 ab
1126 1568 1180 1633 illa
1201 1568 1326 1632 miseria
1347 1588 1382 1632 se
1403 1567 1529 1654 eripere

210 1670 328 1748 posset.
379 1665 410 1728 2.
442 1660 559 1726 Eadem
580 1683 671 1727 causa
693 1661 760 1726 sere
781 1670 828 1726 cst
849 1665 890 1726 M.
911 1661 1011 1728 Planii
1031 1660 1180 1736 Heredis,
1203 1662 1258 1748 qui
1280 1672 1327 1728 est
1346 1660 1421 1726 item
1443 1662 1530 1728 Cale-

211 1777 285 1830 nus,
321 1759 436 1841 Leptae
464 1761 564 1821 nostri
594 1754 863 1822 familiarissimus.
919 1757 1021 1820 llosce
1049 1754 1144 1838 iffl'tur
1170 1753 1263 1820 ambo
1291 1754 1349 1821 tibi
1377 1755 1423 1820 sic
1443 1776 1528 1821 com-

211 1849 347 1925 mendo,
376 1858 412 1915 ut
439 1849 559 1914 maiore
584 1868 679 1923 cura,
708 1847 835 1934 studio,
866 1846 1073 1913 sollicitudine
1101 1849 1196 1913 ammi
1224 1848 1444 1914 commendare
1465 1869 1527 1914 non

210 1951 339 2032 possim.
400 1943 481 2009 Volo
514 1943 656 2027 ipsorum
677 1963 786 2020 causa;
808 1947 949 2027 (meque)
965 1950 998 2006 in
1027 1960 1067 2006 eo
1093 1937 1361 2018 vehementer(et
1392 1941 1566 2010 amicitiae

211 2047 320 2197 mqypt
351 2044 383 2103 et
417 2035 614 2111 humanitas.)
659 2039 756 2122 Lepta
784 2056 862 2102 vero
890 2055 962 2102 cum
989 2035 1031 2100 ita
1060 2033 1198 2112 laboret,
1232 2046 1267 2101 ut
1295 2035 1363 2102 eius
1384 2035 1530 2102 fortunae

212 2132 244 2200 vi
266 2141 377 2196 eantur
399 2135 430 2196 in
452 2127 619 2196 discrimen
639 2133 768 2205 venire,
795 2150 859 2196 non
879 2149 1008 2215 possum
1029 2148 1089 2214 ego
1109 2151 1173 2195 non
1194 2140 1248 2198 aut
1268 2134 1414 2217 proxime
1435 2139 1530 2218 atque
1651 2127 1693 2170 Ν

211 2225 265 2290 ille
286 2223 454 2290 autetiam
475 2243 575 2310 aeque
594 2221 751 2290 laborare.
809 2224 1026 2308 Quapropter,
1058 2221 1117 2287 etsi
1147 2243 1241 2308 saepe
1270 2233 1420 2310 expertus
1441 2245 1527 2298 sum,

212 2327 363 2406 quantum
390 2336 440 2382 me
473 2337 614 2392 amares,
650 2324 753 2381 umen
784 2315 830 2381 sie
861 2316 956 2381 velim
977 2313 1034 2382 tibi
1055 2314 1257 2402 persuadeas,
1289 2315 1322 2382 id
1343 2339 1393 2384 me
1414 2317 1449 2384 in
1468 2317 1528 2384 bac

211 2433 248 2476 re
271 2410 406 2476 maxime
427 2408 648 2477 iudicaturum.
705 2416 736 2477 3.
771 2415 847 2476 Peto
867 2409 964 2496 igitur
984 2430 1004 2474 a
1025 2417 1056 2476 te
1077 2411 1145 2486 vel,
1166 2410 1193 2476 si
1214 2411 1351 2497 pateris,
1383 2431 1462 2487 oro,
1495 2419 1567 2478 ntae

211 2503 355 2570 homines
388 2504 521 2570 miseros
549 2511 580 2568 et
613 2502 754 2580 fortuna,
787 2525 880 2592 qnam
903 2504 1001 2570 vitare
1022 2525 1115 2570 nemo
1143 2512 1264 2591 potest,
1304 2506 1404 2590 magis
1435 2525 1530 2591 qum

212 2599 304 2685 culpa
325 2596 522 2662 calamitosos
544 2617 712 2663 conserves
733 2597 918 2672 incolumes,
947 2598 1086 2685 velisque
1107 2620 1165 2686 per
1185 2609 1216 2666 te
1238 2621 1288 2664 me
1309 2599 1370 2664 hoc
1391 2598 1533 2666 muneris

212 2713 284 2758 cum
307 2691 382 2776 ipsis
413 2689 520 2755 amicis
552 2689 746 2766 bominibus,
778 2701 845 2758 tum
867 2691 1037 2778 municipio
1059 2693 1189 2768 Caleno,
1211 2713 1349 2780 quocum
1370 2692 1446 2758 mibi
1466 2713 1532 2758 ma

212 2806 273 2872 gna
308 2783 506 2850 necessitudo
541 2793 609 2860 cst,
641 2794 709 2853 tum
743 2789 881 2873 Leptae,
921 2806 1016 2871 wem
1048 2785 1193 2852 omnibus
1228 2797 1404 2872 antepono,
1443 2785 1529 2852 dare.

213 2884 244 2944 4.
268 2877 362 2957 Quod
391 2877 530 2943 dicturus
550 2899 634 2952 sum,
665 2887 742 2967 puto
763 2880 910 2966 equidem
931 2900 994 2944 non
1016 2878 1105 2946 valde
1127 2878 1167 2945 ad
1188 2901 1256 2946 rem
1278 2882 1452 2967 pertinere,
1474 2880 1529 2946 sed
1542 2907 1568 2944 aa

213 2982 318 3038 umen
339 2970 414 3038 nibil
435 2969 525 3036 obest
545 2971 661 3040 dicere.
710 2980 770 3041 Res
791 2973 951 3039 familiaris
973 2971 1061 3038 alteri
1084 2993 1195 3039 eorum
1215 2973 1306 3039 valde
1328 2976 1441 3060 exigna
1462 2982 1529 3047 est,

213 3066 303 3132 alteri
325 3065 380 3131 vix
401 3066 566 3151 equestris.
616 3070 816 3154 Quapropter
837 3068 985 3154 quoniam
1006 3066 1044 3131 iis
1066 3071 1180 3133 Caeam
1200 3067 1296 3134 vitam
1317 3089 1373 3132 sua
1394 3065 1529 3135 liberali·

214 3170 276 3226 tate
309 3165 462 3225 concessit
487 3180 546 3224 nec
573 3167 635 3240 est,
670 3161 756 3248 quod
782 3160 821 3227 iis
850 3171 1013 3248 praeterea
1040 3180 1153 3246 magno
1175 3181 1272 3248 opere
1293 3160 1392 3247 possit
1413 3157 1529 3234 adimi,

213 3253 365 3332 reditum,
394 3253 422 3318 si
443 3274 494 3318 me
516 3261 634 3320 tantum
659 3275 760 3329 amas,
796 3263 945 3341 qnantum
966 3261 1052 3318 certe
1073 3275 1174 3331 amas,
1202 3252 1382 3319 bominibus
1402 3251 1530 3319 conbee.

213 3351 250 3414 ln
271 3369 335 3434 quo
356 3346 432 3412 nibil
453 3355 500 3413 cst
520 3357 646 3434 praeter
666 3349 749 3414 uam
771 3347 914 3433 longam;
936 3369 1030 3434 wem
1051 3347 1169 3415 ideirco
1190 3368 1254 3414 non
1274 3347 1415 3432 sugium,
1443 3354 1479 3412 ut
1499 3353 1567 3414 etse

214 3442 320 3508 vivant
339 3461 410 3506 cum
431 3440 497 3507 suis
529 3451 562 3506 et
582 3441 757 3508 moriantur
777 3441 874 3507 domi.
917 3439 1010 3518 Quod
1032 3452 1067 3507 ut
1087 3441 1206 3508 enitare
1227 3439 1459 3528 contendasque
1481 3440 1531 3506 uel

213 3533 319 3620 potius
347 3543 383 3599 ut
412 3533 555 3620 perficias
577 3555 733 3621 —posse
761 3535 844 3602 enim
875 3544 907 3601 te
927 3535 1003 3604 mihi
1034 3535 1178 3623 persuasi
1198 3571 1255 3613 -·,
1276 3532 1479 3604 vehementer
1499 3542 1530 3601 te

214 3628 308 3694 etiam
328 3636 422 3716 atque
443 3627 537 3694 etiam
558 3647 648 3714 rogo.

677 3771 757 3834 ric.
800 3765 849 3856 (A.
875 3769 1070 3856 uc.710.)

496 3892 638 3957 CICERO
659 3891 920 3956 DOLABELLAE
941 3895 1105 3960 CONSULl
1127 3895 1201 3960 SUO
1224 3895 1256 3960 S.
1540 3927 1568 3970 ss

302 4007 329 4069 1.
350 4003 416 4069 Etsi
443 4011 606 4068 contentus
639 4023 742 4078 eram,
779 4003 822 4068 mi
847 4004 1025 4081 Dolabella,
1060 4014 1114 4071 tua
1140 4005 1241 4088 gloria
1268 4004 1406 4091 satisque
1431 4025 1472 4068 ex
1493 4023 1530 4067 ea

215 4118 358 4184 magnam
378 4097 526 4162 laetitiam
547 4096 800 4184 voluptatemque
821 4097 996 4184 capiebam,
1018 4108 1122 4164 umen
1143 4121 1206 4165 non
1227 4119 1355 4185 possum
1376 4118 1439 4163 non
1458 4117 1532 4162 con-

215 4189 295 4256 fiteri
315 4191 475 4257 cumulari·
489 4212 540 4256 me
562 4189 700 4256 maximo
721 4189 850 4276 gaudio,
873 4192 960 4278 quod
982 4192 1075 4278 vulgo
1097 4193 1259 4258 bominum
1281 4191 1389 4278 opinio
1411 4189 1530 4258 socium

215 4306 265 4351 me
286 4284 443 4351 adscribat
463 4285 524 4350 tuis
546 4283 700 4352 laudibus.
753 4285 915 4350 Neminem
937 4286 1068 4352 conveni
1090 4319 1129 4330 -—
1152 4289 1305 4350 convenio
1327 4294 1430 4350 autem
1452 4305 1531 4370 qno-

215 4381 290 4448 tidie
311 4381 478 4467 plurimos;
501 4387 573 4442 suat
594 4377 677 4443 enim
697 4377 846 4462 permulti
867 4379 978 4465 optimi
999 4379 1074 4455 viri,
1103 4379 1159 4466 qui
1180 4377 1364 4445 valetudinis
1385 4398 1477 4442 causa
1498 4377 1530 4442 in
1542 4395 1568 4433 ιο

215 4475 290 4540 baec
310 4475 379 4540 loca
401 4473 541 4546 veniant,
562 4480 724 4558 praeterea
745 4492 786 4536 ex
806 4472 984 4559 municipiis
1005 4472 1184 4560 frequentes
1206 4471 1373 4538 necessarii
1395 4470 1457 4536 mei
1478 4507 1529 4544 —,

215 4573 291 4654 quin
312 4588 442 4640 omnes,
464 4587 536 4632 cum
558 4575 589 4630 ta
611 4564 741 4630 summis
765 4563 909 4632 laudibus
930 4565 970 4634 ad
991 4567 1110 4634 caelum
1133 4567 1330 4641 extulerunt,
1359 4564 1435 4630 mibi
1457 4585 1532 4629 con·

282 4741 309 4790 5.
329 4739 469 4790 Subernius
485 4737 531 4789 bl:
558 4736 698 4788 setercnm
721 4737 753 4788 E.
781 4765 813 4772 -
849 4738 875 4788 8.
893 4745 989 4801 patore
1006 4739 1044 4790 11.
1069 4765 1103 4774 -
1139 4739 1182 4790 11.
1205 4739 1239 4788 ab
1256 4737 1304 4787 illo
1321 4738 1426 4786 miseno
1442 4750 1469 4787 se
1486 4737 1529 4787 ll:

215 4823 241 4859 sc
258 4809 291 4860 ob
308 4811 356 4860 illo
372 4809 570 4860 111111-
589 4809 633 4858 17.
644 4809 765 4871 prosim
780 4815 828 4858 cut
845 4811 925 4858 etlam
941 4823 1020 4874 nequa
1037 4815 1115 4874 etqua
1126 4809 1169 4860 ce
1187 4809 1307 4860 laborare
1320 4807 1437 4857 malebat
1449 4807 1531 4858 Erue-

217 4879 293 4931 stius.
312 4905 346 4914 —
380 4879 425 4930 13.
452 4873 518 4939 taam]
541 4892 598 4928 eum
620 4877 658 4930 11.
683 4904 716 4912 -
752 4879 796 4928 27.
825 4880 950 4942 quonlam
968 4879 1013 4930 ll:
1044 4881 1149 4944 quando
1168 4880 1199 4930 E.
1219 4904 1252 4914 -
1287 4879 1320 4928 tis
1338 4877 1473 4928 Orellins:
1492 4879 1532 4928 au

217 4950 275 5002 1111.
294 4975 328 4984 -·
363 4949 408 5000 35.
427 4948 549 4998 Alterum
567 4947 719 5011 exemplum
738 4948 818 4998 huius
836 4949 966 5011 epistolae
984 4951 1075 5000 estad
1095 4951 1148 4999 Att.
1164 4949 1212 5009 14,
1232 4948 1274 5000 17.
1293 4973 1327 4982 -
1361 4948 1532 4999 41111111

218 5019 275 5072 loeo
292 5019 447 5072 comentem
456 5017 560 5082 Aldus,
573 5020 602 5070 to
615 5019 654 5070 tis
671 5019 1076 5084 mompsuestenum,
1095 5021 1128 5070 11
1140 5019 1174 5082 A,
1194 5019 1220 5074 1.
1237 5044 1272 5056 -
1289 5018 1333 5072 ta.
1353 5014 1481 5084 qatolqui
1492 5019 1529 5074 11.
