3628 5876
330 413 390 478 tet
755 405 1030 471 EPISTOLARUM
1050 405 1103 469 ΑΙ)
1125 407 1213 470 FAM·

326 574 358 637 S.
379 575 413 636 Ρ.
436 571 476 647 Q.
497 573 549 641 R..
578 577 614 632 ut
635 569 876 651 inperpetuum
897 583 966 628 rem
987 560 1142 647 publicam
1165 561 1325 627 dominatu
1347 562 1437 647 regio
1457 559 1593 634 liberes,
1615 573 1651 627 ut

152 683 236 786 fis
325 662 488 751 principiis
509 658 703 726 consentiant
723 657 837 724 exitus.
873 651 994 724 {Tuum
1016 667 1063 746 est
1084 657 1145 722 hoc
1171 677 1304 731 munus,
1339 666 1410 722 tuae
1431 645 1557 742 partes)
1578 676 1596 720 a
1617 667 1650 720 te

260 676 386 898 ((hoc
407 757 516 822 civitas
544 754 594 820 vel
622 773 732 819 omnes
765 751 871 837 potius
902 759 1010 835 gentes
1037 771 1101 814 non
1123 760 1304 836 exspectant
1324 750 1441 824 solum,
1478 749 1533 815 sed
1554 750 1649 816 etiam

173 841 216 934 „i
326 851 505 947 postulant.)
538 851 751 933 Quamquam,
774 865 846 910 cum
867 842 1044 909 hortatione
1066 865 1129 910 non
1152 835 1319 928 egeas—sut
1333 845 1562 932 suprascripsi,
1584 865 1649 909 non

305 942 463 1011 autar'ea
491 941 635 1028 pluribus
663 937 784 1016 verbis:
820 937 931 1002 seciam
953 935 1045 1011 illud,
1083 936 1175 1023 quod·
1191 958 1295 1003 meum
1317 947 1379 1011 est,
1408 947 1444 1002 ut
1464 937 1522 1003 tihi
1543 937 1649 1004 omnia

326 1059 397 1104 mea
418 1036 533 1112 officia,
556 1035 671 1109 studia,
701 1053 806 1106 curas,
837 1031 1042 1116 cogitationes
1064 1031 1229 1116 pollicear,
1252 1053 1332 1118 quae
1354 1030 1393 1096 ad
1415 1039 1501 1098 tuam
1523 1031 1646 1097 laudem

327 1143 359 1198 et
378 1131 513 1218 gloriam
534 1128 743 1215 pertinebunt.
787 1123 1001 1203 Quamobrem
1023 1125 1117 1188 velim
1138 1123 1194 1190 tihi
1216 1124 1258 1190 ita
1280 1125 1485 1212 persuadeas,
1508 1147 1559 1190 me
1576 1145 1648 1190 oum

326 1225 374 1291 rei
395 1223 539 1311 publicae
560 1243 669 1295 cansa,
703 1219 881 1309 quaemihi
910 1218 972 1284 vita
993 1239 1063 1283 urea
1084 1229 1132 1284 est
1156 1219 1280 1292 carior,
1314 1227 1379 1284 tum
1402 1219 1487 1306 quod
1510 1217 1647 1304 tibiipsi

325 1320 447 1385 faveam
469 1327 617 1404 tuamque
638 1315 820 1401 dignitatem
834 1311 1017 1398 amplificari
1039 1312 1149 1388 velim,
1171 1313 1233 1380 tuis
1255 1312 1382 1399 optimis
1403 1312 1560 1387 consiliis,
1582 1333 1648 1376 am-

293 1411 485 1499 taplitudini,
508 1411 627 1496 gloriae
649 1409 736 1474 nullo
757 1407 829 1474 loco
851 1405 1042 1472 defuturum.

809 1579 856 1642 m.
898 1573 950 1658 (A.
976 1577 1008 1640 u.
1030 1578 1062 1640 o.
1084 1577 1174 1656 no.)

538 1705 580 1768 M.
603 1700 746 1766 CICERO
770 1701 801 1764 S.
823 1701 860 1763 D.
882 1701 920 1762 1).
941 1699 1072 1763 BRUTO
1094 1701 1173 1762 IMP.
1196 1698 1281 1764 COS.
1302 1699 1431 1763 DESlG.

412 1819 441 1882 1.
463 1818 569 1901 Lupns
595 1820 704 1877 noster
731 1831 803 1875 cum
832 1815 963 1875 Romam
986 1818 1077 1873 sexto
1098 1807 1149 1874 die
1171 1809 1287 1874 Mutina
1309 1809 1459 1882 venisset,
1494 1807 1646 1895 postridie

167 1923 185 2008 3
325 1931 376 1975 me
397 1931 487 1975 mane
509 1906 654 1972 convenit
681 1915 797 1997 tpaqne
825 1903 903 1968 mihi
924 1903 1068 1968 mandata
1090 1902 1323 1987 diligentissime
1346 1902 1493 1990 exposuit
1514 1911 1545 1967 et
1566 1902 1647 1967 litte·

292 2025 376 2072 uras
397 2001 545 2069 reddidit.
602 1998 697 2077 Quod
717 1998 794 2064 mihi
815 2005 900 2062 tuam
922 1995 1103 2082 dignitatem
1124 1995 1339 2070 commendas,
1370 1995 1481 2061 eodem
1504 2007 1646 2082 tempore

207 2167 210 2174 ,
326 2097 472 2162 existimo
504 2104 535 2160 te
563 2093 639 2158 mihi
670 2113 772 2158 meam
801 2091 982 2176 dignitatem
1012 2089 1245 2163 commendare,
1268 2111 1361 2176 mam
1383 2090 1561 2155 mehercule
1584 2110 1645 2155 uon

325 2189 427 2257 haheo
448 2199 501 2255 tua
523 2186 687 2252 cariorem.
731 2188 837 2263 Quare
859 2183 935 2248 mihi
957 2183 1168 2268 gratissimum
1189 2183 1302 2258 iacies,
1326 2183 1353 2248 si
1374 2185 1570 2269 exploratum
1593 2183 1647 2249 ha·

325 2283 425 2374 hehis(
435 2283 497 2348 tuis
518 2278 770 2349 laudibuslnullo
791 2273 952 2358 loco(nec
973 2278 1138 2342 consilinm
1159 2297 1218 2341 nec
1239 2276 1375 2343 studium
1397 2299 1501 2342 meum
1523 2277 1647 2343 delutu-

167 2437 238 2471 ..w
326 2383 420 2464 rum.)
450 2379 482 2440 9.
505 2379 581 2441 Cum
604 2370 844 2459 tribuniplebis
866 2369 1053 2443 edixissent,
1087 2382 1211 2437 senatus
1233 2371 1354 2436 adesset
1375 2393 1403 2436 a.
1425 2370 1456 2436 d.
1478 2391 1556 2438 xm.
1578 2371 1644 2437 llal.

175 2468 218 2494 '⁶
290 2465 407 2546 anian..
430 2467 642 2552 haberentque
663 2465 695 2529 in
717 2465 822 2529 animo
843 2463 883 2528 de
905 2463 1062 2549 praesidio
1083 2465 1246 2530 consulum
1266 2464 1497 2550 designatorum
1514 2465 1644 2537 referre,

327 2581 515 2649 quamquam
537 2568 706 2624 statueram
727 2558 758 2622 in
780 2565 922 2622 senatum
944 2567 1014 2622 ante
1036 2557 1103 2623 llal.
1125 2562 1190 2622 lan.
1212 2579 1275 2623 non
1297 2559 1425 2633 venire,
1448 2571 1552 2623 tamen
1574 2579 1644 2624 cum

327 2675 367 2721 eo
395 2654 446 2720 die
474 2655 543 2740 ipso
573 2651 707 2717 edictum
735 2660 823 2717 tunm
856 2652 1055 2737 propositum
1083 2661 1178 2726 esset,
1209 2651 1295 2716 neias
1324 2673 1392 2717 esse
1421 2651 1497 2717 duxi
1528 2663 1581 2717 aut
1602 2650 1645 2716 ita

326 2747 437 2814 haberi
459 2757 614 2821 senatum,
637 2753 672 2812 ut
694 2745 733 2810 de
755 2747 816 2812 tuis
838 2743 951 2811 divinis
973 2746 1006 2810 in
1028 2745 1273 2833 rempublicam
1296 2747 1415 2811 meritis
1438 2746 1583 2812 sileretur
1606 2781 1644 2794 -

327 2841 412 2928 quod
433 2841 549 2906 lactum
571 2847 669 2914 esset,
693 2838 752 2904 nisi
775 2861 834 2926 ego
856 2847 1011 2908 venissem
1032 2877 1091 2914 -,
1114 2850 1182 2912 aut.
1206 2839 1298 2904 etiam
1314 2839 1431 2926 siquid
1447 2838 1486 2904 de
1501 2851 1531 2905 te
1546 2841 1645 2905 hono-

288 2935 413 3006 :scilice
435 2934 607 3007 diceretur,
629 2953 680 2998 me
702 2953 765 2998 non
786 2934 905 3002 adesse.
934 2937 964 3001 3.
985 2940 1093 3020 ltaque
1113 2934 1146 2998 in
1167 2944 1307 2999 senatum
1328 2934 1400 2998 verri
1422 2953 1522 2998 inane.
1552 2931 1644 3010 Quod

326 3051 398 3096 cum
426 3036 508 3094 esset
539 3027 806 3105 animadversum,
834 3029 1078 3117 frequentissimi
1100 3037 1260 3094 senatores
1282 3035 1504 3092 contemnunt.
1557 3029 1644 3103 Qnae

326 3125 365 3188 de
387 3134 417 3188 te
438 3122 471 3187 in
493 3130 602 3187 senatu
630 3120 765 3207 egerim,
796 3145 877 3210 quae
899 3125 932 3190 in
954 3122 1099 3189 contione
1120 3123 1256 3188 maxima
1276 3123 1430 3196 dixerim,
1459 3121 1592 3186 aliorum
1614 3129 1645 3183 te

324 3217 436 3284 litteris
456 3216 539 3281 malo
560 3235 762 3300 cognoscere.
819 3217 900 3283 lllnd
919 3215 977 3282 tihi
996 3216 1185 3302 persuadeas
1207 3216 1317 3291 velim,
1345 3237 1394 3279 me
1417 3214 1536 3288 omnia,
1565 3233 1643 3298 qnae

326 3311 365 3376 ad
386 3319 471 3375 tuam
492 3309 673 3395 dignitatem
695 3309 868 3394 augendam
890 3309 1106 3396 pertinebunt,
1134 3331 1214 3397 quae
1236 3321 1283 3375 est
1304 3331 1362 3396 per
1383 3330 1416 3374 se
1438 3307 1643 3393 amplissima,

289 3423 450 3476 :nsummo
472 3423 598 3490 semper
619 3403 723 3468 studio
746 3414 963 3491 suscepturum
985 3413 1017 3469 et
1037 3404 1254 3482 defensuram:
1283 3405 1368 3490 quod
1390 3422 1577 3491 quamquam
1599 3400 1645 3464 in-

326 3496 435 3581 telligo
462 3516 512 3560 mc
541 3517 611 3561 cum
640 3497 745 3562 multis
774 3517 843 3562 esse
872 3497 1042 3571 iacturum,
1073 3507 1175 3564 umen
1203 3509 1346 3584 appetam
1377 3496 1470 3562 huius
1491 3495 1538 3560 rei
1559 3495 1644 3582 prin·

327 3590 474 3676 cipatnm.

799 3732 863 3795 mr.
906 3729 955 3814 (A.
981 3731 1014 3796 u.
1037 3733 1069 3797 e.
1091 3731 1176 3816 rio.)

537 3856 578 3918 M.
601 3854 744 3918 CICERO
766 3855 798 3918 S.
820 3857 857 3918 D.
879 3857 917 3918 D.
938 3855 1068 3918 BRUTO
1090 3857 1169 3920 lMP.
1192 3854 1276 3920 COS.
1299 3855 1427 3919 DESlG.

290 4005 316 4046 ,5
414 3968 442 4031 1.
471 3967 547 4031 Cum
569 3961 761 4029 adhibuisset
782 3962 867 4028 domi
888 3985 977 4029 meae
998 3969 1103 4051 Lupus
1125 3985 1175 4029 me
1197 3973 1229 4029 et
1253 3963 1404 4029 Libonem
1427 3973 1459 4029 et
1480 3964 1642 4036 Servium,

327 4057 550 4126 consobrinum
572 4067 676 4132 tuum,
710 4079 790 4145 quae
812 4056 997 4122 messuerit
1018 4058 1185 4132 sententia,
1218 4079 1370 4142 cognosse
1392 4069 1422 4124 te
1443 4079 1484 4122 ex
1505 4063 1546 4122 M.
1569 4057 1641 4122 Seio

326 4147 481 4226 arbitror,
504 4151 559 4237 qui
579 4161 689 4216 nostro
703 4148 840 4216 sermoni
855 4150 1005 4216 interfuit.
1049 4152 1195 4238 Reliqua,
1218 4172 1405 4237 quamquam
1419 4151 1521 4217 statim
1538 4151 1642 4216 Seium

328 4246 497 4314 Graeceius
518 4254 566 4310 est
586 4242 783 4319 subsecutus,
806 4255 910 4310 umen
931 4265 972 4308 ex
994 4245 1145 4310 Graeceio
1166 4244 1284 4330 poteris
1305 4264 1505 4329 cognoscere.
1534 4249 1565 4308 9.
1588 4249 1644 4310 Ca·

327 4351 383 4428 put
404 4351 508 4407 autem
529 4347 577 4403 est
597 4338 671 4414 hoc,
693 4337 779 4425 quod
800 4346 831 4402 te
850 4336 1087 4422 diligentissime
1108 4339 1271 4425 percipere
1291 4350 1322 4403 et
1337 4339 1515 4404 meminisse
1529 4339 1642 4410 volam,

289 4445 362 4514 aaut
388 4456 429 4500 ne
457 4435 489 4500 in
516 4431 659 4499 libertate
697 4442 729 4497 et
762 4433 860 4498 salute
893 4433 1001 4518 populi
1030 4434 1162 4498 Romani
1189 4432 1400 4498 conservanda
1428 4437 1644 4498 anctoritatem

327 4541 452 4596 senatus
473 4536 635 4614 exspectes
656 4524 794 4591 nondum
815 4524 925 4598 liberi,
948 4547 986 4590 ne
1009 4535 1041 4590 et
1062 4536 1149 4592 tuum
1171 4525 1285 4592 lactum
1300 4525 1488 4592 condemnes
1503 4564 1543 4574 —
1557 4523 1643 4590 nullo

328 4623 411 4690 enim
436 4620 563 4709 puhhco
585 4619 717 4705 consilio
748 4639 816 4684 rem
844 4618 1000 4706 publicam
1021 4619 1209 4700 liberavisti;
1246 4618 1427 4708 quostiam
1449 4626 1496 4683 est
1516 4637 1568 4682 res
1589 4616 1641 4681 illa

395 4843 422 4893 2.
453 4841 597 4893 consentiat
624 4837 689 4888 Cod.
718 4835 791 4900 hips.
823 4861 852 4874 —
889 4839 917 4889 ’1.
941 4854 998 4888 cum
1025 4841 1071 4892 M:
1103 4849 1158 4890 tum
1177 4840 1206 4890 a.
1226 4867 1259 4875 -
1295 4840 1321 4890 8.
1342 4841 1394 4903 ipsi
1411 4839 1505 4888 Amhr.
1524 4837 1563 4887 e:
1589 4838 1643 4900 ipse

325 4911 386 4964 MR.
406 4938 439 4950 -
474 4909 653 4963 theotimum
671 4909 723 4958 tuit
740 4908 778 4957 Μ.
801 4931 831 4944 -·
869 4909 912 4960 14.
933 4915 1028 4973 tuaque
1046 4911 1092 4961 M:
1113 4919 1159 4960 tua
1178 4911 1208 4960 R.
1228 4935 1259 4946 -
1297 4910 1341 4960 19.
1360 4911 1515 4974 dignitatem
1532 4907 1643 4957 seclusit

325 4983 357 5032 ll.
376 5007 410 5018 -
446 4983 489 5032 19.
508 4987 538 5030 ut
555 4985 661 5030 senatur
680 4977 836 5028 Lamhtuus.
857 5003 887 5014 -
925 4979 968 5030 99.
988 4980 1076 5030 oolom
1094 4980 1140 5032 M:
1159 4981 1236 5032 eelim
1255 4981 1284 5033 ll.
1304 5005 1336 5014 -
1371 4979 1418 5029 19.
1437 4979 1584 5031 Rheruoini
1601 4977 1641 5030 M:

324 5053 443 5103 libertati
461 5052 491 5102 9.
