3628 5876
280 271 286 280 ⁸
313 319 378 380 ree
745 317 1018 380 unrsromnuu
1038 318 1091 380 an
1113 319 1203 381 rau.

790 475 842 538 ιν.
885 472 934 555 (Α.
960 477 993 537 u.
1015 477 1047 538 c.
1069 477 1153 558 uo.)

734 579 750 678 (
776 588 946 652 rmucus
975 557 1196 676 excusem.)

403 711 431 774 l.
465 706 665 772 Gratissimae
691 707 768 772 mibi
789 715 862 774 tuae
883 706 1004 772 litterae
1026 707 1169 782 lnemnt,
1196 730 1273 794 quus
1295 731 1335 774 ex
1356 711 1463 776 Furnli
1485 731 1630 777 sermone

317 803 347 867 tc
373 800 535 886 scripsisse
562 800 776 866 animadverti.
826 805 893 886 Ego
915 810 1019 868 antem
1040 801 1201 889 praeteriti
1224 803 1373 888 temporis
1395 803 1629 869 excusationem

293 895 430 970 sehero,
453 893 537 982 quod
559 905 590 960 te
612 893 785 981 proiectum
807 893 988 971 audieram;
1012 914 1069 960 nec
1090 895 1188 960 multo
1210 905 1281 961 ante
1303 897 1421 963 redisse
1443 897 1514 972 scii,
1537 918 1631 983 quam

318 1013 358 1056 ex
381 989 511 1075 epistola
532 998 584 1053 tua
606 987 750 1073 cognovi.
791 988 916 1054 Nullum
938 989 1021 1053 enim
1043 989 1075 1053 in
1097 997 1126 1054 te
1148 989 1300 1066 efficium,
1324 1012 1363 1056 ue
1384 991 1547 1056 minimum
1562 990 1633 1078 qni-

318 1084 405 1158 dem,
439 1083 506 1148 sine
528 1083 663 1147 maxima
685 1083 775 1168 culpa
796 1082 907 1148 videor
927 1103 1020 1168 posse
1042 1083 1229 1168 praeterire3
1252 1083 1284 1149 in
1306 1105 1369 1170 quo
1391 1084 1508 1151 tuendo
1530 1083 1632 1150 habco

318 1196 427 1242 causas
454 1175 603 1261 plurimas
635 1176 684 1241 vel
712 1185 859 1261 paternae
887 1175 1124 1242 necessitudinis
1146 1177 1194 1242 vel
1217 1199 1306 1244 meae
1327 1199 1344 1242 a
1366 1178 1501 1265 pueritia
1523 1176 1633 1243 obser·

319 1271 439 1336 raetiae
461 1271 511 1336 vel
532 1270 577 1335 tui
598 1290 672 1354 erga
694 1290 744 1334 me
766 1269 867 1334 mutui
887 1269 1014 1335 amoris.
1057 1274 1087 1336 2.
1110 1273 1232 1348 Quare,
1254 1271 1298 1336 mi
1313 1272 1439 1345 Cicero,
1462 1272 1547 1358 quod
1562 1291 1632 1335 mea

283 1392 308 1433 m
319 1375 433 1452 tuaque
455 1364 573 1451 patitur
593 1374 692 1438 aetas,
725 1363 879 1450 persuade
901 1364 958 1430 tibi
980 1373 1009 1429 te
1037 1387 1133 1430 unum
1156 1387 1240 1440 esse,
1277 1366 1310 1432 in
1332 1388 1396 1453 quo
1417 1387 1477 1452 ego
1499 1363 1632 1430 colendo

318 1459 449 1546 patriam
460 1457 765 1524 mibiconstituerim
778 1459 980 1524 sanctitatem.
1024 1461 1135 1526 Omnia
1150 1459 1246 1543 igitur
1258 1469 1309 1526 tua
1331 1459 1459 1526 consilia
1481 1458 1633 1523 mihinon

317 1559 416 1642 magis
448 1553 631 1644 prudentiae
659 1553 767 1638 plena,
801 1573 880 1638 quae
909 1574 1030 1619 summa
1051 1563 1115 1630 cst,
1151 1553 1311 1628 videntur,
1344 1575 1438 1642 quam
1458 1552 1631 1626 fidelitatis,

318 1673 412 1740 quam
443 1671 504 1736 eqo
532 1671 573 1714 ex
605 1669 675 1712 mea
707 1647 895 1712 conscientia
923 1648 1047 1714 metior.
1098 1651 1203 1726 Quare
1231 1649 1257 1714 si
1279 1658 1331 1716 ant
1352 1648 1443 1712 aliter
1464 1645 1632 1720 sentirem,

318 1755 403 1809 certe
425 1743 598 1809 admonitio
619 1752 672 1808 tua
693 1761 744 1806 me
765 1740 939 1827 reprimere
961 1752 1028 1816 aut,
1050 1741 1077 1806 si
1099 1740 1291 1816 dubitarem,
1314 1741 1448 1807 hortatio
1470 1739 1632 1826 impellere

285 1848 440 1924 oposset,
461 1846 498 1903 ut
518 1836 549 1902 id
572 1857 739 1924 sequerer,
761 1834 846 1922 quod
867 1843 902 1899 tu
922 1835 1074 1920 optimum
1097 1847 1232 1920 putares.
1275 1840 1363 1900 Nunc
1384 1855 1461 1900 vero
1482 1833 1631 1921 quidest,

319 1932 405 2018 quod
426 1953 476 1996 me
498 1931 530 1996 in
552 1930 645 1996 aliam
666 1939 785 2016 partem
808 1928 932 1993 trahere
953 1928 1071 2014 possit?
1100 1933 1311 2016 Quaecunque
1332 1927 1365 1994 iu
1387 1951 1437 1993 me
1457 1928 1540 1995 bona
1561 1935 1633 1992 sunt

320 2035 372 2091 aut
393 2024 537 2090 lortunae
570 2023 723 2088 beneficio
751 2020 868 2087 tributa
897 2029 949 2086 aut
970 2043 1041 2087 meo
1062 2021 1170 2087 labore
1191 2029 1295 2108 parta,
1333 2020 1390 2087 etsi
1412 2042 1430 2086 a
1450 2032 1480 2088 te
1502 2035 1633 2108 propter

320 2139 459 2185 amorem
481 2119 584 2183 carius
605 2127 678 2183 sunt
698 2116 871 2190 aestimata,
894 2124 996 2180 tamen
1018 2116 1068 2181 vel
1088 2115 1296 2182 inimicissimi
1317 2115 1434 2182 iudicio
1456 2125 1537 2181 tanta
1551 2123 1631 2190 suut,

319 2222 354 2278 ut
387 2222 510 2298 praeter
537 2211 651 2276 bonam
686 2209 799 2275 lamam
827 2208 903 2274 nibil
937 2208 1116 2274 desiderare
1143 2207 1341 2275 videantur„
1374 2214 1404 2274 3.
1434 2212 1540 2288 Quare
1573 2210 1633 2276 hoc

282 2327 417 2372 anunum
438 2304 495 2369 tihi
516 2301 687 2390 persuade,
709 2311 859 2389 quantum
882 2301 1003 2368 viribus
1024 2303 1115 2378 eniti,
1137 2303 1268 2369 consilio
1290 2301 1475 2389 providere,
1498 2303 1633 2371 auctori·

319 2410 381 2465 tate
409 2419 538 2464 mouere
568 2406 724 2483 potuero,
758 2395 818 2462 boc
850 2417 942 2460 omne
970 2397 1018 2461 rei
1044 2394 1186 2482 publicae
1208 2417 1332 2482 semper
1358 2395 1508 2461 futurum.
1563 2401 1632 2462 Non

320 2503 368 2558 est
387 2494 512 2580 ignotus
544 2489 621 2556 mihi
653 2511 762 2556 seusus
784 2497 875 2568 tuus;
902 2510 1021 2577 neque,
1044 2489 1071 2555 si
1091 2489 1219 2556 facultas
1241 2490 1385 2576 optabilis
1406 2489 1483 2555 mihi
1506 2491 1632 2578 quidem
1680 2489 1685 2501 '

320 2587 365 2653 tui
387 2585 557 2672 praesentis
579 2593 675 2660 esset,
697 2604 834 2670 uuquam
855 2604 873 2648 a
895 2583 955 2648 tuis
976 2582 1114 2648 consiliis
1133 2581 1359 2670 discreparem;
1381 2605 1438 2650 nec
1453 2578 1535 2650 nnnc
1548 2607 1632 2651 com·

320 2681 455 2755 mittam,
488 2687 524 2745 ut
545 2678 643 2744 ullum
665 2698 768 2742 meum
791 2675 905 2744 lactum
926 2676 1158 2763 reprehendere
1179 2677 1249 2743 iure
1271 2678 1382 2764 possis.
1434 2683 1466 2746 d.
1494 2681 1569 2744 Sum
1600 2679 1634 2744 in

284 2793 311 2836 ss
321 2773 552 2861 exspectatione
579 2772 718 2838 omnium
747 2792 870 2847 rerum,
900 2772 976 2858 quid
1006 2771 1039 2836 iu
1068 2771 1164 2838 Gallia
1192 2771 1355 2843 citeriore,
1389 2773 1464 2859 quid
1493 2773 1524 2837 iu
1553 2771 1632 2838 urhe

320 2889 427 2934 mense
449 2866 593 2933 lanuario
614 2873 757 2950 geratur,
780 2877 815 2930 ut
835 2865 940 2931 sciam.
983 2865 1111 2931 Interim
1133 2865 1300 2929 maximam
1322 2865 1372 2930 hic
1393 2865 1632 2932 sollicitudinem

319 2983 488 3050 curamque
517 2962 671 3038 sustineo,
708 2981 747 3025 ne
774 2959 854 3025 inter
880 2961 981 3026 aliena
1002 2961 1076 3026 vitia
1104 2961 1162 3026 hae
1184 2970 1290 3045 gentes
1317 2971 1423 3026 nostra
1445 2962 1524 3027 mala
1545 2983 1632 3028 suam

319 3065 427 3141 putent
448 3057 655 3122 occasionem.
700 3053 792 3133 Quod
814 3054 840 3120 si
862 3054 1015 3141 proinde,
1038 3065 1073 3121 ut
1092 3055 1160 3140 ipse
1181 3075 1320 3131 mereor,
1343 3055 1419 3120 mihi
1441 3057 1631 3132 successerit,

320 3159 405 3215 certe
437 3159 469 3215 et
498 3149 568 3226 tibi,
600 3149 652 3216 cni
679 3151 815 3214 maxime
848 3149 956 3235 cupio,
989 3158 1021 3214 et
1052 3147 1196 3215 omuibus
1222 3148 1298 3214 viris
1323 3147 1415 3214 bonis
1436 3150 1632 3216 satisfaciam.

285 3249 380 3312 soFac
402 3245 505 3311 valeas
526 3264 638 3330 meque
660 3253 769 3310 mutuo
792 3241 912 3328 diligas.

809 3384 1149 3468 cmucmp

792 3497 935 3561 cxcuno
956 3497 1108 3561 remeo
1130 3499 1162 3561 s.

408 3624 436 3684 1.
463 3619 555 3684 Binas
586 3641 606 3684 a
634 3628 663 3683 te
691 3617 795 3703 accepi
822 3617 941 3682 litteras
969 3614 1081 3681 eodem
1111 3617 1269 3705 exemple;
1305 3619 1390 3706 quod
1419 3621 1519 3706 ipsum
1541 3641 1635 3706 argu-

321 3721 426 3778 mento
447 3712 523 3777 mihi
545 3711 602 3778 luit
623 3711 802 3798 diligentiae
824 3719 906 3775 tuae.
959 3710 1100 3776 Intellexi
1122 3711 1204 3776 enim
1227 3721 1257 3777 te
1278 3710 1438 3788 laborare,
1467 3722 1503 3778 ut
1523 3713 1561 3778 ad
1583 3734 1634 3779 me

284 3804 396 3878 amini
419 3805 701 3892 exspectatissimae
721 3805 842 3871 litterae
856 3803 1083 3892 perferrentur.
1125 3809 1174 3870 Ex
1195 3804 1308 3892 quibus
1330 3807 1398 3894 cepi
1420 3805 1554 3872 lructum
1576 3806 1635 3873 du-

320 3903 431 3986 plicam
460 3899 599 3986 mihique
630 3900 664 3964 in
690 3897 921 3985 comparatione
950 3896 1104 3964 difficilem
1134 3898 1172 3964 ad
1199 3897 1417 3973 iudicandum,
1453 3922 1633 3967 amoremne

319 4013 393 4078 erga
416 4014 465 4058 me
488 4001 591 4068 tuum,
625 3993 823 4058 unanimum
845 3993 877 4057 iu
906 4013 974 4057 rem
1002 3990 1158 4078 publicam
1179 3991 1277 4079 pluris
1299 3993 1523 4060 aestimandum
1545 4004 1634 4082 puta-

319 4107 396 4152 rem.
438 4091 493 4152 Est
514 4086 642 4153 omnino
663 4087 781 4174 patriae
803 4085 914 4152 caritas
936 4106 1006 4150 meo
1028 4083 1153 4172 quidem
1170 4085 1286 4151 iudicio
1302 4087 1528 4178 maxima;(sed
1544 4109 1635 4154 amor

319 4181 547 4268 voluntatisque
569 4181 746 4247 coniunctio
773 4179 843 4266 plus
866 4188 950 4244 certe
972 4177 1065 4264 habet
1091 4177 1269 4280 suavitatis.)
1318 4186 1424 4269 ltaque
1445 4203 1634 4248 commemo-

123 4273 160 4300 ·’“
282 4274 399 4348 ,oratio
426 4283 479 4340 tua
511 4285 658 4360 paternae
685 4273 920 4340 necessitudinis
942 4271 1239 4360 benevolentiaeque
1261 4279 1342 4348 eius,
1372 4297 1465 4363 quam
1487 4296 1562 4362 erga
1583 4295 1634 4340 me

318 4391 337 4434 a
365 4369 497 4455 pueritia
529 4368 727 4444 contulisses,
764 4379 1001 4454 ceterarumque
1035 4387 1156 4441 rerum,
1187 4389 1267 4454 quae
1297 4367 1336 4433 ad
1363 4389 1430 4433 eam
1452 4370 1634 4435 senteutiam

318 4461 529 4550 pertinebant,
552 4461 766 4529 incredibilem
789 4461 864 4527 mihi
886 4461 1033 4527 laetitiam
1051 4461 1230 4527 attulerunt.
1272 4465 1303 4527 2.
1326 4468 1444 4528 ltursus
1466 4461 1634 4529 declaratio

318 4557 414 4623 animi
436 4561 502 4630 tui,
536 4578 640 4642 quem·
657 4555 790 4621 baberes
812 4555 852 4621 de
873 4553 1053 4642 republica
1075 4576 1231 4642 quomque
1252 4554 1415 4622 habiturus
1436 4577 1535 4633 esses,
1557 4554 1634 4621 mihi

318 4662 386 4718 erat
406 4649 647 4716 iucundissima:
670 4671 771 4736 eoque
786 4650 888 4716 maior
901 4661 969 4717 erat
982 4650 1059 4716 baec
1072 4648 1204 4722 laetitia,
1227 4648 1313 4736 quod
1335 4649 1373 4715 ad
1394 4648 1447 4716 illa
1471 4649 1634 4736 superiora

389 4833 415 4882 5.
434 4833 481 4882 cett
500 4832 638 4881 Baiterusa
658 4833 718 4880 suo
735 4831 781 4890 Μ,
801 4833 864 4881 udus·
881 4832 912 4882 u.
934 4859 962 4870 -·
1000 4832 1045 4884 21.
1064 4845 1164 4882 monere
1184 4844 1224 4895 pr.
1243 4831 1279 4882 Μ.
1317 4830 1369 4881 Sed
1389 4830 1423 4880 cl.
1439 4831 1496 4880 Lib.
1517 4829 1562 4882 lx.
1583 4828 1632 4893 Ep.

319 4901 363 4952 34.
383 4901 412 4964 §-
431 4901 458 4951 d.
481 4926 511 4938 -
529 4908 641 4964 potuero
658 4901 703 4952 M:
728 4901 869 4965 poterell.
898 4927 927 4938 -
946 4901 990 4953 2³.
1011 4903 1131 4952 omittam
1148 4901 1184 4952 Μ.
1208 4921 1239 4936 «-
1257 4899 1301 4951 26.
1320 4908 1350 4950 ut
1367 4903 1448 4950 actum
1466 4899 1530 4951 secl.
1552 4899 1579 4950 ll.
1602 4923 1633 4936 -·

318 4971 363 5025 38.
381 4971 488 5033 perinde
507 4971 614 5023 Ambrr·
634 4977 697 5023 tres.
714 4995 742 5007 ··
762 4971 805 5022 ³0.
825 4971 907 5022 medo
925 4971 961 5022 Μ.
976 4999 1003 5009 -
1025 4973 1068 5022 37.
1087 4985 1144 5035 rep.
1163 4970 1200 5022 Μ.
1218 4995 1249 5006 -
1269 4970 1312 5022 la.
1331 4970 1458 5022 occulunt
1476 4969 1633 5022 lambiunt.
