3666 5874
254 427 359 486 mill

257 583 439 648 certiorem
457 575 595 671 fucere,
615 581 656 648 ut
677 599 879 668 accurrom3
901 597 1003 668 quae,
1024 581 1069 670 ci,
1090 579 1214 650 ceteris
1226 577 1311 648 cel.
1328 597 1408 648 casu
1423 576 1583 668 deperdi-

256 684 316 768 tis,
341 682 424 752 cdd.
445 685 502 752 isti
523 685 720 772 interpolati
740 686 803 751 soli
825 685 922 751 nobis
943 686 1070 751 servati
1092 687 1222 766 essent,
1243 703 1339 752 nemo
1361 704 1429 751 non
1443 683 1582 752 baberet

256 805 318 872 pro
341 788 580 857 Ciceronianis.
622 787 754 854 Etenim
778 791 812 856 et
833 791 1001 856 sententia
1022 791 1095 876 ipsa
1118 793 1151 856 et
1173 789 1278 856 verba
1300 807 1413 875 perae
1428 791 1583 875 spectata

254 912 323 960 non
351 894 506 960 malorem
534 892 659 962 babent
688 892 916 980 offensionem,
951 913 1047 981 qnam
1073 897 1190 960 nostra
1218 893 1324 960 verba
1354 896 1583 961 controversa.

254 998 340 1068 Item
362 994 609 1078 addition,
640 994 710 1087 11,
740 993 801 1063 12.
827 1001 868 1064 ut
889 1003 964 1065 strae
985 1017 1084 1065 mora
1105 1003 1271 1065 curentur
1299 997 1433 1085 Cicero;
1467 999 1583 1066 lunius

255 1106 367 1170 autem
389 1120 408 1168 c
430 1100 559 1168 duobus
581 1099 679 1169 cdd:
700 1105 741 1168 nt
755 1106 831 1168 abac
844 1121 961 1188 mora,
984 1120 1072 1194 quoe
1094 1102 1142 1168 ud
1161 1119 1216 1168 one
1239 1105 1434 1193 pertinent,
1456 1119 1584 1170 currera-

256 1212 334 1292 tur,·
361 1205 426 1273 hoc
449 1204 579 1291 quidem
601 1207 676 1273 loco
698 1223 820 1296 magno
843 1225 975 1292 errore,
1001 1225 1065 1274 nec
1086 1209 1197 1272 tamen
1219 1205 1318 1272 facile
1341 1207 1413 1272 sine
1435 1206 1584 1272 meliori.

256 1312 320 1378 bus
341 1308 425 1378 cdd.
445 1308 654 1397 detegend03
690 1329 884 1397 quamquam
912 1310 1059 1376 tortasse
1090 1309 1265 1376 Bentleius
1291 1310 1410 1396 aliquis
1432 1311 1585 1395 interpo-

255 1416 429 1502 latlonem,
466 1416 530 1480 etsi
559 1433 641 1481 casu
671 1412 811 1501 quodam
841 1416 875 1480 ia
905 1415 1055 1482 omnibns
1086 1413 1169 1482 cad.
1201 1417 1387 1502 repertam,
1419 1433 1480 1479 suo
1514 1416 1585 1481 inre

255 1517 455 1586 induxisset.
498 1515 558 1585 Ad
571 1515 681 1585 Atttc.
698 1513 766 1604 16,
783 1517 853 1606 15,
869 1513 920 1584 3.:
942 1517 1004 1585 scd
1018 1522 1074 1604 tn,
1097 1536 1175 1584 euru
1190 1517 1333 1605 leporis,
1355 1518 1586 1585 existimabis.

256 1621 314 1690 Ad
337 1640 422 1710 quae
444 1622 551 1688 verba
573 1624 713 1713 egregia
736 1625 788 1689 est
809 1625 984 1689 annotatio
1006 1622 1220 1706 Malasplnae
1244 1612 1327 1706 (fol.
1343 1619 1442 1690 273.
1462 1623 1492 1688 b.
1513 1621 1584 1690 Ed.

264 1725 347 1794 Ven.
369 1717 540 1812 1663.).·
566 1726 707 1794 ‹tllaerni
739 1727 824 1793 liber
852 1728 931 1812 post
959 1725 1043 1793 baec
1071 1725 1177 1792 verba
1203 1743 1336 1792 annexa
1363 1723 1464 1792 babet
1487 1727 1585 1794 ctiam

256 1830 328 1896 illa:
351 1835 521 1921 puorumu
539 1826 639 1896 borno
660 1835 728 1897 istc
744 1850 807 1898 reos
827 1829 963 1918 dllipot.
1007 1829 1051 1896 lit
1068 1830 1178 1916 paullo
1198 1829 1303 1916 inira,
1326 1832 1404 1916 post
1420 1827 1586 1898 addidere

256 1933 483 2002 raedictnorn:
522 1932 615 2018 Quid
632 1939 726 2001 enim
749 1939 823 2000 ium
849 1939 919 2023 cat,
949 1934 1039 2025 quod
1057 1952 1118 2022 epo
1141 1933 1196 1999 oei
1216 1933 1352 2000 aemilio
1371 1932 1427 1999 oel
1443 1932 1586 2000 corniito

255 2037 421 2124 prodesse
442 2034 600 2124 possim?
637 2037 688 2104 lie
717 2038 836 2124 quibus
866 2036 943 2124 quid
966 2036 1071 2105 dicam
1093 2035 1201 2124 aliud,
1233 2037 1298 2103 nisi
1320 2053 1361 2104 ea
1382 2036 1488 2104 videri
1511 2035 1587 2102 mibi

258 2141 498 2226 Gasparrlnum
519 2141 690 2230 redolere,
724 2143 778 2228 qui
800 2143 894 2208 libris
916 2142 1073 2227 supplere
1095 2144 1319 2208 consueverat
1342 2159 1385 2208 ex
1407 2133 1522 2206 suoi»
1545 2169 1587 2186 -·

256 2243 423 2336 Egregie,
445 2247 594 2333 inquam3
617 2247 714 2312 etiam
735 2247 813 2332 qaaia
834 2245 995 2312 indicavit
1017 2247 1101 2310 satis
1123 2245 1339 2330 probabiliter
1361 2246 1500 2310 omnium
1523 2244 1588 2316 ba-

254 2368 328 2416 rum
349 2351 642 2435 interpolationum
665 2351 812 2436 patrem,
834 2350 905 2416 scil.
921 2348 1159 2435 Gasparrinum
1179 2349 1352 2415 Baruizam
1368 2350 1457 2431 sive,
1480 2351 1517 2414 nt
1532 2349 1588 2414 alii

257 2454 395 2539 volunt,
415 2451 627 2520 Rurziutum
649 2447 738 2542 (ego
760 2448 948 2521 conradum
971 2452 1154 2522 Gesnerum
1177 2443 1321 2539 aequor]
1343 2453 1588 2543 Bergomatem‚

257 2557 400 2624 nobilem
422 2555 678 2624 Grammaticum
700 2552 778 2625 Sec.
792 2555 887 2646 XV,
923 2560 986 2623 etsi
1013 2558 1068 2624 alli
1098 2558 1285 2643 complures
1312 2555 1457 2623 eiusdem
1484 2558 1589 2625 seculi

258 2661 471 2732 Grammaticl
501 2659 640 2728 eandem
670 2661 760 2727 vlam
788 2665 823 2728 et
844 2663 1006 2729 rationem
1029 2662 1265 2747 sequebantur.
1305 2657 1378 2728 Sed
1398 2661 1454 2729 iac
1477 2678 1590 2728 omncs

257 2761 341 2834 cdd.
355 2764 454 2831 nobis
474 2767 576 2832 actos
598 2763 736 2832 eandem
758 2765 935 2832 lectionem
957 2764 1117 2831 exalacrc
1131 2767 1272 2851 utroque
1287 2765 1322 2830 in
1336 2766 1411 2832 loco
1425 2783 1466 2832 ac
1481 2763 1590 2832 Faer-

257 2870 408 2958 nlanum,
430 2869 486 2956 qui
509 2866 616 2936 codex
638 2887 879 2955 saepenumero
902 2873 1065 2956 tamquam
1088 2865 1254 2950 κειμήλιον
1277 2866 1433 2936 laudatur
1454 2888 1475 2934 a
1493 2871 1589 2936 criti-

151 2997 158 3010 ·
258 2975 308 3042 cis
322 2971 401 3040 inde
415 2991 435 3040 a
450 2971 646 3059 Moluspiua
660 2975 695 3039 et
714 2971 858 3060 Ursino,
881 2974 971 3060 quis,
993 2991 1134 3059 quaeso,
1156 2975 1191 3039 in
1212 2974 1433 3058 suspicionem
1455 2991 1589 3062 vocare,

257 3076 379 3163 nedum
401 3075 515 3148 delere
537 3095 641 3144 ansus
662 3079 753 3144 esset
775 3079 841 3144 iata
862 3078 968 3145 verba
989 3083 1157 3169 qtmrtturn
1178 3075 1278 3160 bomo
1293 3082 1359 3144 tete
1373 3096 1437 3144 reos
1453 3077 1589 3167 dtiipot,

259 3187 294 3250 ei
315 3185 382 3248 iam
405 3183 576 3272 egregiam
599 3183 780 3250 clausulam
802 3185 920 3267 atque,
942 3183 976 3247 in
998 3183 1143 3268 epistola
1164 3183 1376 3268 pracsertim,
1399 3199 1481 3248 vere
1503 3180 1591 3248 'lul-

257 3289 399 3377 lianam,
428 3287 493 3352 nial
513 3287 710 3354 reiicerctur
732 3305 753 3353 a
773 3286 917 3353 testibus
939 3288 1046 3351 minas
1067 3288 1255 3372 corruptis:
1291 3283 1383 3369 Quid
1404 3290 1498 3352 carim
1518 3289 1592 3352 tom

257 3393 332 3480 eat,
354 3390 445 3480 porod
465 3409 528 3476 epo
549 3389 605 3455 oei
626 3389 780 3482 cumdio,
813 3390 869 3455 oei
890 3389 1033 3456 cortailio
1053 3390 1216 3474 prodesse
1238 3385 1396 3475 possim?
1431 3386 1592 3455 audacter

260 3498 295 3562 ei
317 3497 459 3580 temere,
489 3496 526 3559 ut
548 3512 612 3559 nos
633 3512 763 3582 omnes,
786 3495 842 3580 qui
864 3498 980 3559 nostro
1002 3495 1075 3559 iure
1096 3490 1247 3560 codicum
1269 3493 1461 3559 auctoritati
1484 3493 1592 3580 pluri-

259 3616 346 3668 mum
367 3595 578 3664 tribuendum
595 3615 670 3664 esse
685 3598 901 3684 arbitramur,
923 3616 990 3662 uno
1005 3613 1173 3663 consensu
1188 3597 1477 3664 exclamassemus.
1519 3597 1593 3664 loc-

261 3701 335 3786 dem
364 3705 474 3768 autem
503 3719 643 3786 prorsus
669 3703 756 3768 ratio
789 3705 842 3767 cst
872 3703 1031 3788 quattuor
1057 3701 1235 3768 verborum
1264 3704 1336 3766 tres
1361 3703 1450 3768 inter
1468 3702 1593 3769 amicos

262 3810 566 3874 controversorum.
609 3803 813 3892 Quamquam
842 3807 876 3871 in
906 3804 958 3870 bis
989 3805 1139 3872 omnibus
1167 3804 1201 3871 id
1229 3803 1410 3892 praevideo
1433 3805 1522 3893 iore,
1555 3809 1593 3871 ut

261 3911 376 3978 dicant
405 3911 602 3978 manifestas
628 3910 927 3996 interpolationes,
963 3907 1149 3976 iamdudum
1178 3909 1221 3976 ab
1245 3909 1395 3976 omnibus
1416 3911 1593 4000 agnitaac

261 4013 411 4082 tenebris
440 4007 518 4096 [ubi
545 4033 596 4081 rue
624 4033 754 4102 quoque
776 4016 1010 4082 consentiente
1031 4015 1149 4080 merito
1171 4003 1345 4094 latebant]
1374 4030 1468 4080 ame
1491 4031 1593 4099 prae-

261 4122 400 4206 postere
423 4118 577 4203 proferri.
619 4118 695 4210 ldgo
717 4137 801 4184 vcro
823 4138 922 4184 unum
943 4117 1024 4194 illud
1047 4107 1230 4185 ldcntidcm'
1247 4122 1382 4206 repeto,
1403 4118 1593 4188 melioribus

262 4221 345 4292 cod.
366 4223 431 4288 nisi
454 4223 504 4288 usi
526 4227 641 4288 essent
663 4222 825 4307 editores,
861 4221 960 4289 bodie
987 4241 1118 4309 quoque
1148 4220 1262 4287 eadem
1283 4223 1350 4287 ista
1372 4224 1407 4287 ln
1430 4221 1594 4292 Tullianis

260 4327 471 4396 haberemus.
511 4321 581 4394 Sed
614 4324 692 4413 quid
723 4326 851 4414 Topica
882 4345 989 4413 nuper
1017 4326 1094 4391 mibi
1125 4328 1324 4393 retractanti
1353 4345 1416 4391 usn
1443 4328 1593 4414 venerii,

262 4433 419 4498 narrabo.
462 4429 635 4498 Habebam
649 4427 732 4498 Cdd.
747 4431 831 4498 duos
844 4426 1106 4521 sangallenses,
1127 4431 1266 4496 alterum
1283 4425 1360 4498 Sec.
1371 4427 1431 4514 X.,
1453 4430 1593 4500 alterum

261 4532 341 4608 Sec.
354 4533 418 4602 Xl.
438 4553 459 4602 a
481 4552 532 4601 roe
554 4535 715 4622 collatos,
748 4538 838 4601 tertii
865 4534 1108 4602 iliaslcdionsls
1134 4533 1268 4600 mirilico
1290 4551 1363 4600 cum
1385 4528 1594 4624 Sangallen-

263 4641 356 4706 sibus
370 4639 612 4725 conspirantis,
633 4640 668 4705 in
684 4638 876 4726 quibusdam
899 4642 996 4706 etiam
1012 4640 1174 4726 melioris,
1189 4639 1470 4704 accuratissimam
1485 4639 1594 4707 colla-

264 4745 407 4832 tionem,
440 4741 673 4810 ldrturtensem
701 4743 766 4810 boc
795 4746 829 4808 lu
859 4745 1019 4830 opuscolo
1049 4744 1230 4829 perbonam
1254 4761 1275 4809 a
1295 4741 1491 4831 Wundero,
1528 4762 1592 4829 qao
1686 4749 1689 4755 '

265 4865 361 4916 nemo
391 4847 464 4914 fere
495 4847 689 4938 diligentior
717 4850 787 4935 cet,
820 4847 855 4914 in
882 4847 996 4916 Lectt·
1027 4843 1116 4918 Uice.
1145 4865 1338 4932 excussum3
1374 4864 1447 4914 cum
1476 4846 1593 4916 iisdem

265 4953 445 5020 maioribus
476 4954 511 5019 ln
543 4956 645 5023 rebus
677 4952 901 5020 conveniebat
934 4949 1182 5020 oxoniensibus
1209 4951 1249 5016 B.
1279 4945 1309 5036 ρ’.
1339 4953 1374 5017 et
1405 4948 1592 5039 Gryphianl

267 5059 439 5143 excerptis
452 5057 542 5146 apud
563 5059 614 5126 Io.
630 5057 737 5132 Micb.
752 5056 903 5124 Brutum.
948 5052 1099 5124 Omnium
1114 5059 1225 5123 autem
1239 5053 1354 5132 horum
1368 5057 1496 5140 septem
1511 5047 1593 5130 cdd.
