3658 5930
342 353 405 416 624
832 351 891 414 ΕΡ.
912 353 963 414 ΑΒ
985 353 1164 416 ATTlCUll

342 518 461 584 tamen,
498 504 602 592 quoad
622 504 739 572 bellum
761 505 837 583 erit,
870 507 945 594 quid
966 527 1055 593 agam
1077 518 1131 574 ant
1157 505 1213 574 ubi
1242 507 1320 585 sim,
1352 530 1416 576 non
1435 511 1626 597 reperim
1670 511 1721 574 sin

341 605 455 678 iactor,
484 600 657 667 eominus.
711 605 818 686 ltaque
839 612 908 668 tuas
929 602 1047 668 litteras
1069 611 1234 688 exspecto;
1269 623 1386 691 easque
1407 613 1442 670 ut
1463 603 1515 668 ad
1546 623 1617 667 me
1645 602 1720 668 sine

342 696 538 764 dubitatione
559 692 695 768 scribas,
718 715 808 780 rogo.
850 699 882 760 4.
905 695 999 773 Quod
1021 696 1152 769 suades,
1175 706 1210 763 ut
1231 696 1270 763 ad
1294 698 1444 776 Quintum
1467 695 1650 762 scribam
1676 695 1718 760 de

342 794 390 859 bis
418 790 544 857 litteris:
575 787 729 862 lacerem,
766 787 793 852 si
825 809 876 852 me
904 788 1073 875 quidquam
1104 790 1182 856 istae
1210 789 1333 856 litterae
1355 791 1588 857 delectarent.
1643 789 1717 854 Etsi
1795 861 1796 870 χ

318 887 469 976 iquidam
499 882 625 970 scripsit
651 881 689 946 ad
717 903 767 947 me
795 881 844 946 his
866 883 989 948 verbis:
1025 887 1143 969 ‚,Ego,
1165 893 1200 950 ut
1221 884 1253 950 in
1276 885 1324 950 his
1346 886 1452 961 malis,
1474 885 1609 950 Patris
1637 905 1715 950 sum

342 1004 432 1060 „non
453 980 583 1056 invitus;
606 996 706 1042 essem
728 975 892 1053 libentius,
926 977 953 1042 si
974 976 1073 1042 irater
1094 987 1166 1044 tuus
1189 999 1225 1044 ea
1248 979 1286 1046 de
1308 988 1338 1043 te
1361 979 1592 1066 loqueretur,
1621 998 1714 1064 quae
1795 973 1796 987 ¹

342 1095 430 1160 „ego
452 1075 561 1140 audire
587 1071 727 1136 vellens
787 1069 880 1149 Quod
907 1071 953 1136 ais
983 1071 1070 1138 illum
1099 1073 1138 1138 ad
1169 1082 1199 1138 te
1228 1071 1367 1138 scribere
1397 1092 1448 1137 me
1475 1071 1552 1136 sibi
1593 1072 1711 1136 nullas

342 1168 460 1234 litteras
484 1166 662 1240 remittere,
700 1165 796 1230 semel
818 1164 857 1229 ab
879 1164 947 1250 ipso
970 1165 1096 1252 accepi;
1134 1165 1174 1230 ad
1206 1187 1258 1231 eas
1280 1166 1460 1252 Cephalioni
1490 1165 1608 1238 dedi,
1650 1165 1710 1251 qui

343 1261 459 1326 multos
480 1279 603 1324 meuses
625 1258 861 1341 tempestatibus
890 1268 1030 1324 retentus
1053 1269 1109 1325 cst.
1154 1260 1302 1336 Quintum
1326 1259 1423 1326 lilium
1445 1259 1483 1324 ad
1508 1281 1577 1324 me
1605 1280 1709 1324 acer-
1795 1339 1796 1353 χ

308 1352 472 1420 tibissime
502 1352 663 1438 scripsisse
692 1351 756 1417 iam
786 1362 856 1417 ante
884 1352 924 1417 nd
952 1363 983 1418 te
1004 1352 1125 1438 scripsi.
1171 1357 1202 1418 5.
1224 1349 1406 1419 Extremum
1430 1364 1496 1427 est,
1535 1353 1648 1440 quod
1673 1365 1707 1418 te
1795 1359 1796 1380 ¹

345 1468 451 1521 orem,
473 1447 500 1513 si
521 1457 610 1534 putas
632 1457 751 1512 rectum
775 1467 843 1512 esse
866 1455 897 1511 et
918 1467 936 1511 a
958 1456 988 1511 te
1011 1448 1125 1533 suscipi
1149 1468 1257 1533 posse,
1280 1468 1351 1512 cum
1374 1448 1504 1514 Camillo
1531 1469 1703 1512 commu-

343 1541 447 1617 nices,
483 1549 519 1606 ut
538 1540 715 1607 Terentiam
738 1540 891 1605 moneatis
913 1538 953 1604 de
974 1549 1170 1606 testamento.
1219 1547 1375 1626 Tempora
1396 1551 1551 1616 monent,
1581 1551 1626 1606 ut
1651 1541 1703 1605 vi-

344 1634 428 1709 deat,
450 1644 486 1700 ut
506 1635 692 1710 satisfaciat,
728 1632 842 1720 quibus
866 1632 968 1699 debet.
1011 1634 1158 1701 Auditum
1182 1657 1222 1700 cx
1251 1634 1418 1701 Philotimo
1439 1643 1487 1700 est
1508 1655 1596 1700 eam
1623 1657 1698 1702 sce-

342 1728 440 1795 lerate
462 1728 613 1815 quaedam
636 1727 751 1793 lacere.
795 1726 953 1794 Credibile
974 1728 1029 1793 rix
1051 1737 1114 1806 est;
1145 1728 1200 1794 sed
1223 1737 1324 1802 certe,
1347 1729 1373 1793 si
1395 1729 1568 1814 quidest,
1597 1730 1697 1816 quod

308 1821 414 1887 *iteri
434 1822 547 1908 possit,
570 1821 801 1910 providendum
823 1832 879 1888 est.
922 1826 968 1887 De
990 1821 1139 1888 omnibus
1160 1821 1257 1888 rebus
1278 1822 1372 1887 velina
1395 1821 1434 1886 ad
1456 1843 1506 1887 me
1529 1822 1691 1896 scribas,

344 1925 376 1982 et
403 1915 539 1981 maxime
570 1915 646 2002 quid
672 1913 822 1996 †scribas
851 1914 891 1980 de
921 1935 968 1981 ea.
1024 1920 1060 1981 ln
1092 1925 1234 2003 quotue
1257 1916 1507 2001 consilioegeo,
1550 1916 1692 1982 etiamsi

343 2010 421 2078 nibil
443 2009 622 2095 excogitan
643 2008 678 2074 id
699 2008 781 2073 enim
804 2007 881 2073 mihi
902 2009 963 2076 erit
984 2029 1043 2096 pro
1066 2009 1241 2095 desperato.
1285 2028 1339 2077 111.
1360 2013 1463 2076 Nonas
1483 2013 1557 2076 lun.

797 2151 895 2215 arn.
937 2146 997 2232 (A.
1022 2151 1054 2215 n.
1077 2151 1110 2214 c.
1131 2153 1226 2232 ror.)

828 2273 970 2337 CICERO
993 2273 1137 2337 ATTICO
1160 2274 1191 2336 S.

307 2403 336 2448 so
432 2388 461 2451 1.
481 2379 726 2469 Properantibus
746 2379 917 2448 tabellariis
939 2381 1047 2447 alienis
1069 2382 1147 2448 banc
1168 2383 1330 2470 epistolam
1352 2382 1442 2463 dedi3
1473 2405 1512 2450 eo
1534 2383 1681 2450 brevior

346 2487 409 2554 est,
441 2487 487 2555 et,
521 2476 605 2564 quod
636 2498 722 2541 eram
752 2476 905 2542 missurus
934 2497 1033 2542 meos.
1079 2477 1179 2543 Tullia
1208 2498 1277 2542 mea
1307 2484 1392 2544 venit
1419 2477 1458 2544 ad
1485 2500 1535 2544 me
1566 2479 1680 2566 pridie
1781 2504 1785 2521 ·

344 2572 417 2639 ldus
445 2577 513 2639 lun.
541 2571 641 2657 deque
671 2580 723 2636 tua
750 2590 824 2655 erga
853 2591 886 2636 se
911 2569 1108 2636 observantia
1131 2569 1408 2658 benevolentiaque
1431 2571 1505 2637 mihi
1528 2573 1676 2659 plurima

345 2666 491 2752 esposuit
519 2665 698 2751 litterasque
727 2663 864 2729 reddidit
885 2663 990 2730 trinas.
1048 2668 1115 2750 Ego
1142 2675 1247 2730 antem
1269 2686 1309 2730 ex
1336 2665 1433 2753 ipsius
1455 2667 1588 2743 virtute,
1617 2667 1677 2731 hu-

344 2761 510 2834 manitate,
543 2760 657 2845 pietate
687 2779 748 2824 uon
781 2757 877 2824 modo
911 2779 979 2822 eam
1009 2759 1198 2845 voluptatem
1221 2780 1284 2825 nou
1313 2758 1398 2845 cepi,
1435 2782 1526 2841 quarn
1550 2780 1673 2846 capere

307 2871 385 2920 snex
407 2853 558 2939 singulari
579 2851 641 2918 lilia
662 2850 772 2930 debui;
805 2851 860 2917 sed
888 2852 982 2917 etiam
1002 2851 1177 2917 incredibili
1200 2873 1269 2917 sum
1292 2852 1401 2918 dolore
1422 2853 1564 2928 allectus,
1610 2853 1672 2918 tale

343 2949 502 3034 ingenium
524 2947 556 3012 in
585 2955 647 3011 tam
669 2947 783 3011 misera
804 2945 930 3012 fortuna
950 2946 1073 3011 versari
1094 2946 1188 3032 idque
1216 2945 1358 3011 accidere
1381 2948 1467 3012 nullo
1489 2947 1590 3032 ipsius
1615 2945 1670 3010 de-

343 3042 439 3117 licto,
471 3061 592 3107 summa
621 3040 711 3126 culpa
743 3061 823 3106 mea.
879 3043 988 3127 ltaque
1010 3060 1028 3104 a
1049 3049 1079 3105 te
1102 3061 1203 3126 neque
1220 3041 1465 3106 consolationem
1486 3041 1564 3116 iam,
1605 3059 1668 3126 qua

344 3157 459 3223 cupere
481 3143 511 3200 te
533 3134 578 3200 uti
600 3133 711 3208 video,
734 3155 793 3198 nee
814 3134 994 3208 consilium,
1017 3133 1103 3219 quod
1124 3133 1191 3220 capi
1214 3132 1331 3199 nullum
1354 3143 1474 3219 potest,
1498 3143 1666 3219 exspecto,-

344 3237 437 3315 teque
459 3228 564 3294 omnia
588 3247 659 3292 cum
681 3227 900 3313 superioribus
922 3248 1015 3314 saepe
1037 3227 1164 3300 litteris,
1194 3236 1258 3293 tum
1286 3227 1439 3313 proximis
1461 3237 1596 3292 tentasse
1619 3226 1667 3290 iu·

308 3323 461 3406 intelligo.
503 3326 570 3407 Ego
599 3342 669 3386 curn
698 3323 843 3388 Sallustio
872 3321 1055 3388 Ciceronem
1084 3319 1125 3386 ad
1146 3323 1309 3386 Caesarem
1332 3321 1456 3385 mittere
1478 3321 1662 3408 cogitabam.

345 3416 478 3482 Tulliam
500 3425 618 3488 antem,
652 3436 714 3480 non
735 3415 882 3480 videbam
903 3434 971 3480 asse
993 3435 1134 3490 causam,
1165 3435 1222 3481 eur
1243 3415 1359 3480 diutius
1380 3435 1502 3480 mecum
1524 3423 1610 3480 tanto
1632 3413 1663 3477 in

345 3508 503 3574 communi
525 3530 668 3574 maerore
686 3509 866 3574 retinerem.
908 3513 1017 3596 Itaque
1031 3507 1123 3574 matri
1140 3529 1224 3583 eam,
1247 3529 1317 3572 cum
1340 3507 1476 3595 primum
1489 3529 1548 3594 per
1563 3509 1661 3594 ipsam

343 3601 471 3676 liceret,
494 3622 580 3668 eram
601 3603 800 3668 remissurus.
842 3605 904 3667 Pro
927 3623 979 3678 ea,
1002 3623 1095 3687 quam
1117 3601 1156 3668 ad
1178 3601 1305 3667 modum
1327 3601 1515 3668 consolantis
1537 3600 1660 3688 scripsi-

346 3695 400 3770 sti,
423 3705 531 3780 putato
553 3717 589 3761 ea
610 3717 661 3762 me
683 3696 867 3782 scripsisse,
890 3716 970 3781 quae
992 3705 1025 3762 tu
1047 3696 1115 3782 ipse
1137 3695 1282 3781 intelligis
1304 3693 1489 3782 responderi
1511 3697 1659 3782 potuisse.

308 3791 377 3854 ss2.
399 3789 493 3866 Quod
515 3788 649 3876 Oppium
671 3799 774 3855 tecum
797 3788 907 3855 scribis
922 3788 1076 3864 locutum,
1098 3809 1162 3854 nou
1184 3788 1333 3855 abhorret
1354 3811 1371 3854 a
1392 3809 1462 3854 mea
1483 3789 1659 3874 suspicione

415 3997 442 4047 1.
460 3996 499 4048 iit
515 3995 553 4048 Μ.
571 4021 604 4033 -
624 3997 650 4046 2.
669 3999 757 4048 iactor
774 4003 821 4047 out
838 3998 957 4056 reiicior,
982 4010 1011 4048 so
1028 3997 1177 4048 Cratander
1194 4004 1219 4049 et
1238 3997 1397 4048 Lambinus.
1416 4019 1445 4034 -
1465 3993 1566 4059 susque]
1586 3997 1654 4046 Tort.

345 4078 435 4130 suque.
455 4066 506 4119 Oa.
535 4092 563 4105 -
602 4067 628 4118 3.
647 4068 684 4116 cci
702 4066 838 4129 minium]
869 4073 947 4132 atqua
965 4067 1011 4128 Μ,
1040 4068 1077 4118 ad
1097 4073 1121 4118 ts
1146 4069 1170 4118 l.
1199 4094 1228 4104 -
1267 4067 1293 4117 i.
1320 4068 1413 4118 Malim
1443 4065 1474 4117 ds
1491 4067 1534 4116 iis.
1555 4065 1606 4116 0a.
1628 4088 1654 4101 ·-

343 4135 402 4188 Etsi
420 4137 528 4200 quidem
545 4135 660 4201 scripsit]
681 4137 796 4201 Quidum
814 4139 920 4199 scripsit
940 4139 988 4187 stsi
1005 4137 1075 4198 tta,
1108 4138 1221 4200 Quidam
1238 4139 1344 4199 scripsit
1363 4139 1384 4187 1.
1407 4163 1436 4174 -
1474 4136 1500 4186 u.
1521 4135 1611 4184 codun
1628 4133 1657 4182 ds

344 4207 375 4256 ll.
404 4233 436 4244 -
470 4208 498 4258 7.
524 4220 644 4272 speum·
664 4209 695 4259 li.
725 4233 759 4244 -
795 4207 822 4257 3.
840 4205 909 4271 ipso]
939 4208 994 4270 ipse
1012 4208 1059 4258 iiio
1078 4220 1146 4258 corr.
1167 4207 1211 4268 Μ,
1242 4207 1289 4256 iiio
1307 4208 1339 4258 li·
1376 4231 1410 4242 -
1444 4206 1471 4257 a.
1492 4205 1584 4255 odins
1602 4217 1654 4254 om.

343 4276 375 4327 lt.
395 4299 426 4315 -·
461 4278 503 4329 to.
523 4275 603 4342 quod]
625 4279 713 4328 ullibi
732 4279 796 4329 dicit
814 4281 870 4328 ut.»
892 4279 961 4328 Ean.
981 4301 1011 4313 -
1038 4278 1081 4328 13.
1103 4277 1175 4328 debet
1192 4279 1255 4327 Asc.
1277 4290 1318 4340 pr.
1338 4283 1364 4326 et
1381 4276 1547 4326 Lambinus:
1568 4275 1657 4324 dsbsct

341 4346 438 4398 staltt.
454 4372 483 4385 -
504 4348 546 4398 13.
567 4348 629 4412 quid
646 4348 746 4399 scribas
764 4349 798 4397 ds
812 4361 844 4398 su
860 4347 943 4400 siut:
963 4347 1025 4410 quid
1042 4347 1143 4398 scribas
1161 4348 1193 4396 cis
1211 4361 1241 4396 ao
1258 4347 1359 4411 Popma
1376 4352 1485 4396 auctore
1498 4345 1528 4394 E.
1550 4341 1656 4408 (scribas

343 4429 397 4466 om·
416 4417 482 4468 Cod.
501 4418 610 4469 Tairni·
646 4419 759 4470 Malim:
788 4417 984 4482 qssidseiasde
1002 4431 1043 4468 sa.
1063 4416 1115 4470 0a.
1136 4443 1166 4454 -
1203 4431 1249 4482 spo
1267 4417 1291 4466 l.
1316 4439 1341 4450 -
1381 4417 1423 4467 17.
1439 4429 1491 4478 pro
1509 4407 1655 4476 mereto]

340 4500 392 4549 pro
411 4487 546 4549 espieruto
565 4490 597 4538 a.
635 4488 764 4549 (Utens,
784 4485 867 4550 zui.)
904 4489 975 4538 liora.
995 4501 1045 4550 pro
1063 4489 1221 4550 explorato:
1241 4485 1393 4548 demoratio.
1412 4486 1477 4540 Oa.)
1497 4509 1525 4519 -
1559 4484 1602 4533 21.
1622 4487 1657 4534 ssi

342 4557 422 4606 stium
438 4559 508 4620 quod
524 4571 597 4610 uum
614 4561 813 4608 transsuissurus
828 4557 851 4608 1.
881 4583 910 4595 -
947 4555 1028 4621 meos]
1047 4559 1076 4606 iu
1094 4570 1136 4610 sos
1157 4559 1186 4618 1,
1209 4552 1656 4618 nosnosmg.c1ussndri.(qnot

343 4639 403 4676 eros
428 4629 534 4677 missuri
558 4632 662 4678 nostros
692 4641 795 4678 numus
819 4626 885 4678 Cod.
913 4625 960 4691 tt)
980 4626 1092 4691 Ursini.)
1126 4653 1155 4665 -·
1193 4627 1237 4677 23.
1264 4624 1359 4690 ipsius]
1388 4626 1427 4674 liis
1453 4625 1494 4672 vis
1512 4637 1552 4686 pr.
1572 4623 1607 4674 Μ.
1627 4647 1655 4658 -

342 4695 386 4745 24.
407 4697 570 4748 uoluntatem
588 4712 628 4761 pr.
647 4696 685 4748 Μ.
706 4721 736 4734 -
773 4695 816 4746 28.
841 4694 941 4760 cupere]
960 4709 1078 4760 euperem
1096 4699 1128 4749 ti.
1148 4721 1179 4732 -
1217 4709 1300 4758 neque
1318 4697 1340 4746 l.
1363 4719 1392 4730 -·
1427 4693 1471 4744 32.
1490 4694 1572 4742 matri
1589 4689 1655 4756 sons]

344 4769 483 4816 smotrioru
500 4767 536 4829 T,
572 4771 697 4819 emutioru
721 4767 768 4826 Μ,
795 4765 947 4817 Emathium
976 4768 1022 4817 iti.
1060 4765 1194 4831 (Correxit
1211 4763 1329 4828 bosius.)
1359 4786 1384 4797 —
1423 4763 1467 4813 33.
1488 4757 1571 4824 eram]
1602 4775 1657 4812 sari

342 4833 404 4885 tiit.
429 4857 460 4868 -
496 4837 712 4903 queamdmodum
740 4835 813 4888 tutti.
845 4861 873 4874 ·-
911 4838 1076 4888 emuniendis
1106 4837 1165 4888 bili.
1198 4859 1228 4871 -
1265 4835 1409 4895 scripsisti,
1433 4839 1530 4895 putato
1558 4843 1588 4883 aa
1617 4844 1656 4881 sss

345 4902 490 4956 Graeviuss
524 4909 652 4971 scripsisti
667 4921 721 4970 pro
738 4911 818 4957 tauto
839 4910 897 4956 toto
919 4919 961 4955 me
983 4907 1023 4965 T,
1059 4905 1334 4968 scripsissemus
1358 4917 1389 4955 so
1412 4917 1451 4954 ms
1469 4902 1549 4962 lilii,
1577 4902 1655 4964 serip-

343 4974 412 5035 sisti,
431 4967 457 5025 ol
474 4975 544 5038 scis,
562 4991 593 5028 so
609 4981 705 5039 putato
722 4990 761 5027 ma
779 4982 890 5028 auctora
908 4976 965 5026 lae.
985 4975 1121 5029 Grouorlo
1141 4975 1170 5026 li.
