3656 5868
661 441 735 506 Llll.
758 443 810 508 lll.
854 441 912 506 ΕΡ.
935 446 965 507 8.
988 443 1018 505 o.
1043 441 1092 506 to.
1493 447 1535 510 to

205 623 274 668 esse
296 599 429 678 nolent:
466 597 507 666 ad
533 597 646 665 urbem
679 621 758 666 vcro
786 609 821 666 ut
846 604 1015 667 accesseris
1036 602 1086 668 vel
1108 603 1214 690 potius
1245 614 1279 670 nt
1304 605 1441 693 primum
1464 615 1536 673 tuos

204 697 341 772 videris,
362 715 516 780 cognosse
537 704 568 761 te
598 717 638 762 ex
662 695 719 769 iis,
752 717 813 782 qua
840 695 873 760 in
892 704 923 760 te
941 694 1102 762 absentem
1123 695 1205 772 lide,
1244 719 1306 784 qua
1328 699 1362 765 in
1387 700 1535 768 omnibus

203 791 316 876 officiis
340 789 465 857 tuendis
491 810 567 876 erga
590 800 622 855 te
643 789 843 856 observantia
864 800 895 856 et
921 790 1093 857 constantia
1114 789 1254 857 fuissem.
1297 797 1405 883 ltaque
1427 795 1535 883 quanti

202 887 281 954 illud
305 907 357 950 me
382 884 548 950 aestimare
573 893 683 971 putas,
715 885 801 972 quod
823 895 871 951 est
892 885 925 950 in
948 886 1011 953 tuis
1042 885 1154 951 litteris
1183 887 1351 973 scriptum:
1389 889 1535 978 „siquid

202 981 363 1054 inciderit,
400 978 486 1066 qnod
517 978 558 1044 ad
589 999 691 1044 meam
719 978 902 1064 dignitatem
930 980 1105 1065 pertineat,
1139 981 1198 1045 etsi
1230 981 1284 1047 vix
1315 980 1385 1047 fieri
1419 984 1559 1070 possim

203 1087 309 1142 umen
331 1085 362 1140 te
389 1093 498 1161 parem
522 1073 599 1138 mibi
624 1074 757 1160 gratiam
779 1073 982 1138 relaturum.”
1025 1079 1071 1139 Τιι
1091 1095 1170 1140 vero
1192 1073 1284 1140 facile
1305 1075 1420 1144 facies:
1458 1077 1536 1144 nibil

203 1178 252 1235 est
273 1169 375 1243 enim,
408 1167 494 1256 quod
515 1168 620 1234 studio
641 1178 673 1233 et
692 1167 911 1234 benevolentia
939 1169 988 1234 vel
1015 1189 1122 1234 amore
1143 1169 1249 1257 potius
1272 1170 1353 1235 effici
1372 1191 1436 1238 non
1462 1192 1537 1258 pos·

202 1263 254 1330 sit.
297 1265 328 1328 8.
362 1266 446 1347 Ego,
475 1261 534 1327 etsi
556 1271 589 1327 et
612 1263 680 1349 ipse
706 1263 749 1329 ita
776 1263 952 1330 iudicabam
984 1273 1016 1329 et
1040 1263 1154 1329 fiebam
1179 1263 1339 1330 crebroa
1370 1265 1449 1330 meis
1477 1287 1537 1352 per

202 1358 323 1424 litteras
345 1357 480 1431 certior,
503 1367 608 1422 tamen
627 1357 796 1423 maximam
818 1358 967 1424 laetitiam
982 1358 1051 1445 cepi
1072 1381 1114 1423 ex
1132 1359 1194 1424 tuis
1208 1359 1319 1425 litteris
1340 1358 1380 1424 de
1401 1381 1457 1446 spe
1477 1359 1537 1424 mi-

202 1452 289 1516 nime
309 1449 403 1517 dubia
425 1461 457 1516 et
472 1451 564 1538 plane
588 1451 752 1538 explorata
773 1451 923 1538 triumphi
945 1453 1007 1518 tui·
1031 1473 1133 1540 neque
1150 1473 1229 1518 vero
1246 1451 1288 1518 ob
1307 1473 1376 1517 earn
1392 1473 1535 1528 causam,
1546 1475 1574 1520 ιι

203 1547 269 1633 q'uo
290 1545 359 1632 ipse
380 1544 502 1610 facilius
523 1565 798 1632 consequerer-
819 1567 891 1610 nam
913 1545 946 1611 id
967 1545 1095 1633 quidem
1117 1547 1322 1630 ἐπικούρειον
1344 1556 1445 1612 est-
1447 1546 1557 1623 ,sed

202 1639 407 1712 mehercule
402 1638 509 1749 ·‘quod
531 1647 583 1706 tua
605 1639 738 1724 dignitas
759 1649 853 1728 atque
875 1639 1048 1750 amplitudo
1069 1640 1147 1706 mibi
1169 1650 1217 1706 est
1207 1641 1303 1749 ipsa
1326 1661 1398 1706 cara
1419 1661 1478 1726 per
1491 1629 1539 1736 se)
1606 1633 1688 1724 «qia

204 1735 313 1811 Quare
335 1726 483 1820 quoisiam
505 1733 613 1820 plures
635 1743 669 1799 tu
690 1732 787 1799 babes
808 1755 903 1821 quam
925 1733 1038 1810 ceteri,
1072 1754 1153 1822 qnos
1182 1721 1262 1800 scias
1291 1735 1324 1799 in
1352 1735 1433 1800 banc
1461 1756 1536 1822 pro-

202 1827 339 1893 vinciam
365 1825 537 1914 proficisci,
572 1826 659 1937 qnod
690 1836 721 1892 te
743 1827 859 1894 adeunt
880 1827 948 1893 lere
969 1849 1094 1901 omnes,
1128 1827 1155 1893 si
1177 1828 1253 1938 quid
1275 1829 1370 1895 velis.
1396 1830 1536 1915 gratissi-

203 1941 290 1986 mum
312 1921 390 1987 mibi
410 1920 539 1997 leceris,
562 1923 589 1986 si
611 1920 738 1998 adme,
760 1921 854 1988 simul
875 1932 969 2011 atque
989 1922 1121 2008 adeptus
1143 1923 1221 1997 eris,
1243 1923 1330 2008 quod
1352 1930 1384 1988 et
1404 1932 1439 1990 tn
1460 1945 1536 1988 con-
1546 1944 1573 1987 ιι

204 2013 276 2080 lidie
296 2024 329 2081 et
349 2033 410 2100 ego
437 2025 530 2102 opto,
560 2015 680 2081 litteras
702 2016 837 2082 miseris.
880 2016 982 2101 Longi
1003 2015 1158 2092 subsellii,
1180 2025 1215 2082 ut
1236 2027 1345 2082 noster
1365 2017 1534 2103 Pompeius

202 2107 354 2194 appellat,
366 2108 517 2175 indicatio
539 2116 571 2174 et
591 2129 681 2175 mora
702 2109 730 2175 si
751 2129 845 2196 qoem
867 2109 925 2176 tibi
944 2110 1022 2175 item
1042 2131 1141 2176 unum
1162 2109 1335 2175 alterumve
1358 2109 1441 2174 bem
1464 2108 1535 2174 abs·

203 2203 326 2277 tulerit,
353 2233 386 2248 -
413 2202 489 2290 quid
510 2203 594 2269 enim
616 2212 719 2290 potest
736 2203 890 2290 amplius?
914 2235 954 2252 -
976 2213 1028 2268 tua
1049 2212 1154 2269 tamen
1176 2203 1310 2288 dignitas
1324 2223 1416 2269 mum
1430 2204 1535 2270 locum

203 2294 368 2362 obtinebit
423 2297 503 2372 Sed,
533 2297 561 2362 si
589 2318 641 2362 me
668 2295 789 2384 diligis,
822 2297 849 2363 si
870 2319 888 2362 a
910 2317 960 2364 me
982 2295 1069 2383 diligi
1098 2288 1164 2374 vis,
1198 2296 1238 2363 ad
1259 2318 1310 2362 me
1331 2297 1470 2374 litteras,
1499 2307 1535 2364 ut

203 2409 298 2476 quam
320 2389 457 2477 primurn
479 2391 596 2459 laetitia
617 2391 751 2466 alliciar,
785 2391 911 2458 mittito.
954 2395 985 2458 8.
1008 2396 1046 2457 Et
1067 2391 1178 2468 velim,
1200 2391 1359 2478 reliquum
1381 2394 1467 2480 quod
1489 2401 1572 2458 estse

203 2484 353 2570 promissi
374 2505 411 2550 ac
432 2486 572 2552 muneris
594 2486 659 2560 tui,
688 2484 766 2551 mibi
787 2487 960 2572 persolvat.
1004 2489 1082 2554 Cum
1104 2485 1204 2572 ipsam
1225 2485 1436 2570 cognitionem
1456 2487 1536 2552 iuris

203 2576 329 2662 augurii
359 2580 512 2666 consequi
537 2580 647 2666 cupio,
679 2587 745 2645 tnm
772 2579 954 2646 mehercule
980 2580 1043 2646 tuis
1075 2578 1302 2645 incredibiliter
1328 2579 1438 2645 studiis
1460 2599 1537 2666 erga

203 2693 256 2737 me
276 2671 525 2760 muneribusque
547 2673 698 2739 delector.
742 2673 838 2752 Quod
858 2681 963 2740 autem
985 2695 1003 2739 a
1023 2694 1077 2738 me
1099 2674 1160 2739 tale
1181 2673 1330 2761 quiddam
1353 2672 1534 2750 desideras,

202 2785 279 2832 sane
299 2765 377 2831 mibi
399 2767 663 2834 considerandum
684 2776 746 2844 cst,
768 2787 905 2854 quonam
926 2776 959 2832 te
973 2787 1161 2833 remunerer
1179 2767 1379 2854 potissimum
1401 2787 1533 2853 genere:

202 2881 275 2926 nam
298 2859 441 2946 prolecto
462 2882 526 2928 non
547 2871 595 2928 est
615 2883 736 2937 meum,
766 2861 876 2949 quiin
897 2860 1066 2928 scribendo
1089 2897 1129 2910 -
1150 2870 1185 2926 ut
1206 2861 1289 2927 soles
1311 2859 1460 2926 admirari
1482 2881 1573 2936 -,ιι

203 2965 323 3020 tantum
345 2955 519 3022 industriae
540 2975 676 3044 ponam,
706 2955 918 3032 committere,
948 2964 985 3021 ut
1004 2955 1166 3041 negligens
1193 2955 1227 3020 in
1247 2951 1416 3019 scribendo
1437 2953 1535 3019 fluisse

204 3049 330 3128 videon
350 3049 538 3135 praesertim
560 3071 632 3116 cum
653 3049 686 3117 id
708 3069 772 3114 non
793 3049 889 3114 modo
911 3048 1098 3134 negligentis
1120 3048 1175 3114 sed
1196 3047 1289 3112 etiam
1310 3047 1424 3132 ingrati
1438 3046 1534 3112 animi

203 3143 324 3208 οιίιιιιιιι
345 3141 486 3208 futurum
508 3143 558 3209 sit.
602 3149 721 3210 Verum
742 3143 818 3208 baec
840 3141 1027 3208 videbimus.
1076 3146 1107 3207 l.
1130 3140 1226 3215 lllud,
1249 3140 1334 3226 quod
1356 3140 1533 3226 polliceris,

204 3237 299 3304 velim
320 3256 381 3323 pro
402 3247 455 3303 tua
477 3235 538 3302 fide
560 3236 782 3324 diligentiaque
804 3245 836 3302 et
864 3256 924 3323 pro
945 3243 1053 3301 nostra
1081 3255 1144 3301 non
1166 3234 1304 3300 instituta
1326 3232 1382 3299 sed
1402 3233 1465 3298 ianr
1487 3233 1535 3298 in·

204 3340 345 3396 veterata
366 3331 502 3397 amicitia
523 3351 616 3398 cures
637 3331 771 3407 enitare,
793 3339 829 3397 ut
850 3329 1037 3417 supplicatio
1058 3328 1150 3396 nobis
1171 3348 1266 3415 quam
1284 3324 1572 3393 honorificentie-so

203 3425 284 3492 sime
317 3445 411 3512 quam
442 3426 644 3513 primurnque
672 3425 869 3491 decernatur.
924 3423 1061 3490 Omnino
1082 3423 1184 3490 serius
1205 3423 1278 3488 misi
1298 3422 1417 3488 litteras
1439 3439 1534 3508 qnam

204 3519 334 3596 vellem3
355 3519 388 3584 in
410 3539 560 3605 quocum
575 3519 738 3585 dillicultas
753 3516 919 3604 navigandi
940 3517 1000 3583 luit
1016 3517 1143 3592 odiosa,
1165 3526 1232 3582 tum
1253 3516 1286 3581 in
1300 3517 1402 3602 ipsum
1418 3514 1535 3580 disces-

204 3635 276 3679 sum
297 3624 422 3678 senatus
444 3612 590 3679 incidisse
612 3612 709 3679 credo
731 3635 817 3679 meas
831 3613 960 3678 litteras.
1004 3610 1067 3678 Sed
1088 3610 1121 3677 id
1143 3611 1203 3676 leci
1224 3610 1376 3676 adductus
1398 3608 1535 3675 anctori-

204 3715 267 3772 tate
289 3715 322 3771 et
342 3707 475 3773 consilio
497 3716 567 3785 tno;
589 3705 685 3794 idque
706 3727 725 3772 a
746 3728 797 3773 me
819 3716 905 3772 recte
926 3704 1042 3770 facturn
1060 3712 1155 3792 puto,
1177 3703 1263 3792 quod
1285 3724 1348 3769 non
1363 3703 1476 3778 statim,
1497 3712 1534 3769 ut
1609 3721 1628 3790 „t

204 3799 378 3886 appellatus
405 3800 578 3887 imperator
612 3801 695 3877 sim,
733 3799 790 3868 sed
817 3801 886 3866 aliis
913 3797 1009 3864 rebus
1037 3796 1150 3864 additis
1172 3797 1361 3885 aestivisque
1383 3797 1571 3864 conlectisse

204 3893 325 3959 litteras
346 3894 498 3960 miserim.
541 3898 626 3960 llaec
647 3895 745 3982 igitur
766 3893 823 3962 tibi
845 3904 938 3960 erunt
961 3913 1071 3967 curae,
1094 3891 1357 3980 quemadmodum
1379 3891 1533 3968 ostendis,

192 3979 319 4076 (meque
340 3996 441 4054 toturn
463 3997 495 4054 et
515 4009 585 4054 mea
607 3998 640 4054 et
660 4009 749 4082 meos
769 3988 1004 4056 commendatos
1025 3981 1181 4065 babebis.)
1578 3971 1673 4052 ›ch

692 4127 1045 4216 nmucmn

628 4236 771 4304 crosno
793 4237 854 4300 ιι.
878 4232 1061 4299 euacuuo
1084 4233 1116 4297 s.

292 4365 322 4426 1.
344 4363 423 4426 Cum
444 4367 492 4424 est
512 4357 553 4424 ad
574 4378 632 4423 nos
653 4356 780 4422 allatum
801 4355 842 4420 de
863 4352 1038 4419 temeritate
1059 4371 1185 4427 eorum,
1218 4351 1275 4438 qui
1294 4351 1352 4420 tibi
1372 4349 1572 4438 negotiumto

206 4453 417 4529 lacesserent,
445 4453 504 4519 etsi
531 4453 671 4539 graviter
690 4451 795 4538 primo
816 4449 927 4516 nuntio
949 4457 1125 4513 commotus
1147 4467 1233 4523 sum,
1264 4444 1351 4534 quod
1372 4445 1450 4511 nibil
1470 4453 1534 4509 tam

206 4559 334 4636 practer
359 4547 541 4635 opinionem
570 4567 671 4612 meam
698 4544 841 4611 accidere
862 4542 982 4654 potuit.
1002 4549 1123 4615 umen,
1148 4549 1185 4605 ut
1205 4561 1256 4605 me
1278 4539 1407 4625 collegi,
1429 4547 1534 4604 cetera

207 4643 284 4711 mibi
304 4642 452 4709 facillima
473 4640 673 4716 videbantur,
706 4639 793 4727 qnod
814 4649 846 4704 et
865 4638 899 4704 in
920 4645 951 4702 te
972 4635 1043 4722 ipso
1064 4634 1233 4700 maximnm
1254 4653 1343 4720 spem
1365 4633 1450 4700 etin
1471 4630 1533 4698 tuis

207 4757 349 4823 magnam
378 4734 546 4811 babebam,
573 4735 732 4844 mulmque
759 4732 838 4798 mibi
865 4727 1076 4796 veniebant
1065 4749 1100 4794 ιιι
1134 4736 1292 4802 mentem
1328 4725 1533 4816 quamobrem

207 4831 302 4898 istum
323 4830 465 4898 laborem
486 4827 545 4896 tibi
566 4829 661 4896 etiam
682 4827 796 4893 bonori
817 4833 960 4914 putarem
982 4823 1062 4890 sore.
1104 4821 1185 4888 Illud
1206 4821 1297 4909 plane
1313 4820 1443 4887 moleste
1465 4817 1532 4895 tuli,
1542 4845 1571 4890 ιι

276 5013 541 5079 5..—pouettt
577 5012 622 5064 88.
642 5011 822 5062 tunellu-
859 5007 904 5059 88.
927 5009 957 5058 tn
974 5003 1290 5058 monachismum:
1320 5004 1454 5056 embaldo
1471 5002 1531 5055 llll.

209 5087 466 5147 ot.nu.e,1,1.
489 5109 516 5122 -
555 5082 598 5134 ³³.
619 5095 690 5134 ιιιιιι
706 5081 811 5132 utemur
827 5079 874 5134 lla
893 5080 998 5132 tttterca
1014 5088 1086 5130 ιιιιιιι
1105 5074 1136 5126 ll.
1159 5099 1191 5114 -
1216 5075 1261 5128 ³5.
1279 5089 1337 5128 ιιιιι
1355 5073 1529 5130 &soranus
