3658 5930
337 416 399 479 688
837 418 896 480 ΕΡ.
918 418 970 479 ΑΙ)
992 416 1163 482 ATTlCUbl

242 645 244 652 Α
336 593 430 658 quem
454 571 546 637 vellet
567 571 664 637 alium
685 570 769 638 diem
792 573 818 638 si
840 572 1038 659 sumpsisset,
1072 593 1123 638 me
1144 573 1175 638 ei
1196 593 1260 640 non
1287 573 1479 642 defuturum.
1523 580 1569 642 lta
1594 588 1674 644 tum

335 666 388 732 ille
418 665 560 731 discessit
591 667 701 732 iratus.
753 671 834 732 Puto
861 687 912 732 me
935 665 991 732 tibi
1013 687 1168 733 narrasse.
1212 672 1281 734 Non
1301 668 1442 736 laboravi
1463 671 1582 738 scilieet
1605 693 1675 738 nec

336 760 471 826 bominis
493 759 587 824 alieni
609 759 842 826 iniustissimam
864 760 1058 825 iracundiam
1081 761 1158 828 mihi
1172 762 1342 828 curandam
1358 764 1474 849 putavi.
1517 769 1548 830 2.
1569 767 1672 834 Gallo

336 866 443 921 autem
464 854 608 927 narravi,
641 875 713 919 cum
735 854 882 939 proxime
903 859 1021 921 Romae
1043 853 1104 928 lui,
1127 853 1203 942 quid
1224 855 1397 936 audissem
1434 879 1537 944 neque
1558 860 1674 926 nomi-

313 950 408 1014 snavi
436 948 568 1014 Balbum
596 947 761 1013 minorem.
805 946 920 1014 Habuit
948 969 1040 1014 suum
1062 949 1223 1034 negotium
1247 950 1373 1026 Gallus,
1396 961 1431 1017 ut
1451 951 1570 1018 scribit
1612 953 1674 1018 Ait

335 1044 422 1108 illum
450 1063 500 1108 me
521 1041 617 1107 animi
646 1041 850 1117 conscientia,
879 1041 965 1129 quod
986 1040 1154 1108 Phameam
1176 1041 1404 1118 destituissem,
1438 1044 1477 1110 de
1499 1066 1534 1111 se
1555 1048 1671 1134 suspi-

335 1137 411 1202 cari.
466 1140 571 1215 Quare
595 1134 652 1201 tibi
673 1136 822 1202 hactenus
843 1136 978 1212 mando,
1007 1135 1047 1200 de
1068 1135 1122 1202 illo
1144 1146 1268 1212 nostro,
1298 1138 1326 1203 si
1347 1137 1423 1223 quid
1444 1145 1580 1226 poteris,
1604 1163 1671 1206 ex·

335 1232 459 1317 quiras;
495 1230 535 1296 de
564 1251 615 1294 me
644 1250 684 1294 ne
711 1230 787 1317 quid
815 1229 950 1297 labores.
1003 1234 1058 1296 Est
1078 1228 1195 1296 bellum
1218 1232 1354 1318 aliquem
1376 1231 1511 1299 libenter
1531 1235 1668 1310 odisse;

335 1337 366 1390 et
401 1322 666 1411 quemadmodum
701 1345 764 1390 non
801 1322 946 1390 omnibus
984 1322 1147 1399 dormire,
1181 1325 1223 1391 ita
1258 1346 1322 1391 non
1357 1327 1502 1394 omuibus
1527 1330 1666 1395 servire.

303 1418 402 1484 rnEtsi
424 1418 619 1494 mehercule,
653 1427 687 1484 ut
707 1428 742 1485 tu
764 1417 925 1504 intelligis,
957 1417 1057 1503 magis
1078 1417 1155 1483 mibi
1175 1417 1228 1486 isti
1249 1419 1405 1497 serviunt,
1433 1422 1462 1487 si
1483 1421 1665 1491 observare

336 1512 457 1578 servire
478 1520 534 1579 est.

821 1653 1171 1738 nouom)

812 1777 955 1842 CICERO
977 1777 1120 1843 ATTICO
1143 1779 1175 1842 S.

420 1893 449 1954 1.
470 1886 656 1954 Admonitus
684 1884 873 1973 quibusdam
902 1888 964 1954 tuis
992 1887 1121 1962 litteris,
1154 1897 1189 1953 ut
1220 1887 1261 1955 ad
1291 1893 1455 1958 Caesarem
1491 1891 1660 1960 uberiores

297 1981 451 2050 relitteres
474 1983 597 2047 mittere
625 1983 836 2057 instituerem,
874 2003 945 2048 cum
967 1983 1043 2048 mihi
1063 1981 1178 2048 Balbus
1200 2003 1303 2069 nuper
1323 1985 1357 2049 in
1378 1987 1541 2053 Lanuvino
1562 1987 1660 2053 dixis·

333 2091 381 2142 set
403 2097 437 2142 se
459 2086 490 2141 et
512 2076 647 2162 Oppium
670 2075 833 2161 scripsisse
854 2075 894 2140 ad
916 2081 1081 2143 Caesarem
1104 2095 1155 2140 me
1181 2075 1293 2160 legisse
1315 2076 1415 2144 libros
1437 2089 1545 2146 contra
1567 2083 1660 2147 Cato-

333 2192 405 2236 nem
437 2182 469 2236 et
497 2171 701 2236 vehementer
733 2170 900 2257 probasse;
937 2170 1110 2257 conscripsi
1138 2168 1178 2235 de
1207 2170 1255 2235 his
1277 2169 1359 2256 ipsis
1379 2171 1471 2238 libris
1493 2175 1657 2261 epistolam

334 2265 474 2339 Caesari,
509 2285 590 2349 quae
619 2263 796 2329 deferretur
823 2263 863 2329 ad
891 2262 1102 2342 Dolabellam
1141 2263 1197 2329 sed
1225 2263 1294 2328 eius
1317 2266 1495 2350 exemplum
1519 2268 1589 2332 misi
1617 2267 1657 2332 ed

334 2357 470 2442 Oppium
499 2365 530 2420 et
557 2355 704 2430 Balbum,
738 2357 912 2443 scripsique
941 2356 981 2422 ad
1010 2378 1081 2430 eos,
1117 2367 1153 2421 ut
1174 2366 1241 2422 tum
1263 2357 1382 2423 deferri
1403 2359 1443 2424 ad
1463 2361 1656 2426 Dolabellam

294 2447 477 2515 aoiuberent
499 2470 584 2514 meas
607 2449 741 2525 litteras,
765 2450 792 2515 si
813 2450 874 2535 ipsi
896 2451 1075 2536 exemplum
1096 2449 1292 2537 probassent.
1336 2455 1381 2516 lta
1396 2453 1474 2518 mihi
1487 2455 1657 2540 rescripse-

332 2553 406 2608 runt
437 2541 515 2606 nibil
542 2561 679 2626 unquam
708 2563 742 2607 se
764 2543 877 2629 legisse
898 2543 1012 2608 melius
1034 2544 1262 2630 epistolamque
1284 2567 1386 2612 meam
1407 2547 1567 2613 iusserunt
1588 2547 1655 2614 dari

331 2634 521 2701 Dolabellae.
565 2639 596 2698 2.
618 2636 780 2702 Vestorius
802 2636 912 2702 adme
934 2635 1074 2722 scripsit,
1095 2646 1131 2704 ut
1151 2637 1294 2704 iuberem
1316 2640 1471 2727 mancipio
1500 2639 1568 2706 dari
1591 2663 1654 2706 ser·

332 2749 376 2794 vo
398 2750 456 2794 suo
478 2749 537 2814 pro
560 2750 628 2794 mea
664 2738 753 2816 parte
784 2731 933 2796 Hetereio
967 2730 1090 2797 cuidem
1118 2731 1249 2798 fundum
1282 2733 1501 2811 Brinnianum
1528 2745 1564 2800 ut
1588 2735 1653 2821 ipse

331 2823 361 2888 ei
385 2823 520 2889 Puteolis
541 2834 626 2888 recte
648 2824 804 2911 mancipio
826 2825 901 2890 dare
923 2835 1038 2911 posset.
1081 2830 1161 2891 Eum
1183 2848 1324 2903 servum,
1348 2827 1375 2892 si
1396 2827 1453 2892 tibi
1480 2826 1652 2900 videbitur,

294 2916 372 3004 asad
394 2938 443 2982 me
465 2916 578 2983 mittes.
634 2918 756 3004 Opinor
778 2919 861 2984 enim
884 2918 923 2984 ad
945 2929 976 2984 te
998 2919 1091 2985 etiam
1114 2920 1277 3006 scripsisse
1299 2920 1498 2988 Vestorium.
1556 2925 1587 2986 3.
1608 2926 1653 2986 lle

331 3010 466 3075 adventu
503 3011 644 3077 Caesaris
674 3011 779 3090 idem,
816 3012 946 3101 quoda
976 3023 1022 3088 te,
1057 3013 1131 3078 mihi
1164 3015 1314 3100 scriptum
1348 3024 1396 3080 est
1423 3013 1463 3078 ab
1493 3015 1597 3101 Oppio
1624 3025 1654 3080 et

329 3103 440 3170 Balbo.
492 3105 592 3170 Miror
613 3113 643 3171 te
665 3105 818 3172 nihildum
839 3129 910 3173 cum
932 3107 1079 3194 Tigellio,
1103 3108 1187 3173 velut
1208 3108 1268 3174 hoc
1289 3109 1409 3194 ipsum,
1434 3120 1583 3196 quantum
1605 3127 1655 3173 ao-

330 3198 466 3283 ceperit;
500 3219 631 3284 prorsus
660 3220 738 3264 aveo
766 3201 861 3275 scire,
897 3222 955 3267 nec
977 3211 1080 3266 tamen
1102 3200 1192 3267 llocci
1215 3200 1306 3266 facio.
1350 3206 1381 3267 1.
1406 3201 1555 3281 Quaeris,
1579 3199 1654 3288 quid

330 3291 466 3376 cogitem
493 3291 532 3356 de
561 3291 817 3372 obviam-itione;
854 3294 930 3380 quid
957 3316 1083 3371 censes,
1117 3295 1177 3362 nisi
1206 3295 1353 3362 Alsium?
1390 3305 1421 3362 et
1456 3294 1583 3382 quidem
1614 3293 1654 3359 ad

293 3412 320 3449 n·
329 3389 491 3450 Murenam
521 3385 560 3451 de
588 3386 726 3473 hospitio
762 3389 969 3475 scripseram
1007 3388 1064 3454 sed
1091 3389 1206 3477 opinor
1234 3409 1304 3454 cum
1337 3389 1433 3455 Matio
1459 3387 1652 3476 'profectum

330 3479 482 3545 Salustius
511 3481 608 3566 igitur
639 3481 813 3567 urgebitur.
867 3489 897 3548 5.
926 3483 1051 3569 Scripto
1079 3483 1140 3548 iam
1168 3483 1333 3569 superiore
1366 3483 1537 3560 versiculo,
1573 3487 1652 3548 Eros

329 3571 405 3637 mibi
431 3572 511 3637 dixit
537 3572 597 3640 sibi
624 3580 787 3642 Murenam
816 3575 1034 3642 liberalissime
1060 3577 1270 3665 respondisse.
1319 3582 1366 3643 Eo
1393 3577 1491 3662 igitur
1517 3585 1651 3644 utamur.

328 3672 405 3732 Nam
428 3666 521 3732 Silius
542 3669 670 3736 culcitas
692 3691 755 3736 non
777 3669 880 3738 hehet.
923 3670 1004 3738 Dida
1032 3680 1152 3748 autem,
1190 3671 1324 3759 opinor,
1358 3671 1534 3759 hospitibus
1555 3677 1652 3737 totam

329 3760 434 3826 villam
456 3762 620 3830 concessit.

292 3939 319 3980 e
800 3934 1188 4016 m(aucms

810 4058 953 4123 CICERO
975 4059 1119 4123 ATTICO
1142 4060 1172 4123 S.

414 4169 442 4230 1.
462 4165 511 4231 Ad
540 4170 706 4234 Caesarem
735 4189 831 4256 quam
862 4167 933 4234 misi
961 4168 1141 4253 epistolam,
1177 4170 1246 4237 eius
1279 4171 1458 4260 exemplum
1487 4167 1569 4254 fugit
1600 4189 1650 4233 me

326 4267 394 4323 tum
416 4256 473 4323 tibi
502 4264 641 4340 mittere;
678 4281 736 4326 nec
757 4261 791 4330 id
811 4261 882 4338 luit,
916 4261 1003 4348 quod
1024 4263 1207 4350 suspicaris,
1240 4273 1276 4330 ut
1296 4283 1347 4329 me
1369 4263 1503 4350 puderet
1524 4263 1587 4336 tui,
1610 4283 1649 4327 ne

394 4477 421 4528 o.
441 4479 622 4540 destitutum,
641 4480 673 4528 de
690 4493 717 4530 11
734 4482 875 4542 comitari]
894 4482 1066 4534 destitutarum
1083 4485 1114 4534 de
1131 4485 1262 4547 surptcnrt'
1279 4483 1348 4544 tls,
1375 4483 1498 4532 (1111111111
1518 4483 1650 4544 remcort

324 4545 346 4597 l.
382 4569 413 4583 —
450 4548 477 4599 3.
496 4551 580 4600 odisse
598 4550 707 4600 libenter
726 4551 747 4600 l.
781 4575 811 4586 -
847 4553 874 4602 9.
893 4561 918 4603 11
935 4567 989 4603 om.
1010 4554 1042 4603 li.
1076 4579 1105 4591 -
1144 4555 1360 4617 quemadmodum
1380 4567 1434 4603 nen
1451 4553 1571 4602 omnihus
1588 4553 1650 4601 doe

322 4619 406 4677 entre,
425 4619 466 4669 tto
484 4633 539 4669 non
557 4621 676 4670 0111111111
692 4623 788 4671 snutre
806 4621 939 4673 Lamblno
951 4629 1061 4674 auctore
1074 4622 1231 4675 Schuetriur
1243 4637 1250 4674 a
1269 4621 1489 4690 prtemodnaedum
1500 4635 1555 4671 non
1566 4622 1649 4671 onmi-

323 4686 484 4740 1111111111
502 4691 598 4741 Mlillt.
622 4715 650 4726 -
689 4692 731 4741 10.
752 4699 781 4739 tu
799 4705 853 4743 om.
874 4694 896 4743 l.
918 4716 947 4728 -
984 4695 1048 4744 mitt
1066 4707 1121 4744 om.
1141 4696 1164 4744 1.
1193 4717 1221 4732 ·-
1258 4694 1649 4746 emmerammenses·

322 4756 397 4810 Mlti.
435 4759 479 4816 (Ut
503 4773 565 4820 nos,
595 4760 679 4811 Codd.
700 4757 796 4823 Bosii.)
831 4785 857 4796 -
894 4763 1079 4824 hamsocre,
1110 4767 1229 4815 Lanuuio
1248 4764 1288 4826 R,
1320 4764 1410 4814 lucino
1435 4764 1458 4813 1.
1484 4785 1516 4797 -
1552 4762 1597 4812 17.
1616 4763 1649 4810 111

324 4827 346 4876 l.
369 4849 397 4860 —
434 4829 478 4880 20.
508 4831 532 4879 11·
555 4828 618 4893 ipat]
648 4834 746 4892 rumpat
773 4844 814 4894 pr.
839 4833 879 4884 ut.
907 4857 935 4870 -
980 4835 1023 4883 22.
1044 4835 1106 4885 dori
1123 4835 1195 4887 llll:
1216 4835 1281 4885 dure
1299 4834 1344 4883 lli.
1377 4857 1407 4870 -
1443 4845 1546 4882 seruum
1570 4845 1649 4881 mum

324 4895 478 4949 Hotomuno
508 4908 618 4950 auctore
644 4900 813 4952 Schuetrins.
848 4925 879 4937 -
923 4904 967 4955 27.
995 4904 1037 4954 eet
1062 4913 1091 4955 ut
1123 4905 1190 4955 lllll.
1220 4926 1252 4939 -
1295 4904 1339 4955 29.
1368 4903 1445 4954 mesa
1468 4903 1581 4952 initiens
1607 4902 1646 4953 hl.

322 4989 356 5000 ··-
392 4967 436 5017 30.
464 4972 561 5030 opinor
596 4983 653 5020 eum
682 4985 739 5020 cum
767 4985 822 5035 mg.
842 4972 946 5037 llepett.
977 4974 1071 5025 bamb.
1106 4999 1136 5011 -
1172 4975 1215 5026 31.
1242 4973 1328 5024 Heres
1352 4974 1374 5023 1.
1402 4999 1432 5010 ·-
1482 4972 1527 5023 33.
1554 4967 1646 5034 Silius]

322 5035 454 5088 8111111111
477 5040 595 5090 malebat
622 5040 768 5092 Corradus.
801 5065 832 5079 -
868 5043 992 5095 1111111111
1012 5045 1058 5096 m.
1090 5069 1118 5082 -
1156 5043 1200 5096 ³8.
1220 5051 1277 5096 tum
1295 5057 1351 5095 em.
1371 5042 1393 5093 1.
