3628 5876
313 403 380 486 aso
750 417 1211 486 mrsromnuunnrsu.

314 599 387 646 cum
408 576 463 654 iis,
485 595 563 663 quas
584 565 810 654 habueramus,
831 575 964 645 navibus
985 577 1018 644 in
1039 577 1164 666 Lyciam
1184 578 1393 656 venissemus,
1415 601 1512 647 naves
1526 602 1660 648 oum

314 675 380 741 riaa
410 670 589 758 recepimus
616 668 814 758 dominisque
834 672 1043 749 restituimus;
1063 671 1242 759 iidemque,
1277 673 1363 760 quod
1391 675 1527 742 mamma
1548 697 1658 742 vere

314 767 445 844 bamur,
467 787 508 832 ne
527 773 634 852 posset
654 763 816 831 Dolabella
838 785 910 831 cum
925 765 991 831 suis
1012 764 1186 831 latronibus
1200 765 1233 830 in
1245 767 1366 833 ltaliam
1380 769 1503 846 venire,
1526 771 1658 836 timere

315 861 481 936 desiimus,
503 860 632 926 classem
647 859 818 945 lugientem
833 858 989 947 persecuti
1010 879 1119 924 snmus
1139 879 1240 945 usque
1254 860 1376 937 Sidam,
1397 883 1478 948 quae
1497 872 1658 931 extrema

292 956 405 1042 aregio
437 964 485 1020 est
509 954 691 1041 provinciae
723 974 823 1020 meae.
880 957 909 1020 6.
939 951 987 1018 lbi
1008 952 1141 1038 cognovi
1168 962 1289 1040 partem
1309 956 1437 1022 navium
1457 957 1658 1025 Dolabellae

314 1049 496 1135 diffugisse.
532 1048 668 1134 reliquas
691 1049 813 1136 Syriam
836 1051 1036 1136 Cyprumque
1057 1046 1183 1132 petisse.
1240 1047 1363 1126 Quibus
1384 1048 1538 1127 disiectis,
1567 1073 1656 1118 cum

314 1144 428 1210 scirem
450 1147 483 1209 C.
506 1142 619 1217 Cassii,
641 1141 806 1228 singularis
827 1139 904 1206 civis
925 1150 957 1205 et
971 1139 1073 1214 ducis,
1095 1141 1226 1208 classem
1241 1142 1410 1209 maximam
1424 1143 1494 1209 lore
1511 1155 1656 1230 praesto

315 1243 347 1304 in
369 1237 474 1326 Syr-ia,
503 1236 543 1302 ad
574 1257 680 1302 meum
709 1234 846 1301 officium
874 1234 1011 1312 reverti;
1048 1232 1193 1322 daboque
1215 1256 1361 1320 operam,
1389 1246 1425 1302 ut
1446 1259 1551 1306 meum
1574 1249 1656 1306 stu·

315 1330 417 1407 dium,
454 1329 645 1416 diligentiam
674 1327 781 1404 vobis,
813 1338 918 1416 patres
939 1328 1124 1416 conscripti,
1156 1329 1268 1416 reique
1289 1330 1432 1416 publicae
1460 1343 1652 1419 praestem

279 1449 305 1492 ro
315 1430 540 1513 pecuniamque
561 1445 656 1511 quam
672 1423 839 1489 maximam
860 1432 973 1511 potero
995 1431 1027 1488 et
1046 1444 1140 1512 quam
1161 1423 1326 1490 celerrime
1346 1445 1457 1511 cogam
1475 1427 1649 1494 omnibus·

315 1541 376 1609 qne
398 1518 572 1586 rationibus
593 1518 632 1584 ad
655 1539 712 1584 vos
733 1520 863 1586 mittam.
906 1519 939 1585 si
965 1538 1156 1606 percurrero
1177 1519 1372 1605 provinciam
1393 1531 1425 1585 et
1445 1541 1651 1607 cognovero,

315 1615 370 1704 qui
391 1613 482 1680 nobis
511 1623 543 1679 et
576 1614 625 1678 rei
652 1613 797 1700 publicae
828 1612 921 1680 tidem
952 1613 1174 1700 praestiterrmt
1199 1613 1232 1680 in
1260 1614 1474 1681 conservanda
1504 1621 1651 1703 pecunia

314 1732 332 1776 a
354 1730 405 1775 me
427 1707 589 1796 deposita,
621 1707 740 1796 quique
767 1707 886 1775 scelere
911 1708 995 1773 ultro
1017 1706 1193 1772 deserentes
1214 1707 1379 1793 pecnmm
1400 1708 1557 1795 publicam
1580 1711 1652 1776 hoc

314 1825 444 1870 munere
466 1804 647 1870 societatem
669 1801 845 1868 facinorum
866 1823 938 1867 cum
959 1798 1121 1867 Dolabella
1135 1800 1289 1875 inierunt,
1312 1800 1424 1867 luciam
1445 1823 1502 1870 vos
1524 1810 1650 1872 certio-

279 1917 376 1965 rares.
418 1903 465 1964 Dc
487 1895 617 1986 quibus,
640 1896 667 1962 si
688 1895 780 1962 vobis
801 1894 974 1972 videbitur,
996 1896 1042 1970 si,
1065 1905 1100 1962 ut
1120 1895 1225 1961 meriti
1246 1905 1334 1971 sunt,
1357 1897 1496 1981 graviter
1523 1899 1650 1964 cousti-

313 1993 436 2059 tueritis
456 2012 577 2078 uosque
598 1999 702 2056 restra
723 1990 907 2057 auctoritate
930 1989 1144 2066 firmaveritis,
1166 1989 1288 2056 lucilius
1309 1999 1341 2056 et
1362 1990 1483 2078 reliqua
1505 1991 1646 2077 exigere

246 2133 253 2149 .
312 2087 475 2174 vectigalia
497 2095 529 2150 et
550 2095 658 2152 exacta
680 2105 808 2150 servare
828 2084 1013 2170 poterimus.
1054 2089 1178 2150 Interea
1199 2105 1263 2172 quo
1284 2085 1481 2151 commodius
1502 2086 1646 2172 vectiga-

312 2179 354 2245 lin
374 2180 457 2246 tueri
475 2163 735 2266 provinciamq'ue
756 2177 796 2242 ab
817 2178 931 2244 iniuria
953 2177 1122 2245 defendere
1144 2178 1278 2265 possim,
1310 2178 1502 2265 praesidium
1524 2180 1643 2246 volun-

312 2273 427 2338 tarium
449 2272 722 2357 necessariumque
743 2272 931 2358 comparavi.
985 2276 1015 2338 7.
1043 2273 1099 2338 His
1128 2272 1239 2339 litteris
1260 2272 1384 2360 scriptis
1414 2273 1526 2338 milites
1548 2273 1647 2338 circi-

274 2372 362 2430 soter
390 2383 492 2440 xxx„
526 2386 606 2452 quos
635 2363 798 2430 Dolabella
824 2385 864 2430 ex
893 2365 965 2430 Asia
993 2366 1243 2452 conscripserat,
1278 2366 1407 2454 eSpria
1429 2365 1583 2454 fugientes
1606 2367 1644 2432 in

313 2456 525 2546 Pamphyliam
547 2467 710 2524 venerumt
763 2458 993 2524 linuutiarunt
1017 2458 1211 2526 Dolabellam
1243 2459 1461 2534 Antiocheam,
1494 2481 1575 2548 quae
1606 2461 1644 2528 iu

314 2551 404 2640 Syria
426 2560 490 2627 est,
526 2551 672 2632 venisse;
706 2572 771 2619 non
796 2560 958 2639 receptum
983 2563 1128 2621 conatum
1151 2575 1220 2620 esse
1242 2555 1409 2642 aliquoties
1431 2553 1463 2619 vi
1484 2553 1642 2634 introim3

312 2645 474 2732 repulsum
496 2667 621 2732 semper
643 2667 711 2712 esse
732 2667 804 2712 cum
825 2667 939 2732 magno
961 2668 1019 2713 sno
1041 2647 1245 2722 detrimento,
1275 2648 1380 2734 itaque
1401 2657 1526 2713 centnm
1547 2649 1644 2714 circi·

313 2748 362 2804 ter
382 2737 522 2812 amissis.
559 2739 662 2825 aegris
684 2738 817 2814 relictis,
852 2751 949 2807 noctu
968 2742 1139 2809 Antiochea
1160 2741 1339 2829 profugisse
1359 2740 1545 2808 laodiceam
1566 2763 1643 2808 ver-

275 2847 380 2910 essus;
406 2852 444 2897 ea
465 2841 557 2898 nocte
578 2853 688 2899 omnes
707 2832 775 2898 lere
797 2834 949 2902 Asiaticos
970 2835 1085 2902 milites
1111 2833 1151 2901 ah
1174 2856 1213 2901 eo
1235 2835 1430 2909 discessisse,
1464 2855 1505 2900 ex
1527 2833 1576 2900 his
1597 2835 1641 2900 ad

313 2927 509 3013 octingentos
536 2925 740 2993 Antiocheam
761 2927 881 2994 redisse
902 2939 934 2994 et
954 2950 989 2996 ae
1009 2930 1049 2996 iis
1070 2927 1256 3004 tradidisse,
1292 2929 1346 3016 qui
1367 2949 1386 2994 a
1407 2929 1513 2998 Cassio
1535 2927 1641 2995 relicti

312 3022 385 3089 urbi
413 3023 459 3088 illi
491 3030 672 3108 praeerant;
712 3031 835 3089 ceteros
855 3043 914 3110 per
933 3029 1087 3091 Amanum
1114 3023 1147 3088 in
1169 3021 1307 3088 Ciliciam
1331 3020 1549 3096 descendisse,
1571 3043 1641 3108 quo

311 3137 353 3184 ex
373 3137 507 3183 numero
529 3137 563 3182 se
592 3137 719 3204 qnoque
740 3137 809 3183 esse
831 3115 990 3198 dicebant;
1022 3117 1163 3185 Cassium
1184 3125 1289 3181 antem
1311 3135 1382 3180 cum
1403 3115 1468 3180 suis
1490 3113 1639 3182 omnibus

311 3210 412 3297 copiis
440 3210 616 3276 nuntiatum
645 3231 714 3276 esse
743 3211 902 3299 quatridui
928 3212 989 3278 iter
1017 3209 1171 3277 Laodicea
1192 3208 1307 3274 aluisse
1329 3217 1412 3284 tum,
1449 3231 1521 3276 cum
1542 3209 1641 3277 Dola·

273 3303 393 3370 atheta
414 3325 453 3370 eo
474 3302 626 3370 tenderet.
670 3304 883 3382 Quamobrem
905 3305 1054 3391 opinione
1076 3303 1209 3369 celerius
1224 3301 1348 3368 conlido
1362 3301 1637 3369 sceleratissimum

310 3397 464 3463 latronem
485 3417 603 3484 poenas
624 3395 780 3466 daturum.
824 3418 891 3465 1111.
913 3403 1016 3465 Nonas
1037 3397 1158 3473 Iunias,
1182 3401 1310 3484 Pergae.

772 3540 853 3603 rvr.
896 3538 949 3620 (n.
976 3541 1008 3604 u.
1031 3541 1063 3604 o.
1086 3541 1176 3620 rao.)

732 3660 951 3728 TDEBDMDS
979 3660 1163 3726 ocunom
1184 3662 1216 3725 s.
1242 3631 1253 3759 l

400 3775 428 3838 1.
471 3774 503 3838 S.
525 3777 563 3841 V.
584 3776 620 3839 D.
670 3674 806 3838 Albanas
837 3769 909 3836 veni
937 3791 966 3837 a.
993 3769 1023 3837 d.
1052 3790 1102 3836 ιι.
1131 3770 1198 3836 llal.
1227 3774 1294 3838 lun.
1321 3781 1416 3860 atque
1443 3771 1515 3847 ibi.
1551 3770 1636 3860 quod

273 3864 448 3936 „mammo
474 3863 640 3950 optabam,
675 3864 741 3930 vidi
762 3863 861 3929 lilium
881 3873 985 3938 tuum,
1008 3863 1149 3930 deditum
1171 3865 1297 3952 optimis
1318 3865 1430 3932 studiis
1452 3885 1635 3953 summaque

311 3955 483 4024 modestiae
514 3958 607 4025 lama.
661 3962 731 4038 Qua
753 3979 851 4034 exre
873 3967 1019 4046 quantam
1040 3959 1232 4044 voluptatem
1254 3964 1410 4046 ceperim,
1441 3961 1522 4026 scire
1545 3967 1637 4046 potes

310 4057 402 4118 etiam
425 4073 475 4118 me
498 4063 628 4120 tacente.
670 4059 739 4121 Non
761 4053 845 4119 enim
866 4052 982 4126 nescis,
1005 4053 1112 4139 quanti
1132 4061 1163 4118 te
1179 4053 1333 4120 saciamet
1350 4062 1635 4141 quampronostro

309 4151 480 4214 ueterrimo
502 4149 733 4236 verissimoque
754 4169 863 4214 amore
885 4145 1031 4213 omnibus
1057 4147 1119 4213 tuis
1148 4147 1243 4212 etiam
1274 4148 1410 4214 minimis
1442 4145 1636 4220 commodis,

308 4261 374 4306 non
394 4239 490 4307 modo
512 4249 598 4308 tanto
620 4241 706 4308 hono
728 4240 890 4328 gaudeam.
930 4241 1001 4307 Noli
1022 4249 1150 4328 putare,
1176 4241 1220 4306 mi
1243 4243 1373 4320 Cicero,
1395 4263 1447 4308 me
1467 4241 1528 4306 hoc
1549 4238 1637 4305 anri·

272 4332 369 4404 subus
401 4334 463 4401 tuis
491 4335 581 4401 dare:
618 4335 695 4401 nihil
722 4333 918 4401 adolescente
949 4343 1005 4402 tuo
1034 4342 1128 4421 atque
1156 4333 1237 4401 adeo
1258 4344 1367 4401 nostro
1390 4371 1430 4384 -
1452 4333 1529 4399 nihil
1551 4331 1635 4398 enim

310 4427 389 4493 mihi
409 4449 428 4494 a
448 4438 480 4495 te
501 4437 604 4516 potest
625 4450 696 4495 esse
716 4428 891 4496 seiunctum
912 4459 948 4472 -
975 4435 1029 4494 aut
1049 4426 1214 4495 amabilius
1228 4428 1374 4496 omnibus
1395 4429 1450 4505 iis,
1473 4427 1529 4516 qui
1541 4425 1637 4494 Athe·

700 3629 714 3669 s

380 4647 929 4712 asennaa-stammana·
954 4647 1636 4712 unumunurn-saucacorum*

309 4718 377 4768 tium
393 4718 490 4769 Drasd-
509 4719 614 4769 tertios.
629 4743 659 4754 -
698 4718 741 4768 lt.
760 4719 910 4769 collonicus
927 4718 956 4770 hl
966 4733 973 4769 τ
993 4733 1050 4770 uem
1067 4719 1216 4770 rattouthus
1233 4719 1265 4770 ll.
1286 4745 1316 4757 -
1354 4719 1398 4768 1³.
1418 4717 1538 4769 suleruts
1557 4715 1636 4766 Lam·

310 4789 400 4838 htnus.
430 4812 461 4825 ·-
497 4789 540 4839 18.
571 4787 752 4838 uolsmtcra'um
768 4790 987 4854 Mamuriumque
1010 4789 1056 4840 hl:
1086 4791 1258 4840 neumatum
1283 4789 1509 4852 voluntariumque
1538 4787 1570 4836 Ε.
1603 4811 1631 4823 -

309 4855 950 4922 so.s]utt.-at.1su=fltusss.-
987 4859 1267 4911 nummulorum.
1301 4883 1331 4896 -
1367 4858 1523 4910 Daretis
1548 4857 1634 4906 Ν.-

308 4927 467 4979 suasum
493 4928 539 4980 hl:
571 4927 725 4978 ndttsselt.
754 4953 784 4964 -
821 4928 1371 4992 tert.—a·1.psrmcnumrt.-
1406 4926 1632 4992 mameluc

309 4995 420 5060 uhsus'm
450 4999 481 5049 E.
518 4999 562 5050 Sic
580 4997 690 5062 ubique.
723 5021 754 5034 -
791 4999 835 5050 ³1.
854 4999 928 5049 Fert.
947 4999 1041 5063 Perqu-
1060 4997 1113 5052 Oa.
1146 5021 1176 5040 -
1212 4999 1256 5052 dl.
1281 4997 1309 5050 S·
1332 4999 1361 5050 l'.
1380 4999 1414 5049 lt.
1432 4998 1478 5050 hl:
1498 4997 1527 5049 S.
1551 4997 1579 5046 V.
1599 4996 1632 5046 e.

309 5067 445 5118 mu·
481 5063 859 5132 assumamur.-
896 5067 1056 5120 tanum.
