3686 5874
727 384 801 447 ΗΒ.
823 385 846 446 l.
889 385 947 447 ΕΡ.
971 383 1019 450 15.
1464 387 1526 452 385

216 555 250 614 ut
270 545 413 611 consules
433 544 583 631 populum
604 542 844 609 cohortarentur
865 541 905 608 ad
924 542 1119 629 rogationem
1139 541 1364 629 accipiendam
1385 543 1527 613 homines

215 639 254 707 ad
275 659 333 706 xv.
356 637 485 706 Curioni
505 637 624 704 nullum
646 646 771 704 senatus
791 636 966 703 considium
987 636 1111 703 facienti
1131 647 1346 718 assenserunt3
1369 660 1410 705 ex
1429 640 1526 708 altera

215 743 302 820 parte
322 732 413 798 facilc
429 750 522 799 cccc.
542 730 680 798 luerunt.
722 736 796 797 Acta
817 752 869 796 res
891 737 947 796 est.
989 729 1094 798 Fufius
1113 730 1257 818 tribunus
1278 740 1344 798 tum
1365 734 1526 800 concessit.
1629 725 1654 826 J

217 827 339 895 Clodius
361 826 521 892 contiones
542 826 672 892 miseras
692 823 840 900 habebat,
868 824 901 890 in
922 824 1036 911 quibus
1056 825 1233 902 Lucullum,
1255 827 1469 902 Hortensium,
1493 829 1527 898 C.
1638 807 1643 818 ¹

215 922 375 996 Pisonem,
406 920 570 987 Messalam
591 920 751 986 consulem
778 918 1001 985 contumeliose
1028 918 1183 998 laedebat3
1211 941 1261 986 me
1283 928 1400 987 tantum
1422 934 1549 996 „com-³
1603 916 1625 1008 J.

215 1015 334 1100 perisse
362 1017 488 1079 omnia”
520 1009 752 1080 criminabatur.
808 1016 938 1078 Senatus
967 1012 1064 1078 etde
1091 1013 1261 1100 provinciis
1288 1023 1468 1100 praetorum
1497 1023 1528 1080 et

215 1109 254 1174 de
282 1106 489 1196 legationibus
518 1106 608 1172 etde
629 1108 741 1174 ceteris
767 1105 862 1174 rebus
883 1107 1086 1184 decernebat,
1117 1116 1151 1174 ut
1171 1115 1258 1183 autc,
1288 1129 1381 1196 mam
1405 1107 1528 1194 rogatio

214 1202 274 1268 lata
296 1209 393 1277 esset,
415 1222 454 1288 ne
476 1199 552 1287 quid
572 1211 729 1287 ageretur.
771 1206 801 1268 5.
823 1200 927 1268 Habes
951 1223 1003 1268 res
1024 1207 1188 1268 Romanas.
1229 1201 1291 1267 Sed
1312 1212 1413 1268 tamen
1435 1202 1527 1268 elium

215 1295 306 1371 illud,
339 1294 424 1384 quod
445 1315 509 1362 nou
529 1315 705 1381 speraram,
738 1295 821 1364 audi.
875 1296 1006 1363 Messala
1031 1295 1139 1362 consul
1161 1303 1207 1362 est
1228 1297 1389 1382 egregius,
1421 1294 1526 1370 fortis,

214 1398 377 1466 constans,
408 1387 559 1475 diligens,
591 1389 691 1456 nostri
718 1389 880 1483 laudator,
913 1399 1052 1466 amator,
1083 1389 1227 1458 imitator.
1282 1391 1337 1456 llle
1366 1390 1443 1456 alter
1463 1403 1565 1455 unow

214 1484 291 1551 vitio
322 1483 425 1549 miuus
455 1482 605 1563 vitiosus;
638 1483 723 1570 quod
751 1485 851 1560 iners,
884 1483 970 1571 quod
997 1482 1099 1549 somni
1125 1482 1251 1570 plenus,
1284 1483 1369 1571 quod
1401 1483 1529 1569 imperi·

215 1589 282 1653 tus,
318 1576 403 1664 quod
431 1573 694 1661 ἀπρακτότατος,
732 1578 788 1645 sed
815 1578 974 1644 voluntate
1004 1577 1047 1644 ita
1074 1591 1246 1658 καχέκτης.
1282 1587 1317 1644 ut
1343 1577 1526 1665 Pompeium

213 1679 284 1758 post
308 1671 392 1738 illam
421 1671 612 1746 contionem,
640 1672 755 1758 inqua
785 1669 824 1738 ab
851 1680 1042 1738 eoseuatus
1069 1669 1211 1737 laudatus
1232 1679 1295 1748 est,
1325 1670 1428 1737 odisse
1456 1689 1529 1744 coe<

214 1766 309 1854 perit.
363 1771 471 1853 ltaque
500 1765 617 1830 mirum
644 1765 677 1832 in
705 1765 832 1832 modum
858 1786 967 1833 omnes
988 1785 1007 1830 a
1027 1785 1062 1830 se
1082 1764 1183 1830 bonos
1210 1765 1364 1831 alienavit.
1420 1768 1528 1850 Neque

215 1859 247 1926 id
274 1859 372 1945 magis
399 1858 535 1925 amicilia
556 1857 658 1925 clodii
687 1859 838 1926 adductus
866 1859 940 1925 lacit
970 1879 1062 1947 quam
1083 1857 1186 1924 studio
1206 1857 1398 1944 perditarum
1419 1876 1528 1921 rerum
1540 1869 1564 1908 ¹³

204 1951 307 2041 *atque
328 1953 474 2040 partium.
524 1951 586 2018 Sed
614 1951 708 2019 babet
735 1954 784 2020 sui
804 1953 937 2020 similem
959 1953 991 2018 in
1012 1951 1240 2038 magistratibus
1261 1963 1387 2040 praeter
1407 1947 1528 2016 Fufium
1635 2016 1638 2024 Δ

215 2047 380 2116 neminem.
420 2041 522 2111 Bonis'
536 2049 654 2112 utimur
674 2045 807 2114 tribunis
828 2047 880 2134 pl..
904 2051 1041 2114 Cornuto
1062 2067 1139 2112 vero
1160 2045 1401 2136 Pseudocatone.
1445 2043 1528 2123 Quid
1615 2035 1633 2120 5<

215 2140 363 2228 quaeris?
416 2143 446 2205 7.
466 2143 554 2205 Nune
580 2148 617 2205 nt
645 2139 684 2206 ad
710 2141 831 2227 privata
859 2139 1003 2216 redeam,
1038 2133 1185 2228 Tacape
1203 2139 1356 2226 promissa
1385 2138 1529 2224 patravit.

215 2241 262 2300 Tu
288 2233 430 2299 mandata
452 2233 555 2307 effice,
584 2254 664 2320 quae
685 2233 840 2321 recepisti.
884 2232 1018 2311 Quintus
1038 2231 1150 2318 suffice,
1181 2231 1235 2317 qui
1256 2231 1425 2316 Argiletani
1446 2229 1528 2296 aedi·
1616 2225 1638 2311 J

216 2328 277 2394 licii
303 2327 459 2414 reliquum
480 2325 663 2393 dodrantem
690 2333 764 2393 emit
785 2329 856 2394 MS.
876 2345 1041 2401 uccxxv„
1069 2325 1275 2391 Tusculanum
1297 2324 1448 2400 venditat,
1480 2331 1568 2398 uuo

215 2423 243 2488 si
263 2422 378 2509 possit,
400 2431 483 2486 emat
502 2421 687 2486 Pacilianam
709 2421 846 2487 domum.
890 2424 965 2487 Cum
987 2419 1120 2485 Lucceio
1140 2417 1173 2484 iu
1195 2419 1324 2503 gratiam
1346 2416 1426 2482 redi.
1477 2413 1531 2484 vi-

216 2514 276 2581 deo
302 2515 461 2582 bominem
487 2513 575 2580 ualde
604 2514 777 2601 petiturire.
828 2511 954 2580 Navabo
977 2533 1115 2598 operam.
1171 2516 1232 2585 Tu,
1261 2511 1336 2597 quid
1358 2530 1446 2596 agas,
1475 2505 1529 2576 ubi

216 2609 275 2682 sis,
312 2606 488 2674 cuiusmodi
522 2607 599 2674 istae
626 2628 678 2673 res
704 2607 781 2684 sint,
817 2605 867 2671 lac
893 2627 943 2671 mc
970 2627 1065 2692 quam
1092 2603 1325 2692 diligentissime
1352 2603 1529 2669 certiorem.

216 2701 320 2770 ldibus
341 2700 432 2768 Febr.

680 2863 761 2925 ru.
786 2861 839 2942 (a.
865 2863 897 2926 u.
920 2863 952 2926 c.
974 2863 1063 2940 cos.)
1539 2861 1566 2905 τ.

695 3001 838 3066 CICERO
859 3001 1002 3066 ATTICO
1025 3002 1068 3072 S.

300 3139 330 3200 1.
359 3132 463 3198 Asiam
491 3131 624 3209 Quinto,
652 3130 837 3196 suavissimo
865 3128 980 3210 fratri,
1016 3127 1164 3213 obtigisse
1190 3129 1320 3204 audisti;
1356 3145 1418 3191 uon
1445 3124 1529 3190 enim
1610 3125 1636 3212 J

217 3226 346 3302 dubito,
366 3223 456 3325 (quin
479 3225 612 3290 celerius
631 3223 689 3290 tibi
710 3222 770 3289 hoc
790 3205 902 3289 mmor
921 3242 1014 3309 quam
1033 3221 1128 3286 ullius
1149 3227 1291 3288 nostram
1311 3219 1431 3285 litterae
1451 3238 1530 3304 nun-
1592 3228 1703 3345 sm.

217 3309 347 3419 tiarint.)
385 3326 488 3395 Nunc,
522 3318 668 3405 quoniam
696 3327 727 3383 et
754 3315 854 3382 laudis
882 3315 1051 3380 avidissimi
1073 3333 1197 3400 semper
1216 3314 1332 3380 furimus
1353 3322 1385 3379 ct
1404 3323 1530 3401 praeter

217 3414 338 3482 oe‘lc‘ros
360 3423 544 3498 φιλέλληνες
574 3421 604 3478 et
625 3433 732 3478 sumus
753 3418 784 3475 et
804 3408 957 3475 habemur
978 3417 1009 3473 et
1029 3407 1199 3474 multorum
1220 3406 1293 3473 odia
1315 3415 1406 3494 atque
1426 3406 1567 3472 inimi-ao

217 3511 305 3576 citios
332 3511 380 3574 rei
407 3508 550 3595 publicae
572 3525 663 3571 causa
684 3503 890 3589 suscepimus,
917 3510 1069 3581 παντοίης
1090 3504 1205 3588 ἀρετῆς
1225 3501 1418 3586 pauperimo,
1440 3520 1528 3566 cura·

218 3623 278 3689 que
300 3611 332 3667 et
352 3601 454 3676 effice,
477 3609 513 3666 ut
532 3598 571 3664 ab
593 3597 738 3665 omnibus
759 3606 790 3662 et
810 3595 976 3663 laudemur
997 3605 1029 3662 et
1048 3615 1198 3660 amemur.
1238 3597 1277 3679 Ι3.
1298 3593 1354 3660 His
1376 3592 1415 3658 de
1434 3591 1529 3660 rebus

217 3697 307 3783 plura
328 3695 368 3762 ad
389 3704 420 3761 te
440 3695 474 3759 iu
494 3715 531 3759 ea
553 3691 682 3780 epistola
703 3688 854 3764 scribam,
876 3709 970 3775 quam
991 3687 1049 3775 ipsi
1072 3687 1188 3766 Quinto
1210 3685 1302 3753 dabo.
1337 3693 1384 3755 Tu
1405 3707 1530 3753 merve-

217 3789 271 3854 lim
298 3789 464 3856 certiorem
493 3787 605 3862 iacias,
634 3785 710 3874 quid
739 3783 777 3849 de
799 3782 877 3848 meis
898 3779 1049 3848 mandatis
1070 3781 1189 3867 egeris,
1211 3789 1302 3868 atque
1323 3781 1430 3855 etiam,
1454 3779 1529 3868 quid

219 3881 258 3947 de
284 3890 340 3949 tuo
367 3881 505 3966 negotio.
559 3884 652 3956 Nam,
678 3887 714 3945 ut
733 3876 900 3944 Brundisio
927 3875 1085 3963 profectus
1114 3897 1162 3950 es,
1190 3875 1292 3940 nullae
1318 3873 1394 3939 mibi
1422 3870 1477 3939 abs
1499 3881 1566 3937 teas

218 3983 290 4041 sunt
309 3974 450 4042 redditae
471 3975 603 4040 litterae.
645 3972 744 4040 Valde
764 3991 844 4036 aveo
865 3970 959 4046 scire,
981 3970 1057 4058 quid
1078 3989 1160 4054 agas.
1201 3966 1280 4033 ldib.
1301 3966 1430 4033 Martiis.

285 4193 468 4258 2.[acomt1.
487 4219 517 4228 —
555 4191 631 4257 focile
647 4205 680 4241 cx
697 4191 781 4242 ultera
798 4196 875 4252 parte
893 4189 915 4240 1.
934 4211 965 4222 -
1001 4188 1028 4238 3.
1047 4188 1176 4252 affuerunt
1194 4185 1217 4235 1.
1239 4209 1268 4222 -
1294 4185 1385 4234 Fusius
1402 4183 1477 4235 11111.
1498 4205 1528 4218 -·

219 4263 337 4312 tribum
353 4261 423 4326 tum]
453 4264 553 4313 Tritum
572 4263 610 4322 Y,
638 4264 743 4311 tertiam
760 4259 872 4320 szR,
903 4259 1071 4310 circumuenit
1091 4257 1111 4307 1.
1147 4256 1306 4306 Emendavit
1322 4255 1468 4304 Manutius.
1495 4271 1530 4288 -·

218 4333 244 4382 i.
263 4333 394 4383 luculliam
413 4347 453 4398 pr.
472 4334 508 4383 M.
542 4358 571 4369 -·
608 4334 634 4383 3.
653 4332 722 4396 quod
739 4344 785 4395 epo
800 4331 858 4380 nou
872 4330 895 4379 1.
922 4353 954 4363 -
992 4329 1035 4378 13.
1051 4327 1185 4385 imitator,
1211 4332 1317 4376 emmor
1333 4324 1356 4374 1.
1385 4346 1416 4358 -
1452 4321 1530 4372 aliter

220 4417 258 4467 pr.
279 4403 323 4463 M,
342 4412 429 4453 autem
447 4417 518 4453 corr.
536 4403 574 4452 M.
597 4427 626 4438 -
664 4403 706 4451 11.
724 4403 810 4449 minsis
825 4401 890 4449 uitio
908 4412 979 4448 corr.
996 4397 1035 4447 M.
1055 4421 1084 4432 -
1122 4395 1164 4446 13.
1182 4393 1377 4460 inquubssil,
1396 4406 1449 4456 guo
1467 4404 1528 4441 oum

219 4474 347 4523 Ascensio
367 4473 396 4524 11,
424 4497 454 4509 -
490 4479 591 4536 ceperat
609 4473 645 4521 M.
679 4496 708 4506 -
746 4469 788 4519 14.
807 4483 886 4533 neque
902 4470 932 4518 id
948 4470 1032 4532 anapia
1048 4467 1166 4516 amicitia
1183 4467 1308 4516 addacem
1326 4463 1409 4514 Clodii
1425 4463 1454 4512 id
1470 4462 1528 4527 [ecit

219 4542 240 4591 1.
271 4568 302 4578 -
339 4545 381 4594 15.
401 4542 551 4607 [ecitMlil.
589 4539 672 4606 (facit
691 4540 787 4588 Bosius
805 4553 820 4588 e
838 4539 941 4594 codd,
974 4543 1003 4586 ut
1021 4533 1154 4598 ridetur.)
1187 4561 1216 4572 -
1254 4535 1294 4585 13.
1313 4534 1409 4597 [urium
1425 4531 1464 4584 M.
1496 4553 1526 4566 -

218 4614 351 4664 minen.
390 4613 497 4664 Praeter
521 4613 623 4676 Fufium
647 4610 720 4658 bouis
746 4623 807 4657 cum
834 4609 993 4672 quibusdam
1013 4606 1082 4670 apud
1101 4607 1260 4656 Lambiuum
1279 4605 1383 4655 Rosius.
1413 4627 1448 4637 -
1483 4599 1526 4650 18.

218 4682 291 4732 Nunc
307 4692 338 4734 ut
355 4684 391 4734 od
407 4684 447 4733 M:
465 4697 527 4732 num
544 4682 627 4732 utod
645 4680 672 4737 1,
702 4678 893 4728 uuncodliss.
923 4703 951 4714 -
990 4691 1110 4747 τευκρος
1127 4677 1160 4727 11.
1186 4701 1213 4713 -
1247 4675 1356 4739 porooit
1373 4672 1396 4721 1.
1418 4695 1449 4708 -
1485 4670 1526 4721 13.

218 4749 271 4815 qui]
290 4755 354 4816 ossio
371 4753 402 4803 11.
424 4780 452 4790 -
490 4753 579 4816 ermeli
597 4766 609 4801 e
627 4749 696 4799 lania
713 4748 756 4808 M,
776 4748 977 4812 Arquiteiomioe
995 4747 1017 4797 1.
1039 4772 1067 4783 -
1088 4747 1131 4796 30.
1151 4758 1250 4796 ncnrr
1269 4744 1313 4793 lii.
1334 4767 1366 4779 -
1400 4743 1444 4792 31.
1462 4753 1531 4804 pou-

219 4823 344 4872 rilionom
362 4824 383 4873 l.
406 4849 433 4859 —
471 4825 537 4873 redii
554 4823 586 4870 R.
606 4843 635 4858 -
671 4819 759 4868 uidero
777 4819 902 4867 bominem
919 4817 995 4866 ualde
1010 4819 1110 4878 patitur
1126 4818 1165 4866 irc
1181 4814 1284 4865 munio
1302 4813 1363 4873 MR,
1380 4813 1468 4862 uidero
1485 4811 1530 4860 lio-

218 4893 313 4942 minem
330 4893 405 4942 ualde
420 4893 534 4956 petitur:
552 4905 580 4941 re
597 4888 702 4940 ucuodo
723 4887 744 4935 1.
782 4887 940 4937 Emendavit
957 4887 1108 4936 Turnebus.
1130 4909 1159 4922 ·-
1195 4885 1239 4934 28.
1258 4885 1298 4933 bic
1315 4883 1338 4932 1.
1357 4907 1388 4916 -
1425 4883 1468 4931 31.
1488 4893 1530 4930 cu-

219 4974 299 5026 raque
316 4969 340 5012 et
358 4963 427 5028 effice
446 4962 476 5011 l:
496 4975 621 5025 curaque,
640 4959 709 5023 effice
726 4957 807 5008 Milli·
827 4981 861 4995 -
894 4957 938 5007 33.
956 4957 986 5006 in
1003 4953 1044 5019 eo]
1062 4969 1120 5006 mec
1138 4970 1178 5018 pr.
1198 4953 1235 5006 M.
1258 4980 1286 4990 -
1307 4953 1381 5004 uelim
1397 4966 1437 5002 me
1457 4951 1477 5000 1.
1500 4973 1530 4984 -

220 5031 263 5080 35.
284 5033 430 5081 Brundusio
448 5031 484 5081 M.
507 5057 534 5068 -
563 5031 605 5081 311.
624 5042 687 5079 uoco
706 5027 787 5080 Mill:
806 5027 886 5078 boiaco
904 5027 941 5089 Ζ,
959 5028 1040 5077 bouso
1058 5025 1088 5076 li.

303 5157 374 5197 cu...
389 5155 408 5198 r
428 5159 461 5197 ur,
1280 5125 1322 5185 25
