3662 5908
702 471 775 534 LIB.
797 472 820 534 1.
863 471 922 533 ΕΡ.
944 469 975 532 2.
996 469 1027 531 3.

672 687 736 749 ιη.
774 683 823 768 (n.
849 685 882 749 o.
904 685 935 748 c.
957 681 1042 762 cosp

639 807 793 872 MARCUS
820 805 858 882 Q.
879 806 1021 870 FRATRI
1042 806 1074 868 S.

287 927 316 988 1.
336 919 380 988 Mi
409 919 523 992 frater,
559 917 603 982 mi
631 915 744 993 irater,
779 921 822 982 mi
849 913 962 990 irater,
998 923 1072 981 tune
1098 913 1130 980 id
1156 915 1273 980 veritus
1301 935 1351 989 es,
1387 935 1427 982 ne
1453 935 1512 1002 ego

202 1014 362 1085 iracundia
389 1013 493 1101 aliqua
519 1011 669 1078 adductus
700 1031 816 1098 pueros
836 1009 875 1076 ad
897 1017 927 1074 te
948 1010 1015 1076 sine
1036 1009 1146 1076 littaris
1167 1009 1327 1076 miserim?
1347 1020 1401 1076 aut
1419 1011 1512 1076 etiam
1538 1025 1540 1032 ’

201 1135 242 1181 ue
269 1109 433 1178 tesidere
462 1105 639 1172 noluerim?
680 1107 747 1190 Ego
773 1102 831 1170 tibi
858 1103 1032 1170 irascerer?
1064 1101 1120 1169 tihi
1153 1123 1213 1188 ego
1240 1122 1365 1189 possem
1397 1104 1536 1170 irasci?⁸

202 1207 341 1282 Scilicet,
370 1213 406 1268 tu
433 1200 516 1266 enim
537 1216 588 1265 me
609 1187 836 1277 afflixistidtui
856 1218 908 1262 me
928 1196 1062 1273 inimici,
1091 1207 1145 1262 tna
1165 1217 1216 1262 ma
1237 1197 1371 1274 invidia,
1394 1218 1430 1264 ao
1451 1217 1513 1264 nun

201 1318 261 1387 ego
289 1310 319 1366 te
348 1297 463 1364 misere
491 1285 633 1379 perdidi)
670 1294 759 1357 Meus
779 1289 831 1356 ille
852 1289 994 1356 laudatus
1015 1291 1193 1357 cumulatos
1214 1291 1290 1358 mihi
1312 1300 1356 1368 te,
1378 1291 1512 1370 liberos,
1563 1270 1630 1354 d

200 1394 349 1482 patriam,
377 1371 621 1462 fortunasss'lilri
643 1383 736 1451 velim
757 1404 797 1449 ne
818 1383 893 1470 quid
914 1384 1066 1471 eripuerit
1085 1393 1213 1471 practer
1232 1405 1329 1451 unum
1350 1407 1410 1456 me.
1453 1385 1514 1453 Sed

200 1498 285 1554 certe
307 1507 325 1550 a
346 1492 377 1550 te
397 1481 474 1547 mihi
496 1479 601 1546 omnin
621 1498 746 1565 semper
766 1477 895 1543 honesta
917 1486 949 1543 et
967 1478 1103 1545 iucunda
1123 1479 1318 1563 ceciderunu
1346 1502 1365 1547 a
1385 1501 1436 1548 mc
1456 1480 1514 1548 tihi
1622 1483 1644 1562 Ξ)

200 1582 301 1648 luctus
331 1597 420 1644 meae
452 1572 650 1648 calamitatis,
688 1583 791 1639 metus
821 1579 910 1646 tuae,
947 1570 1153 1648 desiderium,
1189 1595 1331 1651 maeror,
1367 1575 1513 1643 solitudo.
1526 1593 1551 1632 ¹⁰

200 1679 267 1760 Ego
289 1680 320 1737 te
341 1669 450 1736 videre
470 1668 651 1733 noluerim?
693 1671 793 1732 Immo
815 1685 892 1731 vero
914 1685 964 1729 me
986 1687 1004 1731 a
1024 1675 1055 1732 te
1078 1667 1179 1734 videri
1201 1669 1298 1740 nolui.
1341 1675 1409 1737 Non
1431 1672 1513 1738 enim

200 1767 330 1835 vidisses
351 1764 478 1829 fratrem
500 1772 604 1840 tuum;
626 1782 688 1826 non
711 1782 802 1834 eum,
824 1779 918 1847 quem
939 1758 1127 1846 reliqueram
1149 1781 1212 1827 non
1234 1783 1320 1838 eum,
1343 1784 1436 1850 quem
1458 1787 1515 1832 no·

112 1867 116 1872 “
200 1881 270 1940 ras3
292 1880 354 1924 non
376 1879 465 1929 eum,
487 1873 582 1942 quem
603 1854 680 1920 llern
701 1855 842 1928 flantem,
865 1861 1105 1941 prosequentem
1120 1853 1319 1940 proficiscens
1334 1856 1513 1923 dimiseras:

200 1976 240 2022 ue
266 1950 432 2036 vestigium
460 1947 587 2035 quidem
615 1949 682 2014 eius
711 1969 770 2013 neo
796 1947 1014 2022 simulacrum,
1044 1947 1098 2012 sed
1120 1947 1274 2034 quandam
1296 1950 1431 2036 effigiem
1452 1951 1515 2037 spi·

200 2047 297 2115 rantis
324 2043 451 2111 monui.
502 2046 602 2128 Atque
623 2042 741 2108 utinam
769 2061 821 2106 me
842 2051 1001 2106 mortuom
1021 2041 1110 2128 prius
1131 2041 1261 2107 vidisses
1282 2056 1336 2109 aut
1356 2044 1513 2112 audisses!
1527 2063 1551 2102 tt·

200 2143 317 2210 utinam
346 2147 376 2204 te
405 2157 468 2201 non
497 2135 598 2201 solum
627 2140 709 2201 vitae
737 2133 792 2200 sed
814 2133 906 2198 etiam
928 2133 1083 2220 dignitatis
1111 2156 1199 2200 meae
1223 2139 1420 2223 superstitem
1442 2139 1517 2206 reli·

201 2235 364 2323 quissem!
407 2233 437 2295 2.
460 2227 521 2294 Sed
549 2235 649 2293 testor
676 2249 785 2294 omnes
812 2228 889 2295 deos
915 2247 965 2292 mc
993 2227 1052 2293 hac
1076 2249 1137 2294 nna
1165 2249 1243 2295 voce
1271 2251 1290 2295 a
1316 2241 1418 2298 rnorte
1446 2253 1515 2300 esse

200 2335 398 2404 revocatum,
428 2321 514 2410 quod
542 2341 651 2388 omncs
676 2323 710 2388 in
738 2343 808 2388 mea
835 2321 897 2388 vita
924 2331 1043 2408 partem
1072 2321 1207 2410 aliquam
1228 2331 1300 2392 tuae
1320 2325 1403 2391 vitae
1423 2347 1516 2414 repo-

201 2423 291 2489 sitam
319 2425 387 2484 essc
412 2415 566 2483 dicebant.
623 2418 728 2495 Quare
755 2415 882 2504 peccari
912 2417 1124 2503 scelerateque
1152 2417 1219 2485 leci.
1273 2423 1347 2484 Nam
1380 2421 1516 2488 siooci·

201 2515 334 2590 dissern,
363 2531 450 2576 mors
475 2511 543 2596 ipsa
569 2529 672 2602 meam
698 2511 843 2598 pietatem
871 2530 1075 2598 amoremque
1104 2511 1137 2576 in
1158 2521 1189 2576 te
1209 2510 1300 2579 facile
1326 2513 1551 2584 defenderem
1620 2501 1654 2581 ff

201 2613 288 2676 Nunc
315 2603 478 2681 commisi,
513 2613 548 2669 ut
576 2625 627 2670 me
654 2605 728 2672 vivo
760 2622 907 2681 careres,
944 2605 1019 2671 vivo
1050 2625 1101 2670 me
1133 2605 1201 2671 aliis
1232 2606 1410 2694 indigeres:
1445 2632 1516 2677 mea

201 2723 266 2770 vox
293 2700 325 2766 in
354 2698 531 2764 domesticis
557 2697 703 2784 periculis
724 2698 920 2786 potissimum
942 2697 1114 2771 occideret,
1148 2719 1229 2786 quae
1250 2721 1344 2788 saepe
1365 2702 1516 2770 alienissi-

201 2794 261 2860 mis
282 2791 439 2880 praesidio
460 2790 579 2857 luisset.
621 2796 696 2857 Nam
719 2792 804 2879 qnod
818 2791 858 2857 ad
872 2800 902 2856 te
916 2795 1005 2877 pueri
1028 2791 1095 2856 sine
1117 2792 1227 2858 litteris
1247 2807 1414 2874 venerunt,
1437 2818 1517 2885 quo-
1680 2845 1684 2852 -

201 2893 284 2956 uiam
315 2885 403 2952 vides
433 2905 496 2950 non
526 2883 623 2951 luisse
653 2885 832 2951 iracundiae
863 2904 974 2960 causa,
991 2877 1095 2978 (certe
1124 2886 1249 2972 pigritia
1278 2887 1336 2977 [psit
1362 2900 1393 2955 et
1420 2911 1516 2978 quae-
1583 2854 1690 2952 ‚egid

202 2983 272 3050 dam
301 2980 419 3048 infinita
448 2973 721 3138 nis>laerimarum
749 2991 780 3046 et
806 2978 962 3045 dolorum.
1012 2984 1043 3045 3.
1070 2982 1156 3045 llaec
1182 2980 1248 3068 ipsa
1277 3003 1327 3048 me
1355 3002 1418 3071 quo
1440 2981 1552 3050 nanu

201 3087 291 3162 putas
317 3073 479 3160 scripsisse
546 3072 681 3146 Eodem,
710 3091 774 3160 quo
802 3079 833 3136 te
861 3071 969 3157 legere
994 3082 1082 3138 certo
1111 3073 1186 3139 scio.
1228 3079 1276 3140 An
1302 3095 1361 3161 ego
1387 3096 1515 3163 possum

201 3179 256 3237 aut
283 3191 346 3235 non
372 3168 510 3254 cogitare
536 3166 703 3254 aliqnando
731 3165 770 3232 de
796 3174 829 3230 te
855 3173 909 3230 aut
934 3186 1073 3253 onqm
1099 3164 1167 3233 sine
1193 3167 1330 3235 lacrimis
1356 3174 1516 3256 cogitare?

203 3269 280 3332 Cum
308 3263 392 3329 enim
422 3273 453 3328 tc
481 3261 642 3339 desidero,
670 3259 798 3327 fratrem
826 3259 928 3326 solum
956 3258 1132 3325 desidero?
1173 3263 1241 3345 ligo
1269 3283 1347 3328 vero
1367 3268 1516 3330 suavitate

201 3378 301 3445 prope
329 3355 513 3444 aequalem,
546 3354 699 3443 obsequio
720 3353 842 3429 lilium,
875 3353 1004 3418 consilio
1025 3361 1196 3439 parentem.
1246 3354 1329 3433 Quid
1352 3356 1428 3423 milri
1449 3357 1516 3424 sino

201 3463 234 3518 te
259 3471 396 3538 numam
425 3459 478 3515 aut
505 3447 562 3515 tibi
590 3449 734 3515 sinemo
762 3444 932 3512 iucundum
959 3445 1047 3512 luit?
1090 3447 1173 3525 Quid
1200 3448 1285 3536 quod
1306 3449 1419 3516 eodem
1439 3459 1553 3515 tem-⁸⁰

201 3565 280 3633 pore
308 3543 454 3609 desidero
475 3541 593 3608 liliam?
613 3563 674 3636 apra
695 3541 830 3629 pietate,
858 3561 918 3627 qua
940 3539 1107 3616 modestia,
1129 3561 1193 3632 quo
1213 3542 1353 3627 ingeniot
1382 3543 1515 3629 effigiem
1628 3541 1653 3614 ,3

201 3639 285 3714 oris,
317 3635 484 3712 sermonis,
517 3635 613 3702 animi
640 3635 723 3702 mail
767 3633 848 3713 Quid
876 3633 973 3699 lilium
1001 3634 1252 3702 venustissimum
1281 3637 1419 3724 mihique
1448 3637 1517 3705 dnl-

202 3730 380 3797 eissimum?
409 3749 503 3817 quem
531 3749 591 3814 ego
619 3727 706 3794 ierus
728 3747 765 3794 ac
785 3727 908 3792 serrem
930 3748 949 3792 e
970 3728 1137 3815 complexu
1159 3719 1262 3796 dimisi
1283 3751 1372 3808 meo,
1395 3733 1517 3819 sapien-

201 3824 315 3890 tiorem
335 3843 469 3916 puerum
491 3843 584 3910 quam
606 3822 728 3890 vellem.
771 3820 932 3888 sentiebat
951 3821 1033 3888 enim
1055 3821 1152 3888 miser
1171 3822 1249 3900 iam,
1271 3825 1347 3911 quid
1360 3835 1516 3911 ageretur.
1605 3797 1635 3896 cf

203 3917 286 3997 Quid
312 3938 389 3984 vero
416 3927 505 3992 tuum
535 3915 649 3992 filium,
677 3915 843 4002 imaginem
872 3923 973 3992 tuam,
1002 3937 1096 4002 quem
1124 3935 1212 3982 meus
1239 3917 1349 3985 Cicero
1376 3928 1407 3984 at
1433 3937 1553 3986 ama-⁸⁸
1609 3923 1637 4004 j

202 4011 255 4077 bat
286 4021 322 4078 ut
349 4012 479 4077 fratrem
507 4020 539 4075 et
569 4009 632 4076 iam
664 4020 699 4076 ut
728 4009 881 4074 maiorem
911 4008 1039 4074 fratrem
1068 4008 1264 4076 verebatur?
1315 4012 1399 4092 Quid
1431 4013 1518 4100 quod

202 4104 367 4171 mulierem
395 4103 621 4180 miserrimam,
651 4102 859 4169 fidelissimam
886 4101 1067 4189 coniggem,
1100 4123 1151 4169 me
1176 4104 1326 4191 prosequi
1354 4127 1417 4171 non
1446 4126 1517 4172 sum
1595 4087 1622 4190 ί

202 4219 329 4286 passus,
358 4205 513 4272 alenset,
543 4217 623 4284 qnae
650 4197 799 4284 reliquias
819 4196 992 4262 eommunis
1013 4196 1206 4274 calamitatis,
1235 4217 1414 4264 communes
1441 4199 1519 4265 libe-

202 4313 257 4360 ros
279 4297 442 4374 tueretur?
483 4295 516 4357 1.
538 4290 600 4357 Sed
622 4304 739 4366 tannen,
769 4310 898 4377 quoquo
919 4289 1014 4356 modo
1035 4291 1141 4376 potui,
1163 4291 1273 4377 scripsi
1293 4301 1325 4357 et
1345 4290 1417 4358 dedi
1438 4291 1519 4378 litte<

203 4405 255 4451 ras
276 4385 314 4450 ad
337 4396 368 4451 te
388 4385 577 4472 Philogono,
606 4383 720 4483 liderla
746 4393 817 4460 tuo,
847 4403 923 4471 quas
954 4381 1049 4449 credo
1069 4383 1125 4450 tibi
1146 4394 1255 4471 postea
1275 4385 1411 4452 redditas
1432 4403 1555 4465 escape
1607 4363 1636 4460 ὅ

270 4605 297 4656 5.
316 4605 442 4656 volueritn
457 4604 495 4656 Μ.
529 4626 559 4639 -
606 4602 632 4653 u.
652 4605 720 4654 sulm
738 4616 794 4655 om.
813 4602 836 4654 1.
856 4629 889 4639 -
925 4601 968 4653 111.
988 4601 1134 4652 occidissem
1152 4603 1236 4655 urm:
1266 4605 1409 4658 ceddluent
1426 4605 1457 4659 B.
1484 4629 1520 4646 -

202 4674 247 4725 20.
265 4689 337 4725 naon
353 4689 410 4726 meu
427 4676 487 4738 ipro
502 4673 628 4738 ptarucane
645 4673 677 4724 11.
695 4697 730 4708 -
764 4674 809 4724 21.
827 4679 858 4722 ut
874 4687 914 4724 nra
931 4673 989 4722 oleo
1007 4673 1076 4722 Mn:
1095 4680 1126 4723 a?
1142 4676 1203 4724 otoo
1219 4688 1259 4725 nro
1277 4675 1322 4726 Ill.
1342 4699 1374 4713 -
1399 4677 1445 4728 11.
1464 4679 1520 4728 tru-

202 4747 312 4795 cundtua
329 4757 446 4805 marram,
465 4751 532 4795 certa
549 4745 588 4802 R,
608 4743 773 4793 iracundiam
790 4744 820 4793 ln
837 4756 916 4793 cuma
934 4755 989 4804 mg.
1008 4741 1112 4806 Repett.
1131 4743 1225 4794 Lauro.
1244 4745 1317 4797 Fert.
1334 4747 1518 4806 immulant,

202 4827 281 4864 caeru
299 4823 372 4866 rara.
392 4817 442 4865 01.
471 4838 500 4849 -
547 4814 592 4865 11.
611 4819 678 4864 carre
695 4812 770 4864 11111.
797 4837 830 4848 -
873 4811 918 4863 111.
946 4813 1077 4863 renouare
1103 4825 1188 4878 propo
1214 4815 1348 4879 nemum
1374 4816 1520 4870 Petrarclaa

204 4882 272 4948 (up.
291 4884 375 4946 111111
401 4885 534 4936 ruuoltcre
554 4895 638 4948 prope
658 4885 769 4949 putrem
789 4895 872 4945 prope
890 4881 1022 4946 usqum
1039 4881 1122 4945 lini,
1148 4885 1280 4937 murore
1304 4887 1416 4950 fratrem
1438 4901 1521 4953 propa

202 4955 336 5020 equdem
361 4953 511 5006 Bruertlus.
529 4977 564 4990 -
606 4953 652 5003 ³1.
671 4953 753 5019 ample
771 4953 852 5002 mom
875 4952 926 5003 m.
950 4975 977 4987 -
1015 4951 1060 5003 311.
1080 4954 1157 5003 oscor
1173 4954 1210 5007 11.
1244 4979 1274 4993 ·-
1318 4955 1362 5008 35.
1381 4958 1520 5025 imaginem

204 5033 276 5076 tuum
303 5025 458 5077 Schtltalur:
490 5025 553 5090 quld
577 5023 716 5089 lanuginem
743 5035 827 5072 meum
853 5022 936 5082 11111,
963 5022 1027 5087 quid
1053 5024 1192 5088 imaginem
1221 5032 1294 5076 tumn
1312 5025 1342 5077 ll.
1379 5051 1412 5064 --
1447 5043 1521 5096 quam

204 5095 298 5146 ambr.
318 5095 371 5146 17:
390 5109 468 5161 quum
486 5093 583 5147 MRlE.
603 5118 636 5130 -
671 5093 779 5144 mulo?
797 5099 821 5144 et
838 5095 948 5159 putrem
966 5094 1045 5144 etium
1061 5100 1091 5145 u?
1110 5093 1141 5144 ll.
