3658 5930
178 969 202 1110 t

376 379 437 442 666
850 373 937 436 he.
958 371 1011 436 AD
1043 371 1215 436 AT'l‘lCUhl

376 533 504 618 †Qu0d
525 531 614 605 siles,
650 539 736 596 recte
764 529 806 594 mi
833 528 918 596 illam
946 548 1015 594 rem
1043 526 1112 594 lore
1133 529 1330 606 levamenta,
1351 529 1433 597 hene
1455 531 1548 614 laeis3
1577 547 1657 604 tum
1681 537 1712 604 id

376 639 435 704 est,
473 627 549 692 mihi
576 624 685 699 crede,
722 623 869 710 perinde,
898 631 934 688 nt
967 622 1147 689 existimare
1176 633 1210 689 tn
1237 645 1300 689 non
1333 634 1434 711 potes.
1477 633 1539 694 lies
1559 629 1712 702 indicat.

377 730 492 809 quanto
514 740 611 805 opere
631 717 664 783 id
686 717 824 803 cupiam,
861 737 931 782 aum
955 716 1011 783 tibi
1032 718 1164 784 audeam
1192 717 1350 794 confiteri,
1387 741 1480 806 quem
1509 723 1542 789 id
1570 727 1712 793 nonita

375 815 466 880 valde
487 812 623 901 probare
654 810 798 877 arbitrer.
847 810 910 876 Sed
930 810 1078 878 serendus
1105 811 1161 876 tibi
1192 811 1225 876 in
1247 811 1307 877 hoc
1328 835 1417 880 meus
1439 835 1541 883 error.
1584 824 1713 884 Feren-

355 911 453 976 adus‘i
486 914 583 973 lmmo
612 927 690 971 vero
717 906 810 970 etiam
842 904 1046 971 adiuvandus.
1103 910 1133 970 1.
1161 911 1208 971 lie
1231 906 1372 982 Othone,
1409 907 1532 986 diffido,
1566 912 1711 979 fortasse

377 1003 451 1091 qnia
479 1001 582 1086 cupio.
625 999 686 1065 Sed
713 1009 817 1064 tamen
845 999 946 1064 maior
974 999 1068 1066 etiam
1097 1020 1149 1065 res
1171 1007 1217 1093 est
1249 1019 1343 1085 quam
1367 999 1529 1070 facultates
1555 1016 1711 1080 nostrae,

376 1096 560 1186 praesertim
582 1094 762 1159 adversario
782 1103 814 1158 et
835 1091 950 1179 cupido
972 1101 1003 1157 et
1023 1092 1178 1179 locuplete
1209 1101 1240 1156 et
1261 1092 1386 1159 herede.
1428 1100 1616 1165 Proximum
1642 1111 1710 1172 est,

377 1202 412 1258 ut
439 1190 532 1255 velim
560 1189 696 1254 Clodiae.
739 1186 801 1252 Sed
831 1187 858 1252 si
893 1187 952 1252 ista
989 1185 1092 1252 minus
1119 1185 1231 1252 confici
1261 1197 1407 1272 possunt,
1444 1191 1531 1256 cilice
1564 1193 1710 1279 quidvis.

377 1292 444 1372 Ego
471 1305 521 1349 me
550 1284 669 1348 maiore
698 1281 867 1365 religione,
904 1300 998 1366 quam
1020 1284 1184 1368 quisquam
1212 1279 1271 1344 luit
1292 1280 1384 1346 ullius
1406 1284 1487 1361 voti,
1514 1285 1709 1352 obstrictum

346 1392 465 1469 nputo.
510 1376 635 1444 Videbis
657 1376 749 1440 etiam
771 1373 1005 1450 Trebonianos;
1028 1375 1087 1438 etsi
1108 1373 1222 1439 absunt
1252 1372 1382 1440 domini.
1424 1378 1503 1454 Sed,
1541 1390 1575 1446 ut
1602 1381 1646 1446 ad
1678 1391 1710 1445 te

380 1475 448 1540 heri
478 1473 603 1559 scripsi,
635 1469 847 1536 considerabis
870 1468 962 1532 etiam
991 1465 1031 1534 de
1056 1469 1247 1543 Tusculano,
1275 1488 1315 1532 ne
1336 1479 1436 1536 aestas
1457 1473 1577 1552 elllaat;
1616 1474 1707 1562 qnod

379 1579 463 1634 certe
485 1587 547 1632 non
570 1575 617 1630 est
637 1562 904 1630 committendum.

822 1703 929 1768 acra
972 1701 1030 1784 (A.
1056 1706 1088 1768 u.
1110 1707 1142 1768 c.
1164 1705 1258 1790 noa)

860 1825 1003 1890 CICERO
1026 1828 1171 1892 ATTICO
1194 1830 1226 1892 S.

346 1973 371 2012 ss
466 1949 494 2014 1.
522 1947 560 2008 Et
588 1939 725 2005 Hirtium
754 1936 872 2024 aliquid
900 1936 939 2002 ad
962 1944 992 2001 te
1014 1943 1194 2021 συμπαθῶς
1216 1938 1255 2004 de
1277 1961 1327 2006 me
1349 1941 1511 2028 scripsisse
1533 1941 1627 2009 lacile
1650 1965 1703 2030 pa·

379 2041 443 2107 tior
465 2073 502 2085 -
526 2037 600 2102 lecit
630 2034 713 2099 enim
741 2030 875 2096 humane
895 2067 938 2076 -
959 2041 990 2095 et
1011 2042 1042 2096 te
1067 2033 1135 2096 eius
1157 2033 1320 2118 epistolam
1342 2035 1381 2102 ad
1402 2059 1453 2102 me
1474 2059 1537 2103 non
1560 2039 1702 2112 misisse,

380 2136 479 2201 multo
501 2132 631 2199 facilius.
682 2132 730 2193 Tu
752 2125 833 2190 enim
856 2124 948 2188 etiam
970 2123 1146 2190 humanius.
1199 2128 1285 2193 lllius
1306 2129 1438 2206 librum,
1472 2133 1630 2218 quemad
1654 2155 1703 2197 me

380 2229 462 2294 misit
491 2227 529 2292 de
560 2229 691 2297 Catone,
728 2230 896 2306 propterea
917 2218 990 2282 vola
1013 2216 1168 2304 divulgari
1189 2241 1207 2284 a
1231 2222 1308 2296 tuis,
1344 2233 1379 2289 ut
1401 2245 1441 2291 ex
1463 2224 1596 2291 istorum
1623 2228 1704 2292 vitu·

380 2321 543 2409 peratione
565 2319 605 2384 sit
626 2316 708 2381 illius
730 2313 831 2377 maior
853 2309 1000 2376 laudatio.
1059 2316 1088 2376 1.
1113 2313 1205 2390 Quod
1226 2336 1284 2401 per
1305 2319 1467 2383 Mustelam
1489 2320 1574 2404 agis,
1603 2319 1701 2384 habes

342 2415 537 2482 anhominom
564 2410 654 2475 valde
686 2408 834 2474 idoneum
861 2405 986 2489 meique
1015 2426 1088 2470 sane
1115 2406 1290 2474 studiosum
1320 2411 1381 2475 iam
1403 2411 1475 2477 inde
1499 2433 1515 2476 a
1538 2415 1701 2478 Pontiano.

381 2507 499 2574 Perfice
521 2505 617 2591 igitur
638 2500 765 2588 aliquid.
823 2495 907 2575 Quid
928 2506 1032 2562 autem
1054 2499 1160 2573 alind,
1193 2501 1253 2567 nisi
1284 2513 1319 2570 nt
1347 2504 1448 2570 aditus
1481 2507 1521 2571 sit
1543 2509 1701 2594 emptori?

381 2603 467 2689 quod
488 2621 547 2687 per
568 2597 711 2685 quemvis
733 2591 880 2659 heredem
902 2600 1005 2676 potest
1027 2593 1117 2658 effici.
1160 2596 1222 2660 Sed
1243 2598 1407 2664 Mustelam
1429 2599 1461 2664 id
1476 2600 1701 2686 perfecturum,

381 2697 406 2763 si
429 2695 569 2781 rogaris,
606 2703 691 2778 puto.
747 2686 823 2753 ldibi
844 2705 922 2749 vero
945 2695 976 2749 et
997 2685 1121 2764 locum,
1144 2711 1237 2776 quem
1259 2703 1350 2777 opta,
1373 2693 1480 2767 adid,
1503 2694 1589 2780 quod
1612 2694 1702 2759 unlu-

380 2811 464 2862 mus,
487 2787 612 2854 dederis
634 2795 666 2850 et
687 2791 849 2869 praeterea
871 2779 1053 2864 ἐγγήραμα.
1105 2787 1180 2848 Nam
1203 2783 1255 2849 illa
1278 2785 1344 2850 Silii
1374 2796 1404 2851 et
1425 2788 1520 2853 Drusi
1542 2786 1701 2852 nonsatis

343 2882 629 2951 asoinodsaaonaol
664 2878 739 2944 mihi
771 2875 926 2941 videntur.
977 2874 1060 2951 Quid
1088 2877 1192 2942 enimi
1226 2878 1343 2945 Sedere
1365 2890 1448 2946 totos
1469 2881 1535 2946 dies
1558 2882 1589 2947 in
1612 2883 1699 2947 villal

380 2983 441 3045 lsta
463 2979 559 3063 igitur
586 2975 709 3050 malim,
732 2971 870 3059 primum
893 2967 1043 3043 Othonis,
1079 2969 1191 3037 deinde
1214 2973 1350 3040 Clodiae.
1404 2977 1436 3041 si
1459 2974 1534 3040 nihil
1557 2975 1625 3060 liet,
1650 2987 1701 3040 aut

380 3076 483 3136 Druso
512 3069 603 3136 ludus
634 3078 681 3132 est
710 3060 924 3150 suggerendus
955 3070 1008 3128 aut
1034 3064 1184 3131 utendum
1206 3068 1391 3135 Tusculano.
1445 3074 1475 3134 3.
1498 3071 1592 3148 Quod
1614 3070 1699 3136 domi

379 3175 410 3231 te
442 3162 611 3237 inclusisti,
647 3160 769 3226 ratione
798 3154 909 3222 iecisti.
966 3154 1029 3220 Sed
1061 3179 1179 3244 quaeso
1201 3159 1319 3227 confice
1342 3172 1373 3228 et
1394 3167 1424 3227 te¹
1447 3185 1579 3229 vacuum
1601 3165 1697 3231 redde

380 3258 481 3324 nobis.
523 3261 590 3342 Ego
611 3255 698 3330 hinc,
731 3262 766 3320 nt
786 3248 898 3336 scripsi
920 3257 1027 3323 antea,
1064 3252 1216 3337 postridie
1238 3254 1310 3321 Idus
1332 3256 1477 3330 Lanuvii,
1507 3258 1622 3324 deinde
1646 3279 1699 3345 po-

345 3351 488 3418 snstridie
517 3351 550 3415 in
580 3349 765 3415 Tusculano.
809 3340 942 3412 Contudi
964 3344 1047 3408 enim
1070 3345 1208 3412 animum
1232 3358 1262 3413 et
1284 3348 1418 3416 fortasse
1440 3351 1519 3425 vici,
1556 3351 1698 3416 simodo

380 3465 594 3533 permansero.
649 3447 733 3508 Scies
762 3441 858 3524 igitur
883 3435 1017 3502 sortasse
1050 3460 1138 3514 cras,
1171 3462 1327 3509 summum
1360 3445 1521 3531 perendie.
1574 3447 1603 3510 0.
1637 3443 1697 3512 Sed

277 3554 292 3616 ζ,
380 3538 455 3625 quid
477 3547 524 3602 est
545 3542 685 3623 quaeso?
720 3535 902 3602 Philotimus
924 3549 981 3595 nec
1004 3536 1143 3600 Carteiae
1165 3536 1348 3623 Pompeium
1371 3539 1471 3605 teneri
1504 3575 1542 3586 -
1578 3561 1639 3626 qua
1663 3537 1697 3602 de

380 3625 424 3696 re'
445 3633 618 3697 litterarum
651 3630 690 3696 ad
721 3629 863 3696 Clodium
892 3627 1115 3710 †Putavinum
1151 3633 1334 3726 missarum(
1341 3633 1517 3718 exemplum
1540 3632 1615 3697 mihi
1638 3635 1698 3718 Op-

185 3742 189 3750 ’
379 3725 449 3811 pius
482 3734 513 3789 et
540 3724 654 3790 Balbus
691 3711 862 3831 miseranti
885 3743 919 3788 se
949 3722 982 3787 id
1015 3721 1130 3787 lactum
1163 3720 1310 3788 arbitrari
1332 3759 1373 3774 -
1397 3725 1575 3812 bellumque
1595 3737 1699 3792 narrat

450 3947 475 3994 1.
497 3944 573 4007 and
590 3943 670 4002 sites,
700 3946 770 3990 recte
787 3942 824 3990 ms·
843 3941 919 3990 illam
938 3939 978 4000 Υ,
1012 3939 1090 4003 Quod
1107 3941 1174 3989 scisa
1190 3946 1259 3991 recte
1276 3942 1350 3992 ittam
1368 3942 1415 4004 hl,
1444 3944 1521 4007 Quod
1538 3946 1615 3996 ittam
1633 3959 1696 4000 ame

380 4018 431 4066 diis
450 4009 568 4078 omissis)
588 4014 625 4074 li,
647 4013 723 4076 Quod
741 4013 807 4062 aciss
825 4018 896 4061 rects
913 4013 943 4060 in
961 4009 1035 4058 idam
1054 4009 1085 4070 1,
1113 4011 1191 4073 Quod
1208 4013 1269 4061 silas
1286 4014 1352 4062 mihi
1368 4013 1444 4062 illam
1462 4015 1492 4065 li.
1529 4017 1620 4079 (Quod
1638 4017 1697 4066 scri-

379 4088 428 4146 bis,
448 4087 501 4136 reri
520 4092 543 4136 ts
561 4084 636 4134 itiam
647 4097 701 4133 rem
718 4085 775 4147 sore
791 4083 856 4131 mihi
869 4082 1024 4140 levamento,
1038 4095 1097 4130 cana
1109 4080 1171 4130 hsns
1188 4089 1299 4132 anctore
1311 4083 1434 4134 bisuntio
1449 4084 1596 4137 Lambinus
1609 4088 1695 4142 1566..

380 4157 456 4221 Quod
468 4155 568 4213 scribis,
576 4161 642 4204 carte
650 4153 716 4202 mihi
728 4152 803 4201 illam
812 4166 866 4202 rem
878 4153 897 4215 t.
907 4151 937 4208 l..
953 4164 1012 4200 cam
1022 4151 1085 4200 bens
1097 4150 1244 4201 Lambinus
1259 4153 1286 4201 ln
1300 4167 1353 4215 mg.
1365 4155 1483 4217 Repett).
1500 4181 1527 4193 -
1557 4158 1652 4208 tamid
1663 4161 1696 4205 sat

378 4227 525 4278 Lambinus
535 4223 638 4274 eumz:
652 4222 748 4273 cumid
758 4221 871 4276 casalli,
885 4221 981 4270 numid
991 4221 1118 4272 esastlili.
1129 4221 1274 4272 blallmus:
1289 4223 1471 4286 Quodscrs'bs's,
1485 4227 1696 4278 reritsmiiitans

377 4313 402 4348 r.
415 4296 435 4360 s.
449 4297 480 4354 l..
491 4297 515 4346 b.
527 4293 605 4357 {actm
620 4298 708 4342 tnmsn
717 4295 754 4343 id.
764 4318 793 4328 -
813 4294 839 4343 1.
850 4288 1010 4352 mihicrede]
1020 4293 1084 4340 mihi
1096 4291 1189 4342 scribis
1198 4293 1252 4342 reri
1265 4298 1290 4340 ts
1302 4293 1378 4343 creda
1386 4296 1417 4345 li.
1431 4318 1463 4330 -
1472 4298 1614 4347 aestimare
1627 4299 1658 4348 ll.
1669 4321 1693 4334 -

374 4374 450 4430 potes
460 4365 544 4418 zain:
564 4377 653 4426 posses
666 4363 709 4412 lh.
724 4389 753 4400 -
775 4363 800 4412 3.
818 4369 981 4426 quantopere
994 4361 1067 4412 triti.
1088 4360 1133 4420 (Ut
1143 4374 1202 4422 nos,
1216 4362 1300 4413 Codd.
1312 4363 1410 4426 liasii.)
1422 4387 1456 4402 -
1482 4364 1550 4429 cana]
1562 4380 1643 4431 qaam
1658 4380 1694 4432 pr.

377 4439 414 4490 Μ.
431 4462 461 4473 -
480 4437 507 4488 4.
527 4436 678 4486 arbitrarer
695 4433 717 4482 l.
729 4459 761 4468 -
781 4434 807 4483 0.
819 4435 899 4482 etiam
913 4447 969 4482 om.
981 4431 1011 4480 it.
1028 4456 1057 4468 -
1077 4431 1104 4481 8.
1118 4431 1169 4480 Ssct
1181 4445 1236 4482 nm.
1246 4433 1320 4484 hllil.
1341 4433 1485 4490 (insertum
1497 4449 1512 4486 e
1524 4436 1590 4488 Cod.
1602 4439 1630 4488 in
1644 4451 1694 4500 mg.

378 4509 482 4572 liepett.
502 4506 596 4556 Lamb.
617 4499 867 4566 etaCrstandro.)
887 4525 920 4538 -
941 4503 1047 4563 possint
1064 4501 1095 4551 ll.
1118 4527 1146 4536 -
1184 4503 1210 4553 0.
1230 4503 1303 4552 illius
1322 4504 1354 4553 n.
1375 4528 1407 4540 -
1443 4506 1486 4556 10.
1502 4507 1605 4569 ρυεαὺο
1625 4509 1693 4559 u.-

379 4580 423 4629 16.
444 4583 468 4627 st
486 4577 521 4638 ts]
542 4589 597 4625 eccs
616 4588 655 4637 pr.
676 4573 755 4623 bh-
780 4573 823 4622 18.
844 4573 878 4624 ab
897 4573 918 4622 1.
942 4571 1694 4637 -19.Mascsttan1,nuique.-20.sansom.1.

381 4674 408 4685 -
430 4649 473 4698 11.
495 4645 583 4711 alind]
603 4645 670 4692 illud
689 4645 710 4693 l.
732 4669 765 4678 -
802 4644 845 4694 13.
875 4647 978 4693 stante
997 4642 1082 4691 locam
1101 4655 1155 4692 om.
1176 4640 1198 4691 1.
1221 4665 1249 4676 ···
1288 4643 1331 4694 16.
1351 4642 1517 4716 ἐγγήραμα.
1555 4647 1624 4698 Nam
1644 4662 1693 4698 om.

379 4718 423 4767 iti.
455 4741 484 4752 -
522 4718 565 4766 15.
587 4715 658 4777 Quid
680 4715 770 4763 enim?
790 4713 884 4762 Sedere
913 4713 953 4762 o:
987 4712 1057 4775 Quid
1074 4711 1341 4764 enimaedsrshllli.
1360 4738 1394 4752 -
1429 4716 1511 4764 vitto!
1541 4717 1598 4768 lata
1617 4721 1695 4783 igitar

378 4788 492 4837 liosius:
512 4785 675 4835 adinista?
695 4783 868 4848 lqitarlllli.
899 4807 930 4817 -
966 4781 1342 4833 27.Tnaculonnmh11i.-
1379 4783 1423 4835 10.
1443 4785 1559 4836 Lanuvii
1577 4788 1694 4839 Muretus

378 4865 404 4906 et
423 4858 580 4907 Lambinus:
609 4855 679 4903 lami
696 4855 739 4912 hl,
766 4854 894 4904 Ianuarii
912 4853 938 4913 1,
963 4851 1113 4902 Lanuvium
1131 4852 1186 4902 llll.
1209 4878 1237 4890 -
1276 4854 1320 4903 ³0.
1339 4854 1407 4915 vici,
1431 4852 1467 4918 st]
1485 4857 1600 4908 vicissim
1621 4860 1644 4909 l.
1667 4881 1693 4892 -

379 4929 421 4976 01.
448 4927 550 4977 Curtios·
572 4926 638 4981 hili,
670 4923 772 4974 Cartini
797 4923 818 4972 1.
857 4921 989 4984 (Manutio
1016 4927 1126 4973 auctore
1152 4924 1267 4973 correxit
1285 4923 1455 4988 Lambinus.)
1485 4953 1515 4964 -
1552 4929 1596 4979 00.
1616 4928 1694 4978 Pata-

377 4999 467 5048 uinum
485 4998 530 5048 il:
550 4995 713 5046 Patauinum
726 4995 782 5056 1111,
800 4993 876 5044 nans¹
888 4991 950 5056 (sie)
961 4992 982 5042 l.
1009 4992 1103 5044 hialim
1118 4991 1303 5058 Petavonium,
1322 4995 1472 5072 llispaniaa
1482 4999 1622 5062 oppidum.
1643 5003 1692 5050 tia.
