3668 5936
291 429 354 494 508
776 426 836 495 ΕΡ.
859 427 911 490 AD
934 425 1107 490 d'l'TlCUM

291 593 433 662 noceret3
466 592 498 650 et
526 582 567 650 de
595 605 660 672 quo
685 581 897 669 iampridem
925 581 966 648 ad
992 591 1023 648 te
1051 580 1259 667 scripseram,
1301 580 1476 649 Turranius
1508 591 1615 651 autem

291 701 381 746 secus
415 678 470 744 tibi
500 677 659 744 Brundisii
688 677 812 744 discam
840 709 879 722 -
908 675 994 764 quod
1025 697 1066 741 ex
1092 676 1132 741 lis
1158 675 1272 742 litteris
1301 676 1456 762 cognovi,
1493 698 1613 764 quasa

291 779 441 849 Xenone,
464 774 584 860 optimo
606 773 690 848 viro,
713 771 821 857 accepi
842 807 899 845 -,
922 791 980 836 aur
1001 769 1130 838 fratrem
1157 769 1338 856 provinciae
1360 789 1423 835 uon
1444 772 1613 858 praefecis-

291 889 372 944 sem,
406 867 538 954 exposui
561 865 712 932 breiiter.
766 869 851 930 llaec
870 863 940 931 lere
962 872 1034 930 sunt
1054 863 1086 929 in
1108 864 1161 929 illa
1183 863 1324 952 epistola.
1377 867 1408 928 2.
1430 867 1517 930 Nunc
1538 865 1615 931 audi

270 961 423 1048 ereliqua.
476 965 537 1026 Per
557 958 716 1026 lortunasl
753 978 879 1027 omnem
908 968 995 1024 tuum
1024 978 1181 1032 amorem,
1217 979 1281 1042 quo
1303 979 1353 1022 me
1376 978 1410 1022 es
1430 958 1611 1045 amplexus,

291 1075 479 1140 omnemque
511 1064 595 1120 tuam
623 1053 839 1140 prudentiam,
873 1074 967 1139 quarn
994 1053 1174 1118 mehercule
1201 1052 1233 1118 in
1262 1052 1347 1118 omni
1370 1071 1486 1137 genere
1507 1053 1614 1118 iudico

292 1149 497 1234 singularem,
532 1147 641 1214 consor
661 1146 702 1213 ad
724 1169 792 1212 eam
815 1167 937 1220 euram,
966 1154 1002 1211 ut
1023 1145 1062 1212 de
1084 1146 1171 1212 omni
1192 1155 1274 1212 statu
1295 1166 1367 1212 meo
1389 1145 1517 1231 cogites.
1559 1147 1614 1214 Vi-

292 1240 367 1308 dere
390 1247 472 1307 enim
494 1241 570 1307 mihi
593 1239 703 1307 videor
724 1249 839 1307 tantam
861 1239 1095 1306 dimicationem
1117 1275 1156 1286 -
1179 1240 1240 1305 uisi
1261 1239 1343 1307 idem
1364 1238 1459 1314 deus,
1482 1239 1537 1326 qui
1554 1261 1613 1306 nos

292 1336 423 1411 melius,
460 1357 553 1420 quam
586 1345 696 1422 optare
722 1334 926 1408 auderemus,
961 1333 1105 1400 Parthico
1127 1332 1212 1400 bello
1240 1333 1400 1410 liberavit,
1436 1333 1614 1419 respexerit

259 1453 359 1500 rorem
387 1430 544 1517 publicam
566 1428 682 1496 -sed
705 1437 837 1503 mutarn,
868 1437 981 1513 quanta
1009 1449 1167 1514 nunquam
1195 1427 1264 1493 tuit
1307 1432 1389 1514 Age,
1412 1428 1473 1500 hoc
1497 1428 1611 1493 malum

291 1525 370 1591 mihi
391 1545 556 1592 commune
578 1533 626 1590 est
646 1544 718 1590 cum
740 1521 895 1589 omnibus.
949 1521 1030 1587 Nihil
1052 1521 1107 1587 tibi
1132 1521 1263 1596 mando,
1290 1533 1325 1588 ut
1354 1522 1393 1588 de
1422 1541 1462 1588 eo
1484 1523 1611 1607 cogites.

291 1619 371 1686 Illud
403 1639 508 1684 meum
535 1618 700 1706 proprium
736 1617 928 1702 πρόβλημα,
961 1636 1096 1702 quaeso,
1135 1617 1269 1704 suscipe.
1323 1617 1478 1691 Videsne,
1514 1623 1550 1681 ut
1580 1623 1613 1680 te

292 1723 419 1780 auctore
449 1714 509 1779 sim
536 1721 705 1799 utrumque
732 1711 937 1798 complexus?
968 1716 1013 1776 Ac
1044 1711 1156 1777 vellem
1191 1731 1209 1776 a
1240 1711 1395 1799 principio
1424 1720 1455 1775 te
1487 1709 1612 1775 audisse

292 1807 481 1874 amicissime
501 1817 695 1874 mouentem:

258 1975 284 2018 ts
413 2017 415 2022 ,
458 1939 548 2004 ’All'
572 1938 653 2022 ἐμὸν
679 1937 795 2004 οὔποτε
815 1937 922 2022 θυμὸν
943 1947 992 2003 ἐνὶ
1012 1937 1187 2017 στήθεσσιν
1208 1935 1342 2016 incedas.

460 2036 662 2119 Πατρίδος.
685 2080 694 2097 .
717 2079 726 2098 .
749 2080 758 2097 .

293 2165 355 2230 Sed
376 2161 544 2251 aliquando
565 2171 669 2228 tamen
689 2161 890 2249 persuasisti,
922 2170 959 2228 ut
979 2163 1112 2228 alterum
1134 2164 1376 2250 complecterer,
1406 2163 1480 2249 quia
1501 2164 1541 2231 de
1562 2184 1614 2229 me

293 2268 361 2324 erat
388 2259 505 2343 optime
532 2256 678 2333 meritum
712 2255 860 2332 alterum,
891 2256 963 2342 quia
985 2264 1104 2322 tantum
1126 2255 1259 2322 valebat.
1311 2256 1384 2322 Feci
1405 2257 1512 2343 igitur.
1553 2263 1615 2324 lta·

293 2373 355 2438 que
377 2349 467 2415 elleei
488 2349 575 2415 omni
602 2347 777 2434 obsequio,
806 2358 842 2416 ut
862 2353 965 2416 neutri
987 2349 1113 2414 illorum
1137 2350 1303 2438 quisquam
1324 2359 1406 2416 esset
1427 2372 1477 2418 me
1499 2351 1613 2418 carior.

254 2465 282 2510 ao
294 2450 324 2509 3.
346 2447 431 2507 llaec
457 2441 541 2506 eninr
569 2439 799 2527 cogitabamus:
830 2462 889 2507 nec
909 2441 985 2508 mihi
1006 2442 1173 2508 coniuncto
1195 2464 1267 2508 cum
1295 2444 1446 2532 Pompeio
1467 2444 1537 2512 lore
1559 2464 1616 2510 ue-

293 2557 381 2602 cesse
416 2555 548 2622 peceare
583 2536 616 2600 ln
651 2556 688 2600 re
717 2533 841 2619 publiea
876 2534 1064 2622 aliquando,
1102 2556 1160 2601 nee
1198 2558 1269 2603 cum
1306 2542 1437 2606 Caesare
1470 2540 1615 2607 sentienti

293 2629 495 2718 pugnandum
523 2650 592 2695 esse
619 2651 689 2696 cum
720 2629 885 2716 Pompeio;
918 2638 1001 2696 tanta
1029 2638 1098 2696 erat
1131 2631 1257 2697 illorum
1289 2633 1477 2700 coniunctio.
1528 2639 1616 2700 Nunc

293 2723 467 2810 impendet,
500 2732 536 2790 ut
564 2734 596 2789 ct
624 2733 658 2790 tu
680 2724 818 2791 ostendis
840 2732 872 2790 et
893 2743 952 2810 ego
973 2723 1085 2798 video,
1120 2745 1240 2790 summa
1262 2727 1344 2791 iuter
1366 2747 1421 2793 eos
1442 2727 1613 2794 eontentio.

294 2824 344 2885 lle
376 2827 479 2883 autam
508 2828 643 2906 uterque
664 2827 808 2884 numerat
828 2839 935 2894 suum,
963 2817 1024 2884 nisi
1046 2817 1128 2886 forte
1150 2819 1274 2886 simadat
1294 2819 1382 2886 alter.
1424 2825 1502 2888 Nam
1524 2826 1617 2887 Pom-

256 2917 384 3000 npelus
405 2934 469 2978 non
490 2912 625 2992 dubitat;
653 2934 728 2979 vere
750 2913 832 2978 enim
855 2913 971 2979 iudicat
992 2934 1044 2990 ea,
1075 2934 1157 2999 quae
1179 2913 1218 2978 de
1239 2935 1276 2978 re
1297 2912 1421 3000 publica
1442 2934 1525 2979 nune
1546 2933 1618 2980 sen-

294 3009 363 3082 tiat,
385 3007 462 3072 milri
483 3007 572 3074 valde
593 3007 733 3095 probari.
775 3007 942 3096 Utriusque
956 3018 1061 3074 eutem
1076 3009 1182 3095 accepi
1197 3008 1351 3075 eiusmodi
1365 3007 1485 3074 litteras
1503 3008 1615 3075 eodem

294 3112 453 3188 tempore,
490 3121 554 3190 quo
583 3111 665 3176 tuas,
699 3109 734 3167 ut
762 3110 874 3166 neuter
902 3123 1091 3188 quemquam
1112 3101 1253 3168 omnium
1273 3101 1374 3188 pluris
1395 3102 1499 3169 lacere
1521 3123 1616 3189 quam

295 3217 345 3261 mc
372 3195 542 3262 videretur.
590 3199 623 3265 4.
652 3200 770 3263 Verum
799 3195 875 3282 quid
904 3202 1022 3282 agaml
1045 3201 1112 3262 Non
1140 3217 1259 3283 quaero
1287 3195 1339 3260 illa
1370 3195 1480 3261 ultima
1508 3231 1548 3242 -
1588 3195 1616 3261 si

295 3295 379 3356 enlm
399 3294 508 3356 castris
529 3311 582 3356 res
604 3299 750 3376 geretur,
784 3289 878 3356 video
900 3310 972 3356 cum
993 3290 1092 3356 altero
1114 3290 1198 3356 vinci
1218 3288 1315 3356 satius
1337 3311 1405 3356 esse
1427 3311 1520 3378 quem
1543 3310 1615 3354 cum

257 3416 286 3456 aa
295 3385 395 3450 altero
423 3385 550 3450 vincare
577 3420 635 3460 -,
666 3383 722 3449 sed
749 3381 820 3458 illa,
857 3403 937 3470 quae
959 3393 1024 3450 tum
1046 3394 1191 3471 agentur,
1224 3406 1296 3450 cum
1318 3406 1452 3451 venero:
1474 3405 1513 3449 ue
1535 3383 1617 3449 ratio

296 3475 432 3543 absentis
455 3477 622 3551 habeatur,
644 3486 681 3542 ut
701 3475 875 3542 exercitum
897 3475 1039 3543 dimittat.
1081 3483 1143 3545 Dte
1166 3483 1207 3544 ld.
1229 3483 1340 3545 Τνιιι.
1384 3478 1469 3557 Quid
1490 3477 1616 3545 dicam?

296 3619 316 3647 „
324 3575 498 3657 Exspecta,
521 3570 633 3637 amabo
655 3579 702 3647 te,
725 3570 799 3636 dum
821 3569 957 3635 Atticum
978 3571 1206 3637 conveniam”‘l
1228 3578 1295 3638 Non
1317 3580 1364 3638 est
1384 3574 1472 3639 locus
1494 3573 1532 3638 ad
1554 3582 1617 3639 ten-

296 3664 527 3750 giversandum.
570 3669 686 3733 Contra
708 3668 893 3730 Caesarem?
936 3663 993 3730 Ubi
1014 3665 1087 3731 illae
1109 3676 1181 3732 sunt
1202 3666 1315 3733 densae
1337 3667 1508 3732 dexteraet
1529 3670 1615 3741 Nam,

297 3767 332 3823 ut
351 3757 396 3823 illi
418 3758 478 3825 hoe
499 3759 624 3835 liceret,
657 3757 778 3831 adiuvi,
812 3767 939 3842 rogatus
961 3755 1000 3822 ab
1022 3759 1092 3846 ipso
1113 3765 1278 3830 Ravennae
1300 3760 1339 3826 dc
1361 3760 1467 3827 Caelio
1487 3758 1616 3842 tribuno

147 3846 154 3868 *
259 3851 339 3938 aspl.
381 3851 429 3918 Ab
450 3851 520 3939 ipso
541 3858 667 3919 auteml
704 3851 807 3918 Etiam
828 3872 846 3914 a
868 3854 972 3917 Gnaeo
992 3862 1102 3918 nostro
1129 3856 1162 3919 iu
1183 3854 1239 3919 illo
1260 3853 1367 3920 divino
1389 3854 1481 3920 tertio
1504 3873 1618 3918 consu·

368 4075 394 4124 1.
421 4079 543 4128 noceret:
572 4079 595 4123 ct
623 4073 654 4122 de
672 4071 755 4123 llltl:
786 4078 906 4133 noceret,
933 4072 965 4122 da
983 4071 1014 4122 ll.
1043 4095 1072 4107 -
1109 4073 1136 4124 2.
1156 4073 1195 4122 lats
1214 4074 1236 4124 l.
1270 4099 1299 4111 -
1337 4074 1362 4124 3.
1391 4073 1556 4125 Zenonslll.
1585 4076 1622 4106 -’

296 4145 323 4196 5.
343 4158 395 4209 qno
412 4159 452 4195 nae
470 4141 505 4208 er]
525 4157 582 4193 cnm
600 4144 636 4193 ets
654 4156 695 4205 pr.
716 4141 752 4192 tt.
786 4164 812 4175 -
850 4142 878 4192 7.
898 4144 986 4207 confer
1011 4143 1047 4192 nd
1065 4141 1124 4194 att:
1148 4145 1237 4208 consor
1254 4151 1279 4194 te
1296 4145 1332 4194 ad
1350 4144 1411 4204 RE,
1431 4146 1561 4209 conseram
1580 4143 1617 4194 ed

297 4215 381 4266 Codd.
402 4215 489 4276 lanii,
508 4214 596 4278 censer
613 4215 667 4262 tam
685 4213 721 4263 ed
737 4211 895 4262 Lambinus.
917 4237 946 4249 -
985 4213 1027 4264 10.
1047 4212 1129 4276 atquo
1149 4213 1429 4266 malabatllrneatlus.
1467 4213 1616 4264 Clr.lland

296 4287 377 4336 Tura.
402 4286 422 4335 l.
452 4301 478 4349 p.
511 4282 572 4334 208.
608 4283 701 4334 Moser
725 4283 870 4346 Interpret.
897 4281 989 4333 Germ.
1018 4297 1045 4347 p.
1076 4283 1138 4334 013.
1168 4308 1198 4320 -
1233 4285 1333 4335 melnen
1357 4287 1425 4350 qnod
1448 4284 1562 4335 mnia.
1585 4309 1615 4320 -

297 4357 341 4407 13.
372 4351 529 4419 compleant]
566 4353 732 4416 complanata,
764 4354 914 4416 Pompeiam
949 4359 973 4404 et
1012 4354 1148 4404 Caesarem
1178 4354 1215 4407 111.
1253 4353 1299 4418 (Ut
1325 4369 1394 4417 nos,
1426 4351 1484 4405 ill.)
1513 4377 1547 4390 -
1582 4356 1616 4404 At

297 4428 320 4478 l.
354 4453 380 4463 -
416 4427 546 4477 audissem
565 4423 723 4473 Lambinus.
757 4449 786 4460 -
824 4424 869 4475 10.
889 4425 1071 4474 admonentem
1090 4423 1112 4472 l.
1134 4448 1165 4459 -
1202 4423 1246 4475 10.
1261 4419 1317 4488 Ὣς
1336 4421 1423 4476 ov'dlv
1440 4424 1561 4490 γλυκὶσν
1580 4416 1617 4490 ἧς

296 4494 715 4628 7315033εο
734 4491 1179 4625 urea-mente
1414 4495 1530 4615 ‘lene

313 4604 320 4618 ι
478 4603 485 4627 ,
610 4599 618 4616 ο
672 4599 678 4613 ·
817 4601 824 4614 ι
942 4599 949 4612 0
1327 4604 1344 4621 ·.
1375 4590 1406 4602 ‘¹¹'
1564 4589 1616 4611 ··““

297 4637 341 4687 21.
360 4637 562 4699 rempublicam
580 4637 611 4685 a.
649 4633 704 4684 etr.
727 4633 867 4685 Geruhard
887 4637 920 4686 ad
940 4635 1014 4685 Lael.
1034 4649 1061 4699 p.
1080 4636 1124 4687 0-1.
1150 4661 1185 4670 -
1220 4650 1277 4686 cnm
1296 4637 1418 4699 Pompelo
1435 4636 1556 4686 sentienti
1573 4663 1587 4674 -
1604 4659 1616 4672 ·

298 4721 355 4757 cnm
373 4709 482 4759 Caesare
499 4705 574 4757 llllll.
612 4702 782 4767 (correctum
801 4719 831 4754 ea
852 4703 896 4767 Y.)
919 4729 946 4740 -
984 4706 1029 4756 22.
1049 4707 1196 4757 coniunctio
1213 4707 1319 4756 illorum
1337 4707 1359 4756 l.
1380 4727 1413 4742 ·-
1448 4706 1492 4755 25.
1511 4705 1615 4755 dubitat

299 4774 367 4838 (vere
385 4779 452 4828 enlm
477 4771 588 4838 iudicat)
614 4788 645 4826 ea
669 4774 700 4824 ll.
737 4773 791 4824 Cla.
812 4775 941 4826 Matthiae
964 4777 997 4826 ad
1026 4775 1081 4826 Cle.
1109 4777 1174 4840 Epp.
1194 4777 1244 4827 ael.
1268 4791 1294 4840 p.
1315 4778 1365 4826 172
1383 4781 1410 4825 et
1427 4776 1489 4827 527.
1526 4775 1616 4825 Haase

299 4847 327 4896 ln
347 4848 437 4910 Reisig
455 4847 514 4897 Lat.
535 4845 581 4896 Gr.
597 4859 622 4908 p.
636 4844 698 4895 573.
720 4841 801 4905 (Fert.
817 4846 923 4896 titubet.
945 4841 1009 4908 Oa.)
1022 4872 1050 4882 -
1072 4844 1114 4895 28.
1131 4847 1180 4896 illo
1198 4847 1292 4897 ultima
1308 4861 1364 4897 om.
1380 4845 1457 4896 atat.
1477 4844 1616 4909 (Suppleta

299 4922 361 4966 suut
379 4931 409 4968 er
430 4929 486 4980 mg.
506 4914 671 4965 Cratinum·
687 4929 715 4948 -
736 4914 779 4964 30.
799 4923 979 4980 namupanmr
997 4923 1052 4965 tam
1070 4915 1100 4964 lt.
1116 4941 1148 4953 -
1165 4917 1209 4966 33.
1229 4923 1289 4966 serat
1307 4918 1369 4967 ittae
1381 4918 1475 4967 domne
1488 4915 1508 4964 l.
1531 4912 1615 4978 (l'ort.

298 4993 396 5037 tensos.
423 4983 488 5048 Οι.)
525 4985 571 5034 Est
593 5000 625 5035 ex
651 4983 744 5047 aliquo
772 4985 860 5048 polita.
887 5011 917 5022 ·-
956 4983 1023 5035 liena
1046 4986 1109 5035 utile
1126 4987 1173 5036 lsoc
1194 4985 1244 5038 dil.
1266 5007 1296 5022 -
1334 4987 1378 5038 30.
1398 4987 1471 5036 edint
1488 4984 1563 5036 ldltl.
1587 5007 1613 5020 -

297 5057 328 5108 de
346 5057 429 5107 dacem
448 5056 559 5108 tridente
581 5055 620 5118 pl.
640 5055 796 5107 Lambinus.
819 5078 849 5091 -
886 5054 929 5105 35.
949 5051 1050 5117 Etiam]
1068 5061 1131 5106 ann
1148 5069 1218 5106 corr·
1239 5057 1277 5110 31.
1296 5079 1330 5093 -
1366 5072 1384 5107 σ
1401 5070 1456 5107 om.
1478 5056 1523 5107 [tl.
