3666 5874
259 439 320 488 xiv·

259 587 369 653 autem
390 580 546 653 codicem
559 603 580 652 a
594 581 780 652 Petrarcba
793 582 964 672 Veronae,
983 585 1023 652 ut
1034 583 1186 672 videtur,
1207 583 1378 656 inventum
1393 587 1582 656 etiamnunc

259 681 450 756 Florentiae
470 691 607 756 exstare
628 686 728 756 docet
749 687 934 756 Bandinins
954 689 976 756 l.
992 689 1014 756 l.
1035 708 1067 776 p.
1083 685 1191 758 toa:
1217 688 1295 758 «cd.
1311 692 1582 760 membranaceus

257 789 327 859 Ms
348 793 382 858 in
404 791 439 858 4.
452 787 531 862 See.
545 790 608 858 xi.
623 792 750 860 formae
766 792 964 880 quadratae,
986 793 1156 879 quantivis
1176 793 1293 884 pretii,
1315 797 1476 864 constans
1495 813 1582 882 qaa-

257 897 465 964 ternionibus
485 893 672 983 xxxin,
693 901 731 964 ut
748 915 792 964 ex
813 898 982 964 numerica
1001 901 1082 964 nota
1103 896 1256 965 Romanu
1276 899 1320 965 ad
1342 898 1439 966 finem
1460 900 1582 989 singu-

256 1000 362 1067 lorum
377 1002 532 1089 apposita
546 1002 689 1089 eruitur,
711 1002 746 1068 et
759 1003 793 1068 in
811 1000 876 1068 dne
897 1002 1001 1068 ultimi
1022 1006 1199 1088 praeterea
1219 1004 1356 1070 notatur
1376 1000 1525 1093 neoti,
1539 1004 1583 1072 ab

167 1169 169 1176 ,
256 1103 299 1172 Η.
310 1105 563 1196 Lagomarsinlo
578 1102 830 1196 diligentissime
844 1106 987 1174 collatus
1002 1105 1056 1173 die
1077 1101 1141 1172 21.
1157 1102 1295 1174 Octobr.
1314 1104 1429 1175 1⁷40.
1443 1110 1479 1174 et
1494 1127 1581 1174 num.

257 1205 293 1276 9.
314 1208 522 1300 designatus.
563 1210 708 1279 Constat
735 1209 826 1277 i'olils
846 1211 983 1296 scriptis
1004 1207 1097 1276 2⁷0.
1139 1211 1180 1278 ln
1202 1210 1367 1302 catalogo
1390 1211 1582 1280 Mantiane.

255 1313 318 1380 sub
339 1331 426 1379 num.
446 1313 560 1381 vill.»
594 1345 634 1360 -
666 1333 699 1400 p.
718 1309 825 1380 toa:
861 1313 1061 1400 «Exemplar
1089 1316 1229 1382 omnium
1256 1317 1517 1384 vetustissimum
1547 1315 1583 1382 et

256 1435 322 1503 quo
343 1419 507 1504 tamquam
528 1417 715 1508 archetypo
737 1437 819 1486 osus
839 1421 892 1486 est
918 1418 1122 1488 Franciscus
1144 1418 1328 1488 Petrarcha
1349 1419 1393 1487 ad
1413 1418 1495 1487 illud
1517 1437 1583 1487 ex-

255 1521 483 1608 scribendum,
505 1521 593 1610 quod
608 1522 773 1590 innuimus
786 1521 899 1610 paullo
921 1524 1002 1591 ante
1022 1525 1085 1592 sub
1106 1543 1193 1592 num.
1213 1524 1290 1592 vii.
1331 1524 1418 1593 lleic
1439 1523 1582 1614 singulis

254 1626 365 1711 libris,
388 1628 491 1713 primo
514 1632 674 1714 excepto,
695 1627 926 1719 praeligantur
948 1629 1081 1696 nomina
1102 1647 1231 1711 eorum,
1252 1626 1296 1695 ad
1312 1629 1584 1716 praemittuntur

254 1728 446 1820 Epistulae,
466 1733 540 1799 sive
555 1731 782 1818 Epistularum
797 1733 1049 1822 inscriptiones,
1065 1737 1099 1800 et
1114 1731 1244 1820 quidem
1259 1731 1456 1801 charactere
1470 1750 1582 1824 gran-

256 1835 341 1902 diori
368 1838 538 1905 exaratae.
581 1835 714 1906 Graeca
739 1837 845 1905 verba
873 1837 944 1902 suis
977 1839 1056 1904 sont
1083 1837 1167 1905 locis
1194 1839 1351 1924 apposita
1378 1836 1578 1905 charactere

254 1943 333 2008 item
355 1939 528 2028 quadrato.
568 1939 627 2007 Ad
648 1941 772 2010 calcem
794 1960 826 2027 p.
842 1939 930 2008 118.
946 1942 978 2009 b.
993 1941 1118 2032 legitur
1138 1960 1237 2008 manu
1257 1940 1385 2031 Angeli
1401 1940 1580 2009 Politiani:

254 2049 391 2132 reperire
408 2050 545 2134 woman
562 2042 626 2112 boc
641 2037 670 2094 ἥ
689 2045 738 2112 ad
751 2043 859 2131 finem
880 2048 1025 2112 octavae
1043 2051 1212 2134 puplicae:
1235 2065 1302 2134 qua
1322 2044 1452 2133 quidem
1470 2044 1581 2113 adno-

255 2151 384 2217 tatione
405 2149 571 2217 indlcatun
592 2149 809 2234 transpositio
830 2149 889 2214 illo
909 2148 1135 2235 Epistolarum
1153 2150 1244 2218 Libri
1260 2150 1372 2238 vili,
1395 2167 1491 2236 quam
1506 2149 1583 2215 ani..

213 2261 223 2272 '
254 2252 492 2322 madvertimus
507 2257 541 2321 ln
556 2251 639 2322 cdd.
658 2253 887 2339 superioribus
901 2270 942 2320 ac
959 2255 1137 2340 praecipue
1152 2254 1186 2319 in
1201 2249 1261 2323 Gd.
1277 2254 1305 2321 l.
1326 2258 1362 2321 et
1379 2251 1443 2321 lV.
1487 2250 1583 2337 Quae

254 2364 363 2426 autem
393 2360 591 2449 paginarum
620 2357 767 2424 inversio
798 2358 832 2422 in
860 2356 1025 2443 Elplatolis
1051 2357 1189 2426 huiusce
1217 2359 1292 2426 libri
1315 2359 1358 2426 ob
1378 2358 1583 2445 bibliopolae

254 2463 414 2530 incuriam
435 2465 620 2552 contigisse
640 2461 807 2530 indicator
826 2461 869 2529 ab
890 2460 936 2528 A.
955 2459 1123 2529 Politiano
1144 2463 1177 2528 in
1200 2464 1271 2529 suls
1293 2460 1440 2530 dltacelt.
1463 2479 1492 2529 c.
1505 2457 1582 2554 25,

256 2585 297 2636 ea
318 2569 352 2634 in
374 2585 535 2653 praesens
556 2567 647 2632 nulla
669 2569 739 2653 ert,
760 2564 823 2633 sed
845 2567 953 2632 omnia
974 2567 1069 2634 recte
1090 2565 1353 2657 progrediuntur
1375 2569 1458 2634 cet.»

341 2669 454 2740 Verba
473 2670 631 2738 Politiani
652 2669 674 2736 l.
687 2671 709 2736 l
723 2669 917 2738 liaeosunt:
943 2667 1100 2738 «Nactae
1120 2690 1198 2739 ram
1220 2665 1294 2738 Cic.
1312 2669 1407 2760 lipp.
1418 2667 1582 2757 [aaudia-

255 2781 348 2846 riura
374 2775 533 2843 uolumen
554 2778 880 2866 prumtissimam„
896 2813 918 2828 -
941 2779 1016 2841 bam
1043 2793 1090 2842 cc
1114 2794 1153 2841 co
1176 2779 1251 2861 ipro
1274 2773 1426 2842 alienam
1447 2773 1583 2841 &acri-

255 2885 371 2973 piam,
402 2883 509 2948 sicuti
535 2879 677 2971 puidam
700 2882 847 2966 putant,
880 2875 924 2946 Ρ.
949 2875 1167 2946 Petrurebae
1196 2897 1315 2946 maroa
1358 2875 1583 2962 Rescriptum

182 3023 187 3030 ·
256 2989 376 3052 uatem
391 3004 439 3052 ea
454 2990 530 3072 ipso
553 2983 662 3064 liquet
682 2983 802 3051 maliis
821 2985 1053 3072 arpumentis,
1074 3001 1163 3074 poue
1184 3001 1277 3050 roarrc
1295 2983 1488 3048 omiserim:
1519 2979 1583 3047 acal

255 3087 313 3157 bic
332 3094 522 3178 posterior,
556 3106 656 3182 pacm
677 3088 770 3180 diat,
802 3087 928 3179 eadee,
956 3091 1010 3154 ita
1035 3092 1089 3154 cst
1106 3086 1150 3154 ab
1176 3085 1379 3174 badiiipente
1396 3083 1582 3171 bibliopola

255 3193 531 3286 coroplotiroataa,
552 3199 606 3262 aii
623 3211 696 3262 coroa
714 3195 931 3280 transposita
951 3196 1162 3280 popinarum
1183 3191 1326 3258 decuria
1340 3194 1464 3256 cortica
1478 3205 1583 3280 paona

254 3301 381 3365 crotala
397 3303 446 3366 rit
460 3297 614 3363 rnamenta
628 3289 918 3381 deprehendatur.
963 3289 1036 3358 Eat
1050 3295 1169 3358 autem
1183 3290 1269 3356 liber
1282 3294 1320 3356 tn
1332 3287 1473 3376 publica
1492 3305 1582 3376 peoo-

253 3405 304 3470 iis
324 3395 506 3469 Mediceoe
528 3394 745 3466 bibliotheca.
789 3393 844 3461 lio
863 3391 928 3461 boc
948 3398 1066 3485 itaque
1085 3413 1172 3486 utto,
1195 3397 1364 3486 quaecum
1380 3395 1580 3482 coroticiam,

254 3511 372 3574 curacii
389 3505 495 3591 plotae
515 3503 678 3594 palpatui
702 3501 850 3568 certant
870 3495 986 3564 adbuc
1014 3495 1108 3585 Epp.
1125 3498 1316 3564 carneadem
1341 3489 1428 3562 cdd
1450 3511 1512 3562 ocra
1537 3494 1582 3561 de

252 3609 353 3700 foede
368 3613 549 3699 capiteque
563 3608 772 3693 marturani,
794 3607 896 3694 inopae
910 3600 1068 3670 omatibus
1086 3603 1332 3690 praeposterus
1345 3603 1381 3668 et
1398 3615 1582 3688 perperam

254 3717 413 3785 iectionis
434 3713 536 3804 ordo,
558 3716 616 3803 qui
633 3707 720 3777 mibi
735 3727 828 3776 laurac
843 3707 916 3774 loca
936 3706 1173 3774 restituendas
1190 3709 1354 3797 percipie
1370 3708 1587 3772 caraman-r

255 3822 322 3889 darc
342 3823 426 3888 eet.»
450 3847 493 3862 -
524 3815 666 3884 Victorii
691 3816 802 3882 autem
830 3811 926 3880 locos
955 3809 996 3878 de
1023 3806 1083 3877 cd.
1102 3808 1260 3878 Mediceo
1289 3812 1373 3876 satis
1401 3807 1582 3898 diligenter
1610 3817 1617 3840 ·

254 3922 394 4016 collegit
416 3919 602 3988 Bandinlus
623 3920 647 3986 l.
662 3919 702 4005 l.,
732 3916 850 4002 ouibus
876 3933 977 3980 unum
1000 3911 1174 3981 dumtaxat
1197 3911 1322 3980 addere
1342 3913 1424 3980 libet
1445 3927 1465 3978 e
1483 3911 1582 3979 curis

140 4018 144 4028 '
254 4030 382 4116 tortia,
402 4028 524 4095 nemin
545 4041 653 4111 paene
673 4010 834 4108 vaist),
856 4037 899 4086 ne
913 4020 977 4104 ipsi
999 4017 1130 4107 quidem
1152 4016 1337 4102 aroanna,
1359 4017 1416 4103 qur
1437 4013 1580 4082 victorii

254 4138 358 4204 vitam
380 4137 446 4201 tam
467 4131 648 4221 diiigenter
669 4126 854 4194 enarravitz
887 4143 968 4213 pap.
984 4121 1038 4191 6.·
1074 4118 1185 4191 «Gara
1204 4127 1258 4190 ita
1279 4127 1317 4190 iu
1337 4124 1466 4209 optimo
1492 4118 1580 4186 libro

254 4241 408 4329 lepaiur,
430 4253 530 4329 pacm
550 4232 675 4323 reliqui
692 4234 816 4322 etiam,
843 4228 925 4296 inde
943 4232 1037 4318 nati,
1068 4231 1260 4319 sepauroiar
1279 4227 1361 4293 cet.»
1405 4223 1580 4309 Hierony..

253 4365 339 4413 mum
359 4345 470 4411 autem
491 4336 778 4428 Lagomarsiniom
799 4331 917 4400 eidem
937 4332 1042 4398 inisse
1063 4329 1233 4399 sententit
1252 4331 1312 4396 vix
1333 4328 1387 4396 est
1402 4325 1490 4416 quod
1504 4345 1580 4393 mo-

254 4467 391 4518 neamus
412 4437 471 4530 [r.
485 4439 642 4514 Seebode
662 4435 794 4506 Arcbto
816 4437 862 4504 11.
884 4435 919 4502 3.
941 4453 973 4523 p.
992 4425 1116 4517 450).
1396 4507 1402 4520 ·

339 4550 437 4636 Quod
458 4548 501 4617 ad
523 4545 584 4615 cd.
604 4543 697 4613 Med.
718 4544 826 4632 ipsum
847 4543 984 4627 attinet,
1005 4559 1087 4608 sane
1110 4535 1332 4608 confitendum
1353 4538 1424 4625 esi,
1446 4555 1518 4605 eum
1535 4555 1581 4618 en

255 4658 378 4746 optimo
399 4647 571 4741 ἀρχετύπῳ
593 4649 734 4718 fideliter
756 4645 958 4734 descriptum
979 4663 1072 4730 esse,
1093 4645 1142 4711 ita
1162 4646 1200 4710 ut
1222 4642 1320 4710 'lollii
1341 4642 1445 4728 ipsius
1462 4642 1580 4730 umba,

253 4761 424 4848 exceptis,
444 4762 493 4827 uti
508 4759 545 4826 iit
562 4759 660 4826 etiam
681 4756 716 4820 in
740 4751 1037 4840 praestantissimis
1057 4747 1160 4833 Mas,
1181 4749 1266 4817 locis
1286 4745 1413 4834 aliquot
1434 4747 1598 4813 incutio..

323 4925 348 4992 ¹)
366 4926 454 4980 Semel
473 4925 581 4992 quidam
600 4924 778 4976 Florentinum
796 4924 955 4984 postremam
973 4920 992 4971 i.
1008 4931 1032 4971 a.
1046 4916 1157 4970 alteram
1168 4914 1278 4968 Victorii
1291 4919 1419 4968 memorat
1431 4911 1464 4965 ad
1478 4911 1535 4964 Lib.
1548 4910 1577 4962 ii·

253 5011 305 5075 Dp.
319 5009 364 5062 ib.
381 5005 544 5068 Lambinun
563 5017 656 5072 parum
674 5010 763 5058 tamar
779 5002 805 5057 ai
823 4999 1084 5056 decurtabantur
1110 4997 1233 5065 alioquin
1263 4997 1334 5051 anim
1352 4995 1434 5050 mulio
1450 4992 1526 5059 plura
1543 5001 1576 5048 cx

256 5089 351 5146 eadam
368 5087 545 5145 emendum.
