3658 5930
564 467 638 529 LIB.
661 467 763 530 xtss..
791 467 851 530 ΕΡ.
874 466 904 528 9.
929 467 979 528 10.
1004 467 1053 528 11.
1079 468 1127 529 12.
1158 499 1167 512 =
1447 469 1510 532 665

162 625 287 692 habeo
308 623 394 711 quod
417 643 521 709 agam,
553 643 593 688 ne
615 622 742 689 hercule
766 622 829 688 illic
851 621 977 709 quidem
999 642 1057 688 nec
1078 643 1225 709 usquam3
1254 624 1308 689 sed
1329 634 1432 690 tamen
1454 625 1511 690 ali-

165 721 259 808 quid
281 720 355 784 illic.
398 718 500 783 Hodie
523 717 721 802 Spintherem
743 727 902 803 exspecto.
950 716 1035 782 Misit
1056 716 1139 781 enim
1160 722 1276 783 Brutus
1297 717 1336 782 ad
1359 739 1429 784 me:
1452 739 1510 804 per

165 815 301 880 litteras
330 821 444 897 purgat
473 815 637 878 Caesarem
666 810 705 876 de
737 811 864 877 interitu
886 811 1041 888 Marcelli;
1079 815 1111 876 in
1133 831 1241 897 quem,
1275 811 1364 876 nesi
1388 811 1510 876 insidiis

167 907 310 994 quidem
339 906 393 971 ille
421 904 603 970 interfectus
632 914 728 980 esset,
765 905 891 970 caderet
918 904 982 969 ulla
1012 905 1159 990 suspicio.
1214 909 1302 968 Nunc
1323 925 1414 976 vero.
1437 925 1509 968 cum

167 1001 216 1066 de
249 999 354 1084 Magio
384 1008 519 1073 constet,
557 1019 660 1063 nonne
686 998 778 1065 furor
810 998 878 1064 eius
907 1019 1033 1064 causam
1055 1019 1179 1062 omnem
1212 997 1365 1063 sustinet?
1398 997 1532 1074 Pleno„

168 1093 258 1180 quid
288 1093 342 1168 sit,
376 1115 440 1159 non
469 1092 618 1177 intelligo.
669 1091 858 1179 Explanabis
888 1093 993 1177 igitur.
1050 1093 1247 1178 Quamquam
1283 1091 1359 1156 nihil
1391 1091 1509 1167 haheo,

169 1187 268 1274 quod
290 1186 448 1263 dubitem,
472 1187 530 1252 nisi
552 1187 613 1272 ipsi
634 1187 737 1272 Magio
760 1207 841 1273 quae
862 1185 959 1251 luerit
979 1206 1072 1250 causa
1094 1185 1261 1264 amentiae;
1286 1205 1344 1270 pro
1361 1205 1425 1270 quo
1441 1185 1511 1271 qui·
1618 1209 1619 1214 ¹

170 1282 254 1348 dem
278 1282 371 1347 etiam
406 1302 540 1367 sponsor
568 1280 657 1346 Sunii
688 1265 868 1346 iactns'est.
925 1281 1077 1346 Nimirum
1099 1281 1132 1346 id
1154 1281 1229 1358 luit;
1252 1277 1403 1345 solvendo
1425 1278 1509 1342 enim

171 1397 246 1445 non
282 1387 360 1441 erat.
412 1375 514 1443 Credo
545 1397 618 1440 eum
645 1375 772 1461 petiisse
802 1397 820 1439 a
847 1374 994 1440 Marcello
1022 1375 1157 1462 aliquid,
1192 1383 1223 1440 et
1243 1373 1348 1447 illurn,
1371 1382 1406 1438 ut
1426 1382 1509 1445 erat,

173 1471 407 1553 †constantius
429 1469 638 1557 respondisse.
1523 1498 1549 1538 ro

650 1612 704 1675 rr.
748 1609 807 1690 (n.
838 1611 870 1675 u.
895 1612 926 1676 c.
949 1614 1044 1692 ros.)

663 1733 807 1798 CICERO
830 1735 975 1798 ATTICO
999 1737 1031 1798 S.

271 1849 300 1910 l.
322 1849 369 1911 Oi
391 1847 510 1911 ταύτὸν
531 1845 625 1921 εἶδος.
668 1843 840 1911 Credebam
863 1866 932 1910 esse
955 1845 1055 1910 facile.
1098 1849 1211 1910 'lotum
1234 1857 1281 1910 est
1302 1843 1403 1918 aliud,
1425 1855 1512 1931 post·

179 1961 315 2026 eaquam
346 1961 414 2005 sum
442 1961 460 2003 a
490 1949 520 2004 te
547 1939 728 2004 diiunctior.
774 1938 836 2004 Sed
863 1938 922 2004 luit
949 1937 1142 2011 laciendum,
1177 1947 1212 2003 ut
1234 1947 1265 2003 et
1286 1939 1509 2004 constituerem

180 2032 379 2098 meroednlas
405 2033 609 2119 praediorum
637 2046 669 2098 et
694 2054 735 2097 ne
763 2053 910 2117 magnum
938 2052 1018 2097 onus
1039 2031 1257 2097 observantiae
1280 2037 1378 2096 llrnto
1400 2042 1548 2101 nostrors

180 2132 391 2212 imponerem.
440 2125 574 2192 Posthac
604 2128 686 2191 enim
714 2127 890 2211 poterimus
918 2126 1114 2192 commodius
1145 2125 1250 2190 colere
1278 2125 1360 2190 inter
1388 2147 1446 2191 nos
1478 2127 1510 2190 in

181 2221 370 2286 Tusculano.
422 2224 491 2286 Hoc
518 2229 620 2285 autem
648 2230 805 2306 tempore,
839 2240 910 2284 cum
938 2220 990 2284 ille
1021 2240 1072 2284 me
1100 2220 1240 2306 qnotidie
1269 2219 1377 2284 videre
1399 2219 1510 2293 vellet,

181 2333 245 2399 ego
272 2314 312 2378 nd
332 2315 419 2379 illum
449 2313 497 2380 ire
519 2335 583 2380 non
611 2334 754 2400 possem,
791 2313 974 2400 privabatur
996 2315 1082 2378 omni
1104 2313 1308 2379 delectatione
1334 2313 1511 2378 tusculani.

181 2411 213 2474 2.
237 2414 283 2474 Tu
311 2408 420 2493 igitur,
450 2408 475 2472 si
498 2409 631 2475 Servilia
652 2408 789 2483 venerit,
825 2413 849 2473 si
873 2413 987 2472 Brutus
1009 2407 1084 2494 quid
1107 2409 1223 2493 egerit,
1255 2407 1349 2472 etiam
1381 2411 1406 2471 si
1436 2426 1512 2471 con-

182 2503 333 2576 stitnerit,
368 2501 494 2588 quando
516 2501 657 2580 obviam;
691 2501 844 2588 quidquid
866 2501 1001 2588 denique
1024 2501 1097 2576 erit,
1131 2503 1218 2588 quod
1240 2501 1321 2566 scire
1344 2521 1393 2564 me
1415 2519 1549 2585 opor-ro

180 2605 261 2671 teat,
298 2595 428 2662 scribes.
485 2597 647 2670 Pisonem,
680 2597 706 2661 si
729 2596 865 2678 poteris,
899 2596 1081 2672 convenies;
1111 2594 1215 2668 vides,
1239 2615 1333 2681 quam
1354 2603 1510 2659 maturum

182 2689 233 2756 sit.
277 2690 340 2757 Sed
361 2701 480 2764 tamen,
504 2691 589 2778 qnod
611 2689 778 2757 commodo
800 2700 856 2755 tuo
878 2688 941 2754 liat.

659 2852 730 2914 ru.
774 2849 824 2932 (n.
850 2853 884 2915 u.
907 2852 940 2915 c.
962 2850 1048 2934 roe.)

654 2973 799 3038 CICERO
831 2974 976 3038 ATTICO
1009 2975 1041 3038 S.

272 3089 300 3152 l.
322 3083 421 3149 Valde
442 3104 493 3148 me
514 3083 756 3149 momorderunt
777 3083 927 3169 epistolae
949 3094 1020 3149 tuae
1043 3084 1082 3150 de
1104 3085 1202 3152 Attica
1225 3096 1346 3163 nostra:
1381 3084 1549 3151 eaedemrs

188 3188 288 3244 tamen
310 3186 507 3244 sanaverunt.
550 3177 644 3257 Quod
657 3181 740 3243 enirn
758 3178 870 3262 teipso
890 3178 1094 3244 consolabare
1110 3179 1228 3244 eisdem
1240 3179 1366 3254 litteris,
1386 3179 1419 3244 id
1435 3178 1512 3243 mihi

188 3286 255 3339 erat
280 3274 353 3338 satis
378 3272 504 3338 firmum
527 3271 566 3337 ad
589 3271 763 3338 leniendam
790 3272 1030 3356 aegritudinem.
1073 3279 1103 3338 2.
1132 3273 1329 3359 Ligarianam
1351 3275 1512 3360 praeclare

187 3366 362 3432 vendidisti.
387 3366 518 3432 Posthac
531 3365 684 3451 quidquid
704 3365 871 3450 scripsero,
893 3366 950 3431 tibi
966 3372 1169 3453 praeconium
1184 3367 1332 3432 delerem.
1370 3372 1400 3433 3.
1419 3366 1512 3446 Quod

188 3461 226 3527 ad
247 3483 296 3524 me
319 3460 358 3526 de
373 3467 516 3528 Varrone
539 3457 669 3534 scribis,
691 3461 751 3525 scis
774 3479 824 3523 me
846 3469 935 3524 antea
958 3461 1117 3526 orationes
1139 3473 1192 3527 aut
1217 3460 1334 3550 aliquid
1360 3461 1393 3526 id
1413 3482 1513 3545 genus

188 3555 310 3620 solitum
333 3553 489 3629 scribere,
512 3565 547 3619 nt
568 3559 742 3619 Varronem
765 3574 920 3639 nusquam
941 3574 1066 3640 possem
1082 3557 1234 3621 interere.
1280 3560 1390 3620 Postea
1410 3566 1550 3619 autemso

188 3669 278 3734 quam
300 3648 377 3713 haec
397 3649 489 3734 coepi
512 3648 774 3737 melotoyo'repa,
804 3646 866 3710 iam
889 3653 992 3713 Varro
1014 3649 1090 3714 mihi
1113 3651 1349 3716 denuntiaverat
1370 3669 1513 3734 magnam

188 3764 257 3809 sane
279 3753 310 3808 et
331 3764 458 3828 gravem
486 3743 726 3827 προςφώνησιν.
775 3741 939 3808 Biennium
967 3745 1147 3827 praeteriit,
1181 3765 1252 3809 cum
1280 3745 1333 3809 ille
1361 3749 1514 3810 Καλλιπ-

190 3843 279 3916 πίδης
305 3836 432 3903 assiduo
461 3858 556 3902 cursu
586 3835 726 3901 cubitum
749 3835 869 3901 nullum
892 3839 1093 3922 processerit.
1137 3843 1204 3924 Ego
1226 3849 1330 3904 autem
1352 3860 1403 3903 me
1424 3859 1515 3924 para-

190 3927 256 3994 bam
279 3929 318 3994 ad
340 3929 389 4004 id,
418 3929 505 4015 quod
526 3929 579 3995 ille
601 3929 676 3994 mihi
706 3929 860 4004 misisset,
894 3940 929 3996 ut
950 3936 1041 4015 αὐτῷ
1069 3937 1113 4014 τῷ
1132 3948 1237 4016 μέτρῳ
1260 3945 1316 3998 καὶ
1340 3933 1449 4006 λώϊον.
1488 3933 1514 3998 si

191 4022 284 4089 modo
304 4023 493 4109 potuissem
515 4044 587 4089 narn
609 4023 671 4088 hoc
692 4023 786 4090 etiarn
808 4024 965 4092 Hesiodus
981 4025 1144 4102 adscribit,
1167 4034 1236 4092 ates
1258 4029 1383 4106 δύνηαι.
1427 4033 1552 4092 Nuncsr

1400 4184 1511 4193 ..—

254 4254 280 4301 1.
300 4252 367 4314 guid
385 4252 429 4301 111.
452 4278 482 4289 -
520 4253 698 4314 aliquidem.
718 4253 792 4304 Μ111.
830 4251 981 4316 (insertum
999 4269 1030 4305 er
1050 4253 1098 4315 Y.)
1118 4281 1148 4292 —
1186 4256 1212 4304 2.
1233 4255 1311 4316 enim]
1330 4257 1403 4307 Fort.
1421 4258 1512 4306 etiam.

192 4321 237 4374 On·
266 4347 297 4357 -
335 4323 360 4372 ³.
381 4321 414 4382 sil
433 4324 479 4373 rad
498 4338 538 4386 pr.
558 4325 596 4374 Μ.
627 4350 658 4359 -
696 4323 722 4373 5.
743 4337 845 4372 omnem
863 4338 973 4374 courum
992 4326 1013 4374 1.
1040 4351 1071 4362 -·
1108 4326 1136 4376 8.
1156 4339 1269 4386 rpommr
1286 4326 1363 4376 Sunii
1381 4327 1461 4382 (Suni
1478 4322 1512 4390 Y)

191 4391 272 4455 {notor
290 4401 337 4444 cst.
375 4393 508 4444 Nimirum
526 4395 623 4444 bosius
642 4407 703 4444 enm
718 4395 753 4444 Y:
772 4407 885 4457 sponsor
901 4395 1058 4457 ruminetur
1075 4401 1122 4445 est.
1158 4397 1288 4446 Nimirum
1308 4396 1334 4454 Ζ,
1355 4409 1514 4458 mensorum

191 4461 273 4525 taetras
299 4471 325 4514 ot
350 4466 478 4514 nimirum
497 4465 544 4524 Μ,
573 4477 685 4527 sponsor
710 4464 815 4526 sactus:
847 4467 1014 4515 ricimirum
1036 4466 1085 4527 111,
1116 4479 1230 4529 moneor
1248 4466 1326 4517 Sunii
1343 4465 1440 4528 fuctus.
1477 4467 1513 4517 Et

192 4535 311 4582 nimirum
338 4535 368 4584 B.
402 4561 431 4572 -
469 4535 496 4586 9.
516 4532 584 4597 eum]
605 4535 674 4584 enim
693 4535 713 4583 1.
749 4559 775 4568 -
813 4531 854 4598 ut]
875 4536 1039 4599 altipulli.
1071 4559 1103 4570 -
1140 4538 1183 4585 10.
1204 4539 1358 4587 contantiar
1377 4535 1514 4596 (cunctam-

192 4602 248 4664 tiur)
267 4604 385 4656 malebat
404 4605 539 4655 licien·
560 4605 601 4654 13.
621 4602 666 4656 Ori
683 4601 795 4656 ταύτὸν
812 4601 889 4670 εἶδος
907 4606 1068 4657 Casrnbono
1082 4614 1191 4656 anctore
1205 4608 1344 4656 coniunxit
1356 4607 1513 4658 Schnetrlnr

192 4687 247 4724 cnm
266 4675 314 4736 lip-
335 4675 398 4732 XL:
429 4675 500 4738 apud
520 4677 624 4740 priores
643 4677 775 4726 claudunt
793 4676 936 4727 decimum.
960 4703 989 4714 -
1011 4677 1056 4726 Ol'
1073 4676 1298 4727 TATONSIAOG
1315 4678 1364 4738 Μ,
1396 4672 1435 4729 ου’
1455 4675 1513 4747 γὰρ

192 4739 299 4808 ὄνειδος
318 4745 339 4794 11
359 4751 385 4795 et
404 4759 459 4807 mg.
479 4746 516 4796 Μ.
555 4745 688 4810 (Correxit
707 4747 803 4796 Nonius
822 4760 853 4796 er
873 4746 965 4809 liurip.
986 4747 1052 4797 lone
1071 4748 1131 4796 592.
1154 4745 1260 4799 Herm.)
1281 4773 1309 4784 ··
1344 4747 1386 4798 ¹4.
1407 4753 1432 4797 et
1450 4755 1514 4798 rnte

192 4815 370 4864 constituerem
388 4829 443 4866 om.
465 4817 495 4864 11.
517 4841 547 4852 -
585 4816 627 4866 18.
648 4818 720 4866 Fort.
738 4817 925 4878 privaremur.
946 4817 997 4868 On.
1017 4843 1049 4852 -
1088 4817 1129 4866 12.
1149 4819 1252 4867 etiamst
1271 4817 1301 4865 E.
1323 4839 1355 4853 -
1387 4820 1432 4868 21.
1453 4832 1514 4868 com-

192 4887 276 4934 nenicr
295 4885 317 4933 1.
348 4911 382 4920 -
418 4886 462 4936 25.
486 4885 567 4934 Valde
586 4889 655 4936 enim
672 4899 713 4935 me
731 4887 763 4936 n.
797 4912 827 4923 -
874 4888 967 4936 rodem
987 4888 997 4936 1
1017 4893 1043 4936 et
1062 4901 1102 4949 pr.
1123 4887 1158 4935 Μ.
1188 4911 1214 4920 -
1253 4887 1298 4937 23.
1323 4887 1422 4952 tamen]
1447 4902 1514 4939 rame

193 4963 275 5004 tomm
303 4956 378 5006 Mill.
417 4980 446 4991 -
492 4957 660 5007 consolabere
690 4957 734 5005 111.
771 4983 800 4994 -·
843 4957 887 5007 28.
918 4954 1076 5018 vendidisti]
1105 4958 1177 5007 Fort.
1211 4957 1367 5008 conditorii.
1395 4959 1447 5011 Or.
1483 4983 1510 4994 ·-

192 5025 230 5076 23.
257 5030 337 5075 antea
360 5025 442 5076 Μ111ε
474 5032 537 5076 onte
555 5040 616 5076 cnm
635 5027 716 5077 Boslo
736 5027 767 5076 ll·
800 5052 831 5062 -
869 5029 913 5078 32.
931 5028 1063 5090 praeterit
1081 5027 1102 5076 1.
1125 5051 1155 5063 -
1192 5029 1236 5080 Sd.
1255 5025 1330 5092 mihi]
1349 5031 1453 5080 muttum
1471 5044 1511 5095 pr.

193 5096 224 5146 Μ.
245 5121 275 5132 -
314 5097 357 5148 35.
378 5097 498 5147 ascribit·
519 5096 728 5164 ακαόημαικην
744 5099 825 5148 iuuit.
846 5097 920 5148 illam
938 5099 969 5148 ll.
