3656 5868
663 385 738 450 tls.
760 387 812 452 lV.
854 387 914 451 ΕΡ.
938 387 966 450 1.
988 387 1018 450 2.
1041 387 1071 451 3.

680 543 1037 627 umnam)

539 669 581 732 Μ.
603 665 747 732 CICERO
770 669 802 730 S.
823 657 968 731 ossa.
990 667 1179 731 stenelo.

282 777 311 840 1.
333 779 368 840 Α.
391 773 423 840 d.
446 795 499 842 ιιι.
519 773 588 842 Kal.
610 774 706 842 Maias
728 797 800 845 eum
822 797 923 842 essem
945 776 978 843 in
993 779 1149 853 Cumano,
1172 779 1278 865 accepi
1300 787 1367 844 tuas
1388 779 1521 859 litterss;

192 866 310 955 quibus
331 868 420 935 lectis
442 869 577 954 cognovi
598 891 662 936 non
683 869 758 936 satis
779 869 952 957 prudenter
974 869 1083 935 lesisse
1106 869 1324 948 Philotimum,
1356 873 1426 960 qni,
1449 895 1520 938 curn

192 959 251 1028 abs
273 969 304 1027 te
325 961 470 1027 mandata
491 961 639 1039 baberet,
661 972 697 1030 ut
717 962 849 1039 scribis,
872 963 912 1030 de
934 962 1079 1030 omnibus
1102 963 1213 1040 rebus,
1236 965 1303 1054 ipse
1325 965 1436 1032 adme
1458 989 1545 1032 nous

193 1056 345 1132 venisset,
367 1055 486 1122 litteras
508 1065 577 1124 tuas
598 1056 754 1137 misisset;
776 1080 854 1147 quas
872 1057 1013 1124 intellexi
1032 1056 1196 1124 breviores
1210 1058 1325 1135 luisse,
1370 1059 1435 1126 uod
1449 1081 1521 1126 eum

192 1150 389 1237 perlaturum
410 1161 562 1238 putasses.
606 1151 669 1219 Sed
690 1161 808 1228 tamen,
860 1161 1003 1240 ostquam
1027 1161 1095 1219 tuas
1117 1153 1235 1219 litteras
1257 1081 1521 1240 legi,?Postumia

192 1251 248 1308 tua
269 1264 320 1308 me
342 1244 489 1342 concepit
510 1254 541 1311 et
563 1246 692 1314 Servius
714 1174 858 1352 uertens
874 1247 931 1312 His
949 1245 1079 1332 placuit,
1101 1255 1137 1312 ut
1153 1256 1187 1311 tn
1202 1246 1234 1312 in
1250 1251 1421 1322 Cumanum
1436 1245 1523 1311 veui·
1585 1284 1600 1320 ι
1617 1245 1695 1338 κζ·

192 1359 262 1416 res;
285 1336 488 1425 quodetiam
510 1360 650 1416 mecum,
673 1350 709 1408 ut
729 1340 769 1407 ad
790 1349 822 1407 te
843 1339 1033 1415 scriberem,
1063 1349 1204 1426 egerunt.
1247 1344 1277 1407 2.
1301 1338 1396 1419 Quod
1416 1359 1521 1405 meum
1589 1331 1599 1343 ’

191 1431 360 1497 consilium
392 1432 553 1519 exquiris,
582 1433 615 1500 id
644 1443 692 1500 est
720 1435 797 1510 tule,
833 1443 869 1501 ut
896 1455 1009 1522 capere
1039 1433 1159 1500 lucilius
1185 1434 1252 1520 ipse
1281 1433 1399 1521 possim
1427 1454 1559 1520 quamn

191 1525 285 1590 alteri
306 1526 392 1592 dare.
436 1525 521 1603 Quid
543 1527 627 1594 enim
649 1537 710 1604 est,
744 1527 831 1616 quod
852 1527 985 1594 audeam
1007 1527 1141 1594 suadere
1164 1527 1236 1604 tibi,
1259 1526 1378 1594 bomini
1400 1549 1521 1593 summa
1595 1516 1615 1618 =l

190 1621 378 1686 auctoritate
399 1641 584 1709 summaque
604 1621 789 1708 prudentia?
825 1622 879 1698 si,
912 1621 989 1710 quid
1009 1621 1219 1688 rectissimum
1240 1621 1300 1700 sit,
1323 1621 1520 1709 quaerimus,

191 1713 395 1800 perspicuum
420 1725 482 1792 est;
516 1714 558 1790 si,
591 1715 668 1804 quid
696 1716 831 1783 maxime
853 1715 1018 1803 expediat,
1055 1714 1243 1782 obscurum:
1281 1715 1329 1780 sin
1351 1714 1374 1779 ii
1395 1736 1520 1791 sumus,

191 1806 248 1893 qui
266 1805 410 1894 prolecto
431 1830 500 1874 esse
518 1805 683 1888 debemus,
706 1817 742 1876 ut
756 1809 833 1876 nihil
848 1799 1040 1876 arbitremur
1055 1808 1205 1896 expedire
1221 1807 1282 1874 nisi
1298 1807 1385 1895 quod
1400 1817 1520 1874 rectum

192 1899 422 1988 honestumque
454 1903 513 1980 sit,
548 1924 611 1969 non
632 1911 736 1991 potest
768 1923 838 1969 esse
865 1903 1011 1978 dubium,
1050 1901 1124 1991 quid
1153 1900 1328 1968 laciendum
1358 1900 1449 1968 nobis
1471 1902 1520 1968 sit.
1532 1926 1558 1966 ιι

193 1999 224 2060 3.
248 1993 342 2073 Quod
366 1996 525 2062 existimas
547 2018 649 2063 meam
670 2019 796 2064 cousem
817 1998 1014 2064 coniunctam
1036 2017 1104 2062 esse
1126 2017 1197 2061 cum
1212 2006 1281 2070 tua,
1304 2006 1389 2062 certe
1410 1996 1520 2062 similis

194 2087 226 2153 in
247 2099 384 2176 unoque
412 2095 572 2167 nostrum,
601 2111 673 2158 cum
705 2094 823 2178 optime
850 2091 1057 2165 sentiremus,
1079 2110 1172 2158 error
1193 2089 1261 2156 luit.
1317 2094 1393 2155 Nam
1416 2090 1520 2156 omniu

194 2183 361 2272 utriusque
393 2184 523 2250 consilia
552 2184 592 2252 sd
621 2184 823 2252 concordiam
851 2191 1085 2272 spectaverunt3
1123 2205 1183 2271 qua
1212 2185 1284 2250 cum
1312 2183 1374 2271 ipsi
1395 2184 1520 2251 Caesari

192 2275 270 2342 nihil
292 2285 376 2342 esset
393 2277 515 2356 utilius,
539 2279 671 2365 gratiam
692 2300 820 2368 quoque
841 2300 899 2344 nos
921 2277 1002 2344 inire
1023 2275 1063 2343 ab
1078 2299 1117 2342 eo
1134 2276 1329 2343 defendenda
1346 2299 1423 2365 pace
1436 2277 1521 2342 arbi-

193 2369 368 2437 trabamur.
423 2374 581 2451 Quantum
610 2395 668 2440 nos
694 2372 842 2439 selellerit
868 2381 900 2438 et
925 2392 1020 2461 quem
1049 2371 1082 2437 in
1110 2371 1214 2438 locum
1236 2392 1288 2436 res
1309 2371 1441 2438 deducta
1462 2372 1555 2446 sit,sn

194 2463 293 2530 vides.
351 2469 460 2551 Neque
487 2466 654 2558 solum(es
683 2466 862 2555 perspicis)
890 2487 970 2552 quae
995 2476 1148 2552 geruntur
1175 2486 1317 2554 quaeque
1343 2465 1405 2531 iam
1434 2474 1519 2551 gesta
1638 2493 1710 2570 m
1746 2535 1787 2559 Η

193 2567 282 2632 sunt,
318 2558 374 2625 sed
403 2558 496 2625 etiam
513 2561 580 2662 qqui
609 2582 719 2627 cursus
746 2581 876 2635 rerum,
910 2559 965 2647 qui
986 2558 1089 2626 exitus
1109 2557 1233 2624 luturus
1255 2557 1322 2648 sit.)
1361 2563 1446 2645 Ergo
1467 2567 1519 2623 aut
1588 2577 1648 2668 xp
1671 2546 1765 2670 'pp-s

191 2649 330 2738 probare
352 2662 478 2739 oportet
499 2675 551 2730 ea,
573 2676 654 2742 quse
675 2654 771 2730 liunt,
794 2662 848 2720 aut
868 2653 1036 2730 iuteresse,
1059 2653 1181 2718 etiamsi
1203 2673 1266 2718 non
1287 2650 1418 2738 probes:
1440 2673 1520 2740 quo-
1658 2673 1668 2711 ι
1701 2647 1724 2679 ‘⁸

192 2767 265 2810 rum
287 2746 385 2812 altera
407 2747 483 2814 mibi
505 2748 624 2836 turpis,
646 2749 743 2814 altera
765 2749 860 2814 etiem
881 2747 1057 2836 periculosa
1071 2747 1152 2812 ratio
1166 2745 1301 2812 videtum
1343 2749 1375 2820 4.
1397 2750 1518 2819 Restat,

191 2847 227 2905 ut
247 2837 472 2907 discedendum
493 2850 611 2929 putem.
668 2847 704 2908 lu
726 2863 790 2930 qun
811 2842 934 2930 reliqua
956 2841 1173 2907 videturesse
1195 2838 1399 2914 deliberatio,
1432 2839 1556 2926 quodue

191 2932 357 3000 consilium
379 2934 411 2999 in
433 2933 589 3011 discessu,
619 2957 700 3024 quse
726 2936 795 3001 loca
816 2920 1011 3022 sequamur.'
1048 2934 1183 2999 Omnino
1205 2955 1277 2999 cum
1299 2931 1445 2998 miserior
1467 2953 1518 2996 res

191 3048 354 3114 nunquam
383 3027 507 3106 accidit,
530 3037 597 3096 tum
619 3051 658 3094 ne
680 3027 864 3097 deliberatio
887 3027 1015 3115 quidem
1036 3025 1209 3105 dffidflon
1242 3024 1318 3090 nihil
1339 3025 1424 3090 enim
1445 3046 1519 3089 con-

191 3119 277 3188 stitui
298 3130 419 3207 potest,
452 3122 539 3210 quod
559 3144 623 3190 non
644 3123 784 3188 incurrat
804 3121 837 3187 in
859 3141 1003 3206 magnam
1029 3120 1166 3207 aliquam
1188 3117 1409 3184 difficultatem.
1452 3123 1517 3192 Tu,

194 3215 221 3280 si
243 3213 423 3292 videbitur,
445 3216 488 3283 ita
508 3237 622 3282 censeo
644 3216 753 3292 luciss,
776 3223 826 3292 ut,
849 3214 876 3282 si
890 3213 987 3280 hebes
1000 3214 1063 3279 iarn
1077 3221 1240 3288 statutum,
1263 3210 1339 3298 quid
1353 3208 1409 3276 tibi
1425 3230 1519 3295 agen-

194 3307 272 3374 dum
292 3317 398 3396 putes,
420 3309 453 3374 in
476 3331 540 3397 quo
562 3331 626 3376 non
648 3311 688 3376 sit
709 3309 910 3376 coniunctum
932 3307 1095 3374 consilinm
1111 3315 1199 3374 tuum
1214 3327 1285 3372 cum
1300 3323 1387 3380 meo,
1409 3323 1555 3392 super-an

193 3403 303 3470 sedeas
325 3402 387 3469 boc
411 3403 521 3470 labore
555 3404 692 3485 itineris3
725 3403 773 3470 sin
802 3416 907 3470 sutem
935 3411 996 3479 est,
1033 3400 1119 3488 quod
1144 3421 1268 3468 mecum
1289 3398 1518 3464 communicare

191 3495 286 3572 velis,
309 3517 370 3582 ego
392 3505 422 3562 te
445 3497 646 3584 exspectabo.
704 3502 769 3573 Tu,
792 3497 880 3585 quod
901 3505 956 3564 tuo
978 3494 1146 3562 commodo
1167 3493 1236 3571 liat,
1266 3491 1517 3582 quamprimum

192 3589 287 3656 velim
310 3581 433 3668 venias,
456 3592 538 3660 sicut
557 3591 698 3660 intellexi
719 3602 752 3659 et
773 3588 884 3658 Servio
905 3601 937 3656 et
957 3587 1134 3657 Postumiae
1155 3587 1291 3676 placere.
1334 3587 1420 3654 Vale.

659 3729 1044 3828 ‚mosomo

493 3856 535 3922 M.
558 3857 701 3922 ClCERO
724 3857 756 3921 S.
778 3858 816 3920 D.
838 3857 923 3920 SER.
945 3855 1133 3920 SULPICIO.
1526 3883 1555 3924 sa

280 3969 309 4030 1.
337 3965 546 4032 Vehementer
571 3975 601 4032 te
629 3987 697 4032 esse
723 3965 891 4033 sollicitum
918 3975 949 4032 et
975 3965 1007 4032 iu
1029 3962 1247 4031 communibus
1269 3963 1404 4030 miseriis
1426 3985 1517 4050 prae·
1577 4011 1581 4026 .

192 4057 288 4146 cipuo
310 4059 447 4146 quodam
468 4061 580 4128 dolore
600 4061 672 4147 engi
693 4062 783 4130 multi
804 4061 844 4129 ad
866 4082 922 4127 nos
944 4061 1085 4148 quotidie
1100 4059 1254 4127 deserunt.
1299 4057 1393 4139 Quod
1408 4081 1517 4147 quam·

192 4174 289 4240 quam
317 4153 443 4220 minime
469 4155 569 4222 miror
595 4164 626 4222 et
652 4177 758 4223 meum
783 4155 1016 4243 quodammodo
1045 4174 1198 4240 agnosco,
1236 4154 1329 4220 doleo
1357 4163 1460 4220 tamen
1487 4166 1516 4219 te

192 4247 345 4334 sapientia
366 4247 544 4334 praeditum
563 4271 664 4338 prope
685 4248 837 4336 singulari
859 4270 922 4316 uon
944 4248 1006 4318 tuis
1027 4247 1119 4314 bonis
1142 4247 1290 4314 delectari
1304 4249 1407 4334 potins
1422 4270 1515 4336 quam

191 4340 303 4406 alienis
325 4342 414 4408 malis
436 4339 591 4410 laborare.
645 4348 695 4410 Me
717 4342 862 4431 quidem,
891 4344 951 4410 etsi
973 4341 1089 4409 nemini
1111 4341 1266 4419 concedo,
1288 4341 1344 4429 qui
1364 4343 1554 4409 maiorernan

193 4455 234 4500 ex
257 4433 396 4522 pernicie
418 4447 449 4502 et
468 4445 557 4522 peste
589 4436 638 4505 rei
665 4437 812 4524 publicae
833 4437 1006 4504 molestiam
1029 4436 1174 4512 traxerit,
1211 4433 1432 4520 tamenlmulta
1453 4434 1514 4499 ium

192 4529 396 4594 oonsolantur
428 4529 626 4617 maximeque
652 4530 840 4598 couscientia
866 4529 1070 4596 consiliorum
1102 4533 1271 4632 meorum.)
1312 4530 1411 4596 Multo
1432 4527 1516 4594 enim
1572 4527 1643 4616 η’]

192 4631 264 4688 aute
286 4617 445 4711 tanlquam
466 4645 509 4692 ex
540 4621 645 4712 aliqua
672 4624 797 4711 specula
817 4628 967 4712 prospexi
989 4633 1203 4712 tempestatem
1223 4622 1377 4702 futurum,
1413 4643 1515 4709 neque

262 4845 290 4895 2.
310 4843 422 4895 Ssrnttto
438 4847 551 4908 surptus
570 4845 607 4897 Μ.
635 4869 669 4884 -
703 4844 731 4898 d.
758 4845 832 4896 Fert.
850 4845 981 4907 smeret,
1008 4851 1046 4896 ast
1064 4845 1177 4895 litteras.
1196 4843 1248 4895 Οι.
1281 4868 1313 4880 -
1348 4842 1375 4894 7.
1395 4849 1454 4894 tuas
1471 4841 1514 4894 te-

193 4920 265 4965 tsrna
283 4914 326 4965 tte
346 4915 449 4964 κηποι
466 4922 526 4966 tuna
545 4915 575 4966 B.
593 4937 623 4952 -·
643 4915 670 4965 s.
688 4912 784 4980 mmm]
801 4929 900 4966 meram
916 4915 953 4967 u.
975 4940 1004 4953 -
1026 4916 1068 4966 to.
1089 4927 1193 4977 caperes
1207 4913 1245 4964 11.
1262 4935 1294 4950 -
1313 4914 1357 4964 ts.
1375 4927 1429 4978 quc
1445 4909 1513 4976 m]

193 4983 609 5120 ...Μ
620 4983 869 5108 ors-sne
880 4985 1160 5109 'netad
1179 4985 1284 5049 ...m
1300 4983 1324 5034 ‘⁴
1341 4989 1366 5036 ⁸·
1383 4997 1447 5050 ‘⁰⁹⁰
1464 4987 1514 5035 ι’
