3680 5944
335 413 398 476 590
821 413 879 476 ΕΡ.
903 413 956 474 ΑΙ)
979 412 1152 477 ATTlCUM

336 574 470 659 posse.”
500 568 624 654 clapsus
647 589 666 634 e
686 568 789 636 soceri
810 569 955 636 manibus
976 591 1013 636 ac
1033 569 1137 644 ferro,
1174 568 1291 636 bellum
1313 581 1398 636 terre
1419 580 1451 636 et
1471 571 1560 638 mari
1593 589 1710 634 corrr-

336 672 441 752 parnt,
475 684 538 729 non
569 663 719 729 iniustum
740 663 792 730 ille
815 665 957 752 quidem,
996 664 1050 730 sed
1072 685 1142 729 cum
1168 664 1275 749 pium,
1312 667 1494 731 tumetium
1518 683 1710 732 necessa-

335 759 436 832 rium,
465 763 529 823 suis
552 767 655 823 tamen
677 757 797 823 civibus
821 758 997 832 exitiabile,
1028 758 1087 822 nisi
1109 758 1236 836 vicerit3
1258 759 1492 834 calamitosum,
1516 762 1642 826 etiam
1672 755 1706 820 si

335 853 456 918 vicerit.
512 855 544 917 t.
580 856 702 918 Horum
731 873 790 938 ego
813 874 1008 920 summorum
1030 853 1256 938 imperatorum
1279 874 1341 918 non
1364 854 1460 919 modo
1482 875 1534 919 res
1558 861 1707 938 gestas

313 970 400 1016 enon
429 955 585 1032 antepono
612 947 691 1011 meis
719 947 774 1012 sed
804 969 843 1012 ne
865 947 1022 1014 fortunam
1045 946 1170 1034 quidem
1192 947 1308 1033 ipsam,
1349 970 1411 1035 qna
1433 948 1479 1014 illi
1500 946 1706 1013 florentis-

336 1041 429 1117 sima,
467 1061 524 1106 nos
552 1040 682 1106 duriore
712 1041 879 1108 conflictati
907 1040 1060 1106 videmur.
1116 1041 1193 1118 Quis
1221 1042 1303 1107 enim
1336 1053 1439 1128 potest
1460 1051 1513 1107 aut
1534 1041 1703 1106 deserta

279 1206 283 1214 ,
337 1156 395 1222 per
423 1155 457 1200 se
484 1135 585 1220 patria
614 1145 666 1200 aut
700 1155 850 1222 oppressa
879 1134 989 1201 beatus
1019 1140 1112 1198 esset
1145 1138 1183 1198 m
1205 1134 1251 1209 si,
1281 1145 1316 1200 nt
1337 1157 1395 1202 nos
1417 1158 1435 1199 a
1458 1146 1487 1200 te
1509 1136 1704 1201 admone-

336 1252 423 1304 mur,
454 1239 539 1296 recte
560 1229 593 1296 in
615 1230 675 1295 illis
696 1230 785 1295 libris
807 1229 944 1295 diximus
967 1229 1042 1293 nibil
1065 1228 1271 1294 essebonum
1294 1229 1352 1294 nisi
1374 1230 1460 1315 quod
1482 1229 1698 1300 honestum.

337 1322 414 1388 nibil
435 1323 551 1387 malum
573 1323 635 1388 uisi
656 1324 741 1410 qnod
764 1333 855 1409 turpe
877 1325 933 1399 sit,
956 1331 1041 1388 certe
1062 1333 1197 1408 uterque
1219 1323 1351 1389 istorum
1375 1334 1422 1388 est
1442 1325 1696 1394 miserrimus,

304 1411 473 1505 adquorum
496 1417 622 1504 utrique
653 1439 778 1503 semper
805 1423 925 1506 patriae
947 1418 1030 1483 salus
1053 1428 1085 1482 et
1105 1417 1237 1502 dignitas
1259 1417 1418 1503 posterior
1439 1440 1500 1509 sug
1517 1416 1697 1482 domina-

338 1510 421 1576 tione
451 1520 482 1575 et
514 1509 692 1576 domesticis
719 1512 893 1578 commodis
919 1499 995 1600 tuit)
1041 1513 1255 1588 5.,Prneclara
1277 1513 1375 1598 igitur
1397 1511 1587 1578 conscientia
1618 1532 1694 1574 su-

171 1555 246 1639 ff
337 1614 471 1678 stentor,
494 1625 565 1669 cnm
588 1604 693 1690 cogito
715 1628 765 1670 me
788 1606 828 1671 de
849 1627 885 1670 re
906 1591 1031 1691 publica
1052 1615 1106 1671 aut
1127 1605 1278 1670 meruisse
1296 1605 1430 1691 optime,
1453 1626 1524 1669 cum
1547 1613 1686 1690 potue»
1818 1659 1819 1714 p

336 1697 416 1773 rim,
439 1708 492 1763 aut
513 1709 598 1764 certe
621 1720 779 1786 nunquam
803 1699 862 1765 nisi
883 1700 935 1786 pie
957 1700 1125 1784 cogitasse,
1153 1721 1253 1787 eaque
1275 1705 1341 1785 ipsa
1364 1707 1546 1784 tempestate
1568 1718 1688 1761 ever—

336 1815 402 1859 sam
425 1815 585 1860 asserem
608 1793 782 1881 publicam,
813 1816 906 1881 quam
929 1815 988 1879 ego
1011 1793 1261 1878 quattuordecim
1282 1795 1371 1860 annis
1392 1803 1464 1859 ante
1486 1812 1685 1878 prospexe-

306 1889 408 1956 rsrim.
460 1893 526 1954 Hac
556 1889 653 1974 igitur
681 1887 869 1954 conscientia
897 1889 1013 1955 comite
1043 1889 1240 1976 proficiscar,
1277 1909 1390 1974 magno
1418 1887 1565 1974 equidem
1587 1907 1679 1952 cum

337 1982 467 2057 dolore,
499 2004 558 2048 nec
586 1982 703 2048 tamid
736 1994 868 2069 propter
899 2003 949 2048 me
978 1993 1031 2048 aut
1058 1992 1189 2069 propter
1210 1983 1339 2048 fratrem
1361 2005 1486 2056 meum,
1521 2003 1677 2076 quorum

337 2077 466 2142 ostiam
499 2087 566 2142 acta
593 2088 695 2153 netas,
729 2099 821 2164 quam
851 2086 982 2164 propter
1011 2098 1144 2163 pueros,
1183 2077 1296 2164 quibus
1325 2077 1482 2143 interdum
1513 2076 1676 2142 videmur

336 2181 496 2256 praestare
519 2176 611 2236 etiam
633 2193 701 2236 rem
723 2171 879 2257 publicam
902 2170 1063 2249 debuisse;
1093 2192 1228 2258 quorum
1251 2171 1377 2257 quidem
1398 2171 1478 2236 alter
1500 2191 1562 2236 non
1584 2179 1671 2244 mm,

337 2264 443 2348 †quia
465 2263 586 2329 maiore
606 2268 721 2350 pietate
744 2275 806 2339 est,
830 2285 880 2329 me
902 2264 1088 2331 mirabiliter
1107 2266 1282 2344 excruciat3
1305 2267 1385 2332 alter
1407 2302 1445 2314 -
1469 2286 1488 2330 o
1510 2287 1578 2330 rem
1601 2265 1671 2328 mi-

301 2360 457 2425 asseram!
491 2356 568 2422 nibil
598 2359 682 2423 enim
709 2357 784 2422 mibi
810 2357 923 2423 accidit
955 2360 987 2424 in
1016 2359 1100 2424 omni
1130 2361 1193 2424 vita
1222 2359 1365 2426 acerbius
1386 2396 1441 2432 -,
1463 2360 1667 2444 induigentia

338 2448 483 2514 videlicet
511 2460 617 2516 nostra
646 2450 851 2537 depravatus,
888 2473 927 2518 eo
948 2473 1135 2538 progressus
1158 2463 1220 2528 est,
1244 2475 1308 2542 quo
1331 2475 1394 2520 non
1415 2451 1517 2518 audeo
1539 2451 1663 2516 dicere.
1817 2405 1819 2498 l

337 2547 376 2608 Et
404 2552 552 2629 exspecto
581 2554 650 2610 tuas
677 2544 806 2612 litteras.
861 2545 1018 2631 Scripsisti
1046 2546 1129 2612 enim
1153 2555 1183 2612 te
1205 2549 1394 2634 scripturum
1417 2566 1485 2612 esse
1507 2545 1663 2630 plurima,

337 2657 407 2702 cum
430 2638 532 2723 ipsum
554 2637 694 2704 vidisses.
736 2644 766 2704 6.
790 2641 889 2704 Omne
910 2661 1015 2706 meum
1038 2639 1222 2727 obsequium
1246 2641 1277 2706 in
1300 2641 1387 2707 illum
1402 2641 1461 2706 luit
1475 2660 1545 2705 cum
1560 2638 1662 2703 multa

337 2732 519 2811 severitate;
541 2754 644 2820 neque
665 2755 763 2798 unum
785 2738 853 2799 eins
874 2755 931 2799 nec
951 2755 1082 2820 parvum
1112 2734 1167 2800 sed
1189 2735 1284 2800 multa
1306 2755 1416 2819 magna
1438 2733 1550 2799 delicta
1572 2752 1662 2796 com-

303 2825 449 2910 eapressi.
492 2826 592 2892 Patris
614 2837 719 2906 autem
740 2826 851 2894 lenitas
873 2827 1004 2894 amanda
1025 2828 1130 2915 potius
1152 2828 1193 2894 ab
1210 2829 1382 2914 illaquam
1404 2837 1465 2893 tam
1488 2825 1662 2892 crudeliter
1818 2827 1819 2904 l

339 2920 532 3006 negligenda.
585 2925 661 2987 Nam
683 2922 802 2987 litteras
825 2922 892 2987 cius
915 2921 955 2988 ad
977 2926 1139 2989 Caesarem
1161 2923 1269 2988 missas
1291 2922 1333 2988 ita
1354 2922 1493 3008 graviter
1514 2919 1658 2993 tulimus,

337 3021 372 3078 ut
401 3022 431 3078 te
452 3015 585 3178 pnidem
617 3017 807 3090 celeremus,
845 3016 901 3083 sed
928 3017 1027 3103 ipsius
1049 3017 1231 3083 videremur
1252 3017 1346 3081 vitam
1369 3017 1529 3082 insuavem
1552 3010 1660 3077 reddi-

107 3123 127 3192 3
168 3113 192 3196 p
203 3149 218 3200 f
238 3115 299 3208 pff
336 3105 431 3173 disse.
474 3114 543 3176 Hoc
563 3132 641 3177 vero
664 3111 731 3176 eins
752 3111 813 3176 iter
835 3110 1054 3195 simulatioque
1076 3111 1198 3196 pietatis
1221 3111 1320 3200 qualis
1343 3109 1453 3183 inerit,
1476 3129 1539 3174 non
1554 3107 1658 3172 audeo

134 3187 145 3230 s
197 3203 199 3206 ’
336 3195 464 3298 dicere.)
495 3199 642 3270 Tantum
669 3205 736 3270 scio
763 3214 834 3292 post
861 3205 997 3270 Hirtium
1025 3213 1214 3270 conventum
1248 3205 1430 3270 arcessitum
1459 3223 1476 3266 a
1507 3205 1657 3276 Caesare;

302 3315 408 3361 ancum
441 3319 480 3362 eo
510 3297 549 3362 de
582 3319 654 3364 meo
683 3299 789 3365 animo
815 3319 833 3362 a
855 3298 919 3364 suis
940 3295 1114 3363 rationibus
1145 3298 1335 3364 alienissimo
1357 3306 1388 3362 et
1409 3295 1540 3362 consilio
1562 3293 1659 3359 relin-

334 3389 455 3476 quendi
477 3391 617 3467 ltaliam,
654 3400 686 3457 et
707 3391 783 3457 baec
804 3392 872 3477 ipsa
893 3391 1012 3457 timide.
1071 3391 1133 3458 Sed
1155 3391 1239 3458 nulla
1261 3402 1367 3458 nostra
1389 3391 1479 3476 culpa
1502 3398 1565 3467 est;
1602 3407 1658 3450 na-

335 3491 406 3548 tura
428 3485 597 3551 metuenda
617 3494 674 3554 est.
717 3489 804 3550 Haec
826 3485 1007 3562 Curionem,
1030 3485 1106 3550 baec
1127 3487 1287 3552 llortensii
1308 3485 1426 3559 lilium,
1450 3506 1514 3550 non
1532 3493 1656 3567 patrum

334 3579 443 3664 culpa,
477 3579 629 3665 corrupit.
682 3583 765 3644 lacet
790 3579 823 3643 in
845 3599 989 3643 maerore
1010 3599 1100 3644 meus
1130 3577 1227 3645 irater
1247 3601 1349 3667 neque
1371 3591 1433 3645 tam
1456 3579 1495 3645 de
1517 3576 1655 3643 suavita

337 3692 430 3758 qnam
460 3670 499 3737 dc
527 3693 597 3738 mea
624 3673 745 3739 metuit.
798 3671 877 3736 liuic
905 3681 956 3744 tu,
992 3671 1065 3738 buic
1086 3682 1120 3739 tu
1146 3674 1228 3740 malo
1249 3673 1328 3738 aller
1349 3672 1593 3744 consolationes,
1629 3667 1655 3734 si

300 3765 416 3832 ssullas
436 3775 542 3851 potes;
575 3770 710 3832 maxime
732 3765 859 3853 quidem
880 3765 964 3830 illam
985 3766 1099 3832 velim:
1133 3789 1190 3840 ea,
1213 3789 1294 3854 quae
1316 3767 1355 3833 ad
1377 3787 1435 3831 uos
1457 3766 1556 3831 delata
1578 3764 1654 3838 sint,

335 3869 391 3924 aut
411 3859 488 3924 falsa
509 3880 578 3926 esse
605 3871 660 3927 eut
680 3860 814 3925 minora.
864 3861 953 3936 Quae
981 3858 1008 3924 si
1030 3881 1105 3925 vera
1126 3861 1202 3936 sint,
1225 3861 1299 3948 qnid
1322 3861 1463 3926 futurum
1484 3859 1525 3926 sit
1545 3860 1577 3924 in
1598 3857 1654 3922 bac

408 4041 433 4090 1.
462 4048 486 4092 et
509 4042 593 4094 Mill:
624 4057 656 4092 cc
679 4043 794 4092 Ernestii
822 4054 931 4103 operae.
959 4067 992 4074 -
1029 4043 1055 4090 2.
1086 4038 1152 4104 cunt]
1180 4046 1233 4091 tum
1259 4043 1281 4090 l.
1314 4065 1344 4076 -
1381 4042 1407 4091 5.
1436 4042 1480 4091 ille
1505 4055 1545 4103 pr.
1564 4039 1602 4089 Μ.
1621 4060 1653 4073 -

336 4109 363 4162 o.
382 4111 514 4161 duriomm
532 4127 572 4176 pr.
593 4113 629 4163 M.
653 4136 681 4146 -·
718 4113 743 4163 9.
763 4112 869 4160 illorum
887 4112 919 4160 ll.
951 4135 979 4145 -
1018 4113 1058 4161 10.
1079 4113 1218 4176 dignitatis
1238 4127 1276 4174 pr.
1298 4111 1334 4160 M.
1367 4138 1391 4146 -
1431 4113 1472 4160 11.
1492 4109 1597 4173 prelato
1615 4107 1652 4158 M.

337 4178 469 4246 (preclara
488 4196 542 4245 mg.
561 4181 612 4244 M.)
640 4209 673 4216 -
709 4177 875 4244 comcientic]
900 4183 1029 4231 sententio
1047 4181 1088 4242 M,
1116 4183 1224 4232 acimtic
1242 4183 1263 4231 tt
1281 4189 1308 4232 et
1327 4194 1382 4243 mg.
1400 4180 1438 4232 M.
1458 4205 1489 4216 -
1527 4179 1569 4230 13.
1587 4192 1655 4228 mun·

336 4265 415 4316 quum
439 4254 492 4302 nisi
514 4256 557 4316 pie
579 4253 691 4303 Bosius:
722 4267 856 4316 nunquam
882 4253 923 4302 die
950 4251 986 4312 Z,
1017 4265 1158 4315 numquam
1174 4253 1263 4317 infidis
1282 4266 1324 4316 pr·
1342 4253 1388 4310 M,
1418 4265 1560 4314 numquam
1577 4249 1655 4312 infide

336 4335 406 4372 corr.
426 4322 470 4382 Μ,
488 4337 633 4386 numquam
650 4325 1006 4385 animumanimum
1023 4323 1075 4370 nisi
1092 4322 1179 4371 divine
1199 4323 1241 4373 lli.
1258 4349 1286 4359 -
1314 4322 1355 4371 tc.
1374 4323 1550 4384 perspexerim
1569 4321 1601 4370 n.
1621 4343 1651 4354 -

337 4393 379 4442 15.
399 4389 467 4456 linc]
487 4394 520 4445 ab
539 4408 579 4457 pr.
600 4394 637 4444 M.
660 4417 690 4429 -
727 4394 771 4444 to.
790 4407 902 4458 quorum
920 4400 956 4442 est
974 4394 1028 4442 iam
1048 4391 1208 4443 Lambinus:
1236 4405 1347 4457 pecorum
1364 4400 1394 4442 uc
1412 4399 1441 4440 m
1459 4395 1513 4442 iam
1533 4391 1572 4450 t,
1590 4401 1654 4453 quo·

335 4477 394 4512 rum
417 4471 445 4513 ut
472 4465 527 4514 iem
556 4464 640 4524 XZM,
670 4478 782 4528 quorum
807 4465 862 4514 iam
881 4462 947 4512 lilii.
971 4485 997 4496 ·-
1037 4461 1079 4511 17.
1098 4464 1214 4513 videmus
1233 4477 1274 4526 pr·
1292 4463 1330 4512 Μ.
1352 4485 1382 4497 -
1420 4463 1462 4511 to.
1482 4463 1545 4525 quia
1566 4461 1653 4525 filius,

335 4547 415 4598 quum
433 4536 498 4598 quin
509 4536 609 4585 maiore
621 4535 771 4598 Malaspina
785 4539 895 4584 anctore
906 4533 1068 4595 Lambinns;
1088 4538 1170 4594 recte,
1190 4535 1343 4596 opinamur.
1355 4555 1386 4568 -
1406 4533 1552 4581 eccmcinri
1561 4544 1600 4594 pr.
1614 4529 1653 4581 Μ.

337 4629 368 4640 -
388 4618 463 4666 opere
481 4605 518 4656 Μ.
539 4606 566 4664 (o
583 4619 638 4656 rem
655 4619 708 4667 mg.
728 4604 779 4659 M.)
802 4631 829 4641 -
868 4605 912 4654 21.
931 4612 968 4654 eet
987 4618 1042 4654 om.
1061 4603 1094 4655 tt:
1116 4628 1146 4640 -
1181 4605 1226 4654 22.
1246 4603 1290 4667 Et]
1314 4603 1363 4654 Sed
1380 4602 1531 4665 Malaapinn
1545 4609 1654 4651 auctora

336 4673 492 4724 Lambinus.
523 4699 554 4711 -
590 4673 861 4737 marsupiorum.
888 4698 918 4710 -
955 4675 998 4724 24.
1020 4677 1113 4726 Malim
1130 4675 1215 4724 multu
1234 4681 1258 4723 et
1276 4687 1373 4739 magno
1392 4685 1454 4721 cnm
1473 4676 1535 4721 ,tsc-
1556 4674 1652 4730 tertia,

336 4744 450 4807 Maiasp.
471 4750 497 4795 et
518 4745 659 4796 Lambino.
679 4744 729 4796 On.
746 4770 772 4780 -
795 4745 839 4794 25.
853 4745 947 4796 Malim
965 4747 1104 4797 crudeliter
1121 4753 1179 4794 erat
1190 4745 1353 4810 negligenda.
1374 4743 1424 4793 On.
1446 4769 1476 4779 -
1496 4743 1539 4791 27.
1559 4739 1652 4806 ipsius]

337 4815 430 4866 Malim
456 4817 508 4877 ipsi
536 4823 575 4866 ut.
607 4815 658 4868 On·
690 4837 721 4850 -
757 4815 903 4865 videremur
920 4816 1091 4879 Madvigiusr
1122 4815 1349 4866 vidernuaMlilii·
1368 4837 1402 4850 -
1437 4814 1481 4865 29.
1501 4828 1518 4863 n
1536 4813 1601 4863 Mil:
1620 4813 1654 4862 ab

337 4883 381 4933 lli.
412 4909 442 4920 -
479 4887 522 4936 30.
549 4900 579 4936 eo
605 4888 636 4938 de
659 4883 725 4948 meo]
757 4886 845 4935 eodem
873 4899 903 4936 eo
929 4886 1003 4936 Mitt.
1042 4885 1130 4950 (Corn.
1157 4885 1275 4935 eCodd.
1295 4883 1389 4940 Bosii.)
1421 4909 1449 4920 -
1488 4899 1505 4934 n
1523 4885 1592 4934 MR:
1620 4883 1653 4932 ub

337 4954 381 5003 uc.
412 4981 441 4988 -
481 4956 524 5006 34.
545 4953 612 5019 mec]
632 4968 724 5020 arepr.
745 4955 781 5007 M.
817 4979 844 4989 -
883 4955 1005 5006 Alterum
1023 4957 1081 5007 leuia
1100 4964 1129 5006 tu
1148 4969 1202 5006 om.
1223 4957 1255 5005 n.
1287 4981 1318 4994 ··
1354 4953 1398 5004 35.
1418 4967 1467 5014 ea,
1494 4951 1573 5018 qous]
1592 4967 1655 5017 eque

337 5039 376 5086 pr.
395 5025 433 5076 M.
