3662 5892
723 465 796 525 LlB.
819 464 902 526 xvl.
944 462 1003 524 EP.
1028 460 1076 522 16.
1502 455 1563 516 749

237 646 331 712 saepe
362 623 413 708 [de
435 644 470 688 ea
500 643 536 687 re
557 626 673 699 tecum]
704 619 826 706 tibique
853 629 950 684 totam
972 639 1040 683 rem
1063 617 1296 696 demonstravi;
1321 627 1470 704 quaeest
1497 628 1564 682 acta

236 721 298 788 boc
324 718 437 784 modo:
469 729 504 783 ut
530 717 665 802 primum
695 714 895 781 Buthrotium
923 734 1034 797 agrum
1063 712 1272 797 proscriptum
1295 712 1448 787 vidimus,
1479 734 1564 779 com·

236 823 340 879 motus
368 817 487 877 Atticus
509 809 649 875 libellum
679 809 866 895 composuit.
908 811 988 871 Eum
1010 806 1087 871 mibi
1109 805 1208 878 dedit,
1237 815 1273 870 ut
1297 806 1405 872 darem
1428 808 1563 874 Caesari.

235 911 330 972 Eram
353 906 438 970 enim
460 916 648 972 coenaturus
676 903 758 989 apud
782 922 854 966 eum
880 902 935 966 illo
958 901 1019 967 die.
1063 905 1142 966 Eum
1165 901 1304 966 libellum
1327 902 1452 966 Caesari
1474 901 1561 967 dedi:

235 998 382 1086 probavit
408 1021 549 1076 causam;
576 998 738 1083 rescripsit
765 997 866 1063 Attico
894 1017 994 1081 aequa
1023 1017 1096 1060 eum
1124 995 1299 1080 postulare;
1329 995 1493 1061 admonuit
1520 1005 1587 1061 tas

236 1116 321 1168 men,
345 1103 380 1159 ut
401 1094 564 1179 pecuniam
580 1093 733 1178 reliquam
751 1091 907 1157 Buthrotii
930 1089 969 1154 ad
992 1088 1074 1153 diem
1097 1089 1264 1154 solverent.
1302 1095 1331 1154 5.
1353 1089 1485 1162 Atticus,
1509 1089 1564 1175 qui

235 1189 394 1253 civitatem
417 1196 631 1252 conservatam
653 1195 800 1270 cuperet,
821 1183 987 1270 pecuniam
1010 1182 1188 1248 numeravit
1209 1182 1247 1247 de
1270 1203 1339 1248 suo.
1377 1183 1470 1261 Quod
1492 1204 1563 1248 cum

236 1292 319 1348 esset
340 1281 469 1352 lactum,
499 1281 632 1346 adiimns
653 1278 693 1345 ad
716 1285 897 1351 Caesarem,
920 1276 1018 1343 verba
1041 1277 1172 1342 lecimus
1193 1298 1253 1363 pro
1277 1277 1460 1351 Buthrotiis,
1487 1277 1565 1342 libe·

236 1375 424 1440 ralissimum
454 1375 614 1440 decretum
643 1373 848 1450 abstulimus;
883 1372 968 1457 quod
998 1381 1045 1435 cst
1073 1369 1271 1454 obsignatum
1299 1370 1338 1436 ab
1366 1371 1563 1457 amplissimis

235 1470 322 1537 viris.
373 1472 462 1547 Quae
491 1491 562 1535 cum
589 1479 693 1536 essent
718 1477 799 1542 acta,
831 1467 940 1532 mirari
967 1465 1112 1553 equidem
1140 1464 1279 1530 solebam
1307 1466 1371 1552 pati
1398 1469 1563 1532 Caesarem
1576 1483 1601 1521 u·

236 1563 406 1629 convenire
435 1584 505 1638 eos,
534 1565 588 1650 qui
615 1583 725 1648 agrum
747 1560 946 1627 Bntbrotium
974 1559 1208 1646 concupissent,
1237 1581 1340 1645 neque
1367 1559 1470 1624 solum
1499 1559 1564 1645 pati

237 1657 407 1722 sedetiam
430 1658 459 1722 ei
482 1659 611 1743 negotio
633 1667 663 1722 te
684 1655 870 1741 praeficere.
901 1660 1010 1740 ltaque
1034 1663 1064 1718 et
1087 1675 1146 1739 ego
1169 1675 1240 1719 cum
1262 1654 1317 1719 illo
1338 1655 1461 1718 locutus
1483 1673 1563 1726 sum,

236 1763 268 1817 et
289 1752 413 1838 saepius
435 1753 578 1838 quidem;
606 1759 641 1816 ut
662 1752 756 1815 etiam
777 1769 943 1814 accusarer
971 1747 1089 1823 abeo,
1120 1750 1206 1836 quod
1233 1768 1344 1833 parum
1372 1747 1564 1812 constantiae

236 1867 310 1912 suae
340 1846 548 1912 confiderem:
579 1855 610 1911 et
637 1850 677 1910 M.
700 1843 849 1909 Messalae
879 1850 911 1907 et
938 1843 1000 1928 ipsi
1020 1847 1122 1910 Attico
1146 1844 1242 1918 dixit,
1275 1853 1308 1908 ut
1330 1842 1396 1907 siue
1418 1863 1493 1908 cura
1515 1863 1565 1906 es·

237 1951 319 2014 sent:
349 1951 520 2026 aperteque
549 1937 732 2006 ostendebat
759 1959 792 2003 se
814 1936 1026 2022 praesentium
1055 1938 1177 2004 animos
1201 1975 1239 1988 -
1263 1949 1330 2003 erat
1356 1938 1440 2003 enim
1463 1951 1601 2023 popu-¹³

236 2033 328 2108 laris,
351 2043 386 2098 ut
408 2055 502 2099 noras
526 2067 565 2078 —
588 2032 751 2099 ollandere
773 2032 872 2097 nolle:
895 2053 965 2096 cum
986 2052 1073 2096 mare
1096 2031 1291 2106 transissent,
1315 2041 1497 2098 curaturum
1519 2051 1563 2106 se,

236 2138 271 2192 ut
292 2133 324 2193 in
346 2128 440 2193 alium
463 2149 574 2213 agrum
596 2127 834 2192 deducerentur.
876 2130 905 2190 6.
928 2129 1013 2190 Haec
1033 2125 1088 2190 illo
1110 2125 1194 2190 vivo.
1232 2132 1305 2192 Post
1325 2126 1486 2192 interitum
1510 2147 1565 2190 au·

236 2233 299 2287 tem
317 2223 473 2298 Caesaris,
496 2231 531 2288 ut
552 2222 689 2308 primum
713 2243 754 2284 ex
770 2229 896 2285 senatus
918 2221 1061 2285 consulto
1084 2241 1192 2285 causas
1208 2222 1351 2286 consules
1373 2242 1564 2306 cognoscere

236 2315 453 2392 instituerunt,
476 2315 570 2392 baec,
593 2337 674 2403 quae
696 2335 790 2399 supra
814 2314 939 2401 scripsi,
963 2315 1001 2380 ad
1023 2335 1078 2380 eos
1101 2315 1201 2381 delata
1224 2327 1305 2380 sunt.
1349 2314 1564 2380 Probaveruut

236 2430 361 2475 causam
390 2412 457 2476 sine
485 2411 548 2477 ulla
571 2409 765 2476 dubitatione
788 2429 884 2495 seque
906 2409 946 2474 ad
967 2419 998 2474 te
1020 2410 1137 2474 litteras
1160 2409 1288 2475 daturos
1310 2431 1379 2475 esse
1405 2411 1601 2476 dixerunt.²⁰

236 2509 303 2589 Ego
325 2514 445 2579 autem,
476 2507 518 2570 mi
541 2506 669 2587 Plance,
692 2492 834 2588 etsit'non
858 2502 1055 2578 dubitabam,
1084 2504 1160 2590 quin
1189 2514 1219 2568 et
1241 2514 1365 2569 senatus
1387 2504 1563 2570 consultum

237 2610 268 2662 et
289 2600 342 2664 lex
364 2609 395 2663 et
416 2600 578 2664 consulum
609 2599 770 2665 decretum
799 2618 835 2661 ac
863 2597 986 2662 litterae
1014 2597 1097 2683 apud
1119 2606 1149 2661 te
1177 2598 1346 2683 plurimum
1369 2599 1563 2664 auctoritatis

236 2689 421 2848 baberent}
432 2703 525 2778 teque
552 2699 650 2778 ipsius
680 2692 772 2756 Attici
799 2711 891 2754 causa
919 2691 999 2756 velle
1026 2690 1257 2764 intellexeram,
1288 2703 1390 2758 tamen
1418 2694 1477 2759 boc
1504 2715 1563 2778 pro
1618 2713 1688 2757 tw·

236 2785 456 2850 coniunctius
483 2797 514 2850 et
542 2785 759 2850 benevolentia
788 2793 893 2847 nostra
925 2785 1002 2849 mibi
1028 2786 1162 2870 sumpsi,
1192 2795 1227 2850 ut
1248 2786 1280 2850 id
1308 2808 1325 2852 a
1348 2797 1379 2852 te
1406 2801 1560 2873 peterem,

218 2867 320 2968 '‘quod
345 2887 397 2941 tua
419 2878 585 2962 singularis
608 2878 781 2943 humanitas
803 2876 1043 2962 suavissimique
1066 2898 1171 2942 mores
1198 2899 1215 2941 a
1238 2892 1268 2944 te
1291 2890 1394 2946 essent
1416 2883 1601 2967 impetra-²³

237 2971 320 3049 turi,
353 2971 389 3034 Id
418 2983 523 3036 autem
551 2982 614 3046 est,
645 2983 680 3036 ut
707 2971 783 3042 boc,
815 2971 900 3055 quod
929 2982 959 3036 te
986 2983 1039 3036 tua
1066 2981 1178 3058 sponte
1198 2974 1353 3038 facturum
1377 2995 1445 3038 esse
1475 2987 1562 3040 certo
1624 2993 1713 3057 [γε

238 3069 317 3142 scio,
347 3067 477 3138 honoris
506 3068 606 3130 nostri
635 3087 727 3131 causa
755 3060 903 3139 libenter,
934 3066 1075 3152 prolixe,
1106 3066 1252 3132 celeriter
1278 3066 1385 3136 facias.
1429 3070 1458 3131 7.
1488 3068 1563 3134 ltlibi

238 3183 331 3227 nemo
353 3172 400 3226 est
422 3159 552 3225 amicior
574 3179 631 3223 nec
648 3159 817 3227 iucundior
838 3181 896 3224 nec
917 3159 1022 3224 carior
1035 3159 1151 3237 Attic03
1174 3159 1262 3224 cuius
1284 3169 1372 3224 antea
1396 3183 1446 3226 res
1462 3162 1563 3226 solum

237 3253 400 3320 familiaris
429 3251 580 3338 agebatur
608 3275 708 3340 eaque
737 3276 863 3340 magum
896 3273 978 3318 nunc
1005 3253 1134 3317 ac'cessit
1161 3257 1253 3318 etiam
1283 3253 1486 3328 existimatio,
1515 3263 1562 3328 ut,

237 3347 324 3435 quod
352 3356 536 3412 consecutus
566 3358 614 3411 est
642 3368 752 3433 magna
784 3359 814 3414 et
840 3346 992 3413 industria
1022 3357 1053 3412 et
1078 3347 1193 3432 gratia,
1225 3359 1256 3412 et
1277 3347 1353 3412 vivo
1376 3350 1508 3413 Caesare
1533 3356 1603 3411 eto

238 3451 381 3514 mortun,
412 3440 446 3505 id
475 3450 504 3504 te
526 3440 692 3506 adiuvante
720 3441 869 3508 obtineat.
914 3441 1008 3520 Quod
1036 3442 1063 3506 si
1092 3451 1163 3507 ate
1191 3443 1253 3508 erit
1273 3443 1489 3526 impetratum,
1520 3441 1565 3505 sic

238 3535 332 3601 velim
350 3535 525 3610 existimes,
547 3556 598 3600 me
620 3535 658 3600 de
674 3545 726 3602 tua
741 3536 927 3602 liberalitate
947 3537 991 3601 ita
1006 3537 1299 3622 interpretaturum,
1322 3545 1356 3600 ut
1372 3545 1425 3600 tuo
1441 3557 1564 3600 summo

238 3628 391 3696 beneficio
414 3651 464 3694 me
487 3629 630 3695 allectum
653 3631 798 3697 iudicem.
841 3636 926 3717 Ego,
954 3651 1035 3716 quae
1057 3641 1087 3695 te
1109 3631 1190 3696 velle
1212 3650 1355 3717 quaeque
1378 3629 1416 3694 ad
1438 3640 1468 3694 te
1492 3651 1564 3716 per·

238 3725 339 3789 tinere
361 3723 554 3801 arbitrabor,
577 3725 717 3792 studiose
739 3726 968 3811 diligenterque
989 3724 1118 3791 curabo.
1160 3731 1208 3790 Da
1228 3745 1372 3810 operam,
1395 3732 1430 3789 ut
1451 3723 1563 3790 valeas.

883 3874 918 3935 Β.
1574 3890 1603 3930 sa

451 3981 454 3988 Ι
572 3992 715 4056 CICERO
737 3993 890 4057 PLANCO
913 3994 1050 4056 PRAET.
1082 3993 1169 4056 DES.
1202 3993 1233 4055 S.

325 4104 355 4166 8.
378 4105 442 4165 lam
465 4113 554 4166 autea
576 4103 673 4188 petivi
694 4100 795 4167 abste
817 4122 875 4187 per
896 4103 1032 4177 litteras,
1054 4111 1103 4174 ut,
1127 4122 1198 4168 cum
1220 4121 1312 4166 causa
1327 4101 1564 4167 Buthrotiorum

240 4193 372 4279 probata
393 4195 607 4261 acousulibus
622 4205 718 4269 esset,
741 4194 855 4281 quibus
878 4207 909 4261 et
922 4196 992 4281 lege
1014 4205 1045 4260 ct
1066 4205 1191 4261 senatus
1213 4196 1355 4261 consulto
1378 4196 1564 4282 permissum

241 4297 323 4361 erat,
347 4305 390 4351 vr
405 4307 448 4352 nr
473 4291 635 4354 Caessms
657 4307 755 4354 servs
779 4307 1060 4364 counoscanenr,
1087 4309 1317 4366 srsrvunmvm
1341 4308 1563 4362 rvnvcsnsnr,

310 4462 337 4510 1.
354 4472 431 4520 saepe
450 4455 493 4522 [da
510 4474 542 4510 sa
560 4474 588 4509 rs
605 4459 700 4526 tecum]
720 4459 826 4525 tibique]
855 4475 932 4524 ruopc
949 4464 980 4512 de
1000 4476 1030 4513 eo
1047 4470 1132 4513 tecum
1150 4463 1247 4525 tibique
1274 4463 1421 4513 Lambinus
1440 4464 1468 4512 tn
1488 4462 1565 4512 Curis

240 4543 296 4580 soc.
316 4535 342 4579 et
360 4544 453 4580 rursus
472 4530 596 4581 Ernestio
613 4539 723 4582 auctore
742 4531 919 4592 Schuetzlus,
944 4547 1022 4594 saepe
1040 4535 1137 4598 ttbtqus
1153 4534 1228 4585 11111.
1266 4533 1353 4584 Verba
1374 4538 1498 4596 suspecta
1515 4546 1566 4583 nos

240 4599 411 4650 seclusimus.
433 4624 465 4635 -
491 4601 518 4650 3.
539 4601 614 4652 durat
635 4617 675 4665 pr.
696 4602 734 4653 bl.
756 4627 786 4638 -
812 4603 841 4654 1.
858 4601 938 4665 Eum]
959 4603 1021 4653 Cum
1039 4605 1060 4653 1.
1083 4631 1111 4642 -
1140 4604 1166 4653 8.
1186 4605 1289 4654 odimus
1307 4604 1348 4655 stt
1367 4610 1393 4654 et
1411 4602 1564 4665 meent,

241 4671 373 4720 autuman
392 4671 422 4720 a.
445 4695 476 4705 -
513 4672 556 4720 so.
576 4670 650 4732 {uua
668 4673 700 4722 a.
720 4698 753 4707 -
781 4674 899 4736 equidem
918 4674 1082 4724 Lambinus:
1103 4674 1208 4738 quidem
1223 4674 1320 4725 1111111.
1342 4697 1373 4710 -
1410 4674 1452 4722 ta.
1474 4671 1565 4736 etiam]

240 4754 297 4790 sum
316 4740 336 4789 l.
359 4765 387 4777 -
426 4742 469 4791 to.
490 4754 548 4790 cum
566 4749 654 4792 autem
671 4743 988 4796 sacramenrorum.
1011 4769 1041 4781 ·-
1079 4747 1217 4795 transisset
1236 4743 1281 4793 111.
1313 4740 1404 4806 (Corr.
1423 4743 1497 4794 Pius.
1525 4743 1566 4793 De

239 4810 267 4862 11
287 4825 343 4861 nou
362 4809 469 4876 liquat.)
489 4832 520 4848 -
556 4813 601 4862 17.
620 4818 650 4862 ut
668 4826 723 4862 om.
744 4827 784 4876 pr.
804 4813 841 4864 lll.
863 4839 894 4850 -
932 4812 1031 4878 autent]
1050 4829 1112 4866 vcro
1131 4814 1153 4865 1.
1178 4839 1207 4850 -
1246 4813 1289 4863 18.
1308 4810 1563 4876 senatusconsulto]

239 4882 367 4931 1111-
398 4879 524 4946 consuler]
542 4896 587 4933 sos
605 4882 626 4932 1.
648 4908 676 4919 -
710 4889 893 4948 ecpomcersnt
912 4900 952 4949 pr.
971 4887 1009 4936 11.
1033 4911 1060 4920 -
1093 4887 1311 4946 19.supruom.
1333 4885 1407 4933 1.-
1437 4885 1482 4934 20.
1504 4897 1569 4934 cous

240 4947 308 5014 som]
327 4965 420 5002 cousus
447 4952 521 5003 star.
560 4952 603 5012 (Ut
623 4966 685 5014 uos,
712 4952 847 5005 Corradus
865 4961 891 5006 et
911 4955 976 5007 Cod.
997 4957 1079 5012 Ball.)
1106 4983 1135 4993 -
1173 4955 1216 5004 21.
1245 4957 1310 5020 pastu
1327 4955 1361 5017 ct]
1389 4956 1434 5016 qut
1450 4967 1496 5006 nec
1523 4968 1563 5017 pr.

240 5021 278 5072 11.
300 5047 330 5058 -
363 5022 629 5074 2111101141.-
663 5023 706 5073 111.
728 5026 834 5076 autel.
853 5051 885 5060 -
918 5027 962 5078 et.
982 5040 1036 5078 nou
1051 5027 1156 5089 pretias
1173 5027 1219 5077 sed
1236 5025 1353 5077 retentor
1371 5026 1393 5078 l.
1413 5051 1446 5063 -
1476 5025 1566 5076 31111

240 5099 303 5144 ante
321 5092 382 5144 otoo
400 5107 455 5145 om.
476 5094 507 5146 11.
529 5119 556 5131 -
596 5094 640 5146 36.
662 5095 690 5144 1..
709 5095 807 5146 Ploruo
826 5095 857 5147 11.
