3662 5908
672 427 746 490 nm.
767 429 851 493 xnr.
892 429 952 494 aa.
974 428 1004 492 a.
1026 427 1057 491 o.
1462 433 1524 516 oss

199 582 440 652 familiarissime
469 603 538 650 sum
567 603 654 650 usus.
706 584 782 650 Eius
809 592 840 651 et
870 583 989 652 Sullani
1010 585 1161 672 temporis
1181 585 1381 656 iniustissima
1400 592 1526 660 calami·

199 688 264 745 tate
285 677 390 755 dolui,
426 686 550 744 etcum
571 677 627 752 iis,
658 677 712 764 qui
733 678 868 744 similem
889 679 1037 747 iniuriam
1058 689 1257 768 acceperant,
1279 685 1401 750 amissis
1423 688 1526 754 omni·

200 771 259 839 bus
280 771 416 839 fortunis
436 772 556 838 reditus
578 781 680 837 umen
702 776 734 837 in
755 772 887 860 patriam
908 774 1068 840 voluntate
1090 775 1230 842 omnium
1251 780 1381 845 concedi
1402 780 1525 848 videre·

200 876 269 942 tur,
305 865 431 932 adintor
456 865 676 931 incolumitatis
704 865 760 933 sui.
813 872 843 934 Is
870 867 963 934 babet
990 868 1023 934 in
1044 867 1251 939 Volaterrano
1275 873 1522 957 possessionem,

199 983 270 1028 cum
287 965 318 1026 in
339 981 409 1026 eam
430 968 587 1048 umquam
610 981 627 1024 e
649 959 813 1047 naufragio
834 962 982 1051 reliquias
1004 963 1193 1030 contulisset.
1237 968 1306 1030 Hoc
1327 976 1430 1033 antem
1446 977 1546 1034 tem-³

198 1077 278 1144 pore
306 1075 378 1120 enm
408 1056 523 1121 Caesar
551 1053 584 1119 in
606 1064 746 1120 senatum
767 1055 858 1142 legit,
885 1078 979 1145 φιοιιι
1002 1055 1145 1123 ordinem
1166 1057 1220 1124 itte
1242 1059 1300 1125 ista
1322 1061 1523 1146 possessione

200 1149 311 1215 amissa
333 1146 415 1213 tueri
443 1147 498 1212 vix
524 1155 635 1233 potest
694 1150 919 1216 Gravissimum
940 1158 1043 1216 autem
1071 1159 1135 1227 est,
1163 1172 1235 1217 curn
1257 1154 1405 1240 superior
1423 1154 1523 1223 lactus

199 1244 239 1309 sit
270 1241 398 1316 ordine,
432 1239 615 1306 inferiorem
642 1261 711 1307 esse
739 1242 882 1323 fortuna;
918 1245 1110 1332 minimeque
1137 1247 1282 1312 convenit
1303 1268 1345 1313 ex
1367 1269 1406 1314 eo
1427 1269 1523 1334 agro,

198 1341 252 1426 qui
274 1335 417 1403 Caesaris
436 1335 524 1400 iussn
546 1333 718 1411 dividatur,
752 1355 824 1401 eum
846 1339 988 1415 moveri,
1017 1338 1073 1426 qui
1095 1339 1236 1405 Caesaris
1258 1337 1411 1407 beneficio
1433 1363 1525 1408 sena

198 1443 249 1498 tor
279 1431 329 1497 sit
385 1435 415 1494 3.
448 1427 510 1495 Sed
541 1429 618 1494 mibi
645 1430 747 1496 minan
774 1429 852 1496 libet
872 1432 968 1498 multa
990 1431 1029 1499 de
1050 1433 1206 1520 aequitate
1227 1433 1275 1500 rei
1297 1433 1460 1512 scribere,
1483 1457 1523 1502 ne
1534 1448 1560 1491 ¹⁰

198 1547 289 1592 causa
316 1524 421 1610 potius
448 1523 531 1611 apud
559 1531 589 1588 te
618 1524 751 1589 valuisse
786 1524 895 1591 videar
917 1547 1011 1613 φιιιιιι
1032 1527 1143 1613 gratia.
1197 1527 1412 1604 Quamobrem
1436 1537 1466 1594 te
1487 1528 1521 1595 in

198 1621 349 1687 maiorem
378 1617 506 1684 modum
534 1638 629 1704 rogo,
666 1625 700 1683 ut
726 1619 759 1684 C.
788 1619 888 1685 Curtii
915 1641 984 1685 rem
1005 1640 1106 1686 meam
1127 1629 1218 1706 putes
1244 1641 1329 1700 esse;
1367 1621 1521 1710 quidquid

197 1737 267 1782 mea
288 1735 381 1780 causa
402 1712 538 1788 laceres,
571 1722 606 1778 nt
625 1711 659 1778 id
681 1715 715 1779 C.
737 1711 836 1778 Curtii
858 1735 1044 1781 causacum
1066 1713 1200 1790 leceris,
1230 1715 1406 1793 existimes,
1434 1716 1521 1804 quod

197 1809 250 1875 ille
270 1830 329 1896 per
350 1829 400 1872 me
422 1805 582 1882 babuerit,
620 1806 652 1872 id
675 1827 726 1871 me
748 1804 865 1872 habere
889 1806 945 1874 abs
965 1818 1007 1876 te.
1063 1813 1131 1875 Hoc
1151 1818 1183 1874 te
1204 1807 1405 1876 vehementer
1426 1810 1520 1877 etiam

197 1913 291 1991 atque
313 1902 407 1968 etiam
426 1921 517 1987 rogo.
1532 1917 1558 1964 ¹³

677 2043 725 2106 u.
769 2039 818 2126 (n.
843 2044 876 2108 o.
898 2044 931 2108 c.
954 2046 1040 2123 aas.)

398 2168 440 2230 n.
463 2131 608 2230 cronno'
628 2165 667 2240 o.
689 2165 864 2230 vamme
887 2165 926 2243 o.
946 2169 980 2232 a.
1004 2168 1134 2233 eacan
1155 2165 1320 2234 moces

284 2283 312 2344 t.
355 2281 386 2342 S.
420 2282 457 2345 V.
484 2281 519 2342 B.
545 2279 581 2341 li.
608 2280 646 2342 V.
696 2272 798 2342 Credo
827 2285 857 2342 te
885 2278 1039 2344 memoria
1065 2288 1189 2353 tenere,
1225 2298 1276 2344 me
1304 2287 1336 2344 at
1357 2300 1463 2348 coram
1485 2284 1519 2347 P.

197 2379 313 2461 Cuspio
336 2382 437 2438 tecum
459 2369 597 2436 locutum
620 2390 704 2443 esse,
728 2389 798 2435 cum
820 2379 851 2437 te
872 2392 1084 2460 prosequerer
1105 2371 1300 2460 paludatum,
1323 2374 1450 2440 etitem
1463 2396 1521 2462 po-

197 2481 262 2536 stea
287 2463 430 2554 pluribus
452 2464 557 2530 verbis
589 2463 829 2549 tecum'effl'sse,
857 2475 906 2543 ut,
934 2488 1137 2555 quoscunque
1159 2467 1216 2533 tibi
1237 2467 1305 2533 eius
1326 2469 1557 2534 necessarios²⁰

196 2559 465 2635 commendarem,
502 2558 634 2625 haberes
663 2577 718 2623 eos
746 2557 779 2622 in
807 2581 940 2627 numero
963 2582 1107 2627 meorum
1126 2561 1386 2628 necessariorum.
1429 2563 1464 2630 ld
1486 2573 1520 2631 tu

195 2677 256 2745 pro
279 2665 330 2721 tua
351 2674 473 2719 summa
495 2673 569 2739 erga
591 2671 641 2716 me
663 2650 880 2723 benevolentia
893 2665 1107 2743 perpetuaque
1124 2652 1323 2727 observantia
1339 2656 1416 2721 mibi
1437 2656 1517 2723 llbe-

195 2749 349 2818 ralissime
370 2755 465 2833 atque
486 2746 708 2819 humanissime
729 2751 886 2839 recepisti.
928 2754 959 2815 2.
982 2753 1131 2835 Cuspius,
1154 2748 1249 2842 quo
1271 2749 1303 2813 in
1319 2770 1429 2816 omnes
1444 2766 1519 2819 suos

196 2841 456 2916 officiosissimus,
489 2842 620 2910 mirilice
650 2846 802 2934 quosdam
832 2844 974 2912 bominea
1004 2865 1044 2910 ex
1076 2843 1133 2908 ista
1161 2841 1325 2928 provincia
1360 2852 1466 2910 tuctur
1487 2853 1519 2911 et

195 2937 295 3025 diligit
314 2943 501 3023 propterea,
530 2938 613 3024 quod
637 2937 695 3006 luit
716 2941 747 3007 in
767 2940 873 3007 Africa
894 2936 959 3014 bis,
983 2959 1053 3004 cum
1076 2937 1220 3003 maximis
1241 2935 1400 3003 societatis
1421 2959 1558 3025 nego-as

195 3033 247 3099 tiis
265 3037 444 3118 praeesset·
490 3035 597 3118 ltaque
619 3033 679 3100 boc
700 3033 768 3100 eius
790 3033 943 3107 officium,
979 3030 1064 3119 qnod
1083 3029 1210 3095 adhibet
1230 3049 1306 3114 erga
1328 3029 1422 3104 illos,
1456 3053 1518 3117 ego

195 3147 266 3192 mea
281 3124 426 3190 facultate
443 3134 475 3192 et
488 3126 587 3211 gratia
602 3127 705 3204 soleo,
728 3139 879 3216 quantum
891 3146 1036 3213 possum,
1060 3122 1218 3189 adiumre.
1238 3169 1240 3174 -
1262 3125 1369 3200 Quare
1392 3124 1519 3211 Cuspia-

195 3241 311 3288 norum
343 3219 485 3285 omninm
515 3221 793 3288 commendationis
827 3239 950 3286 causam
980 3217 1037 3284 hac
1059 3215 1116 3282 tibi
1144 3215 1275 3304 epistola
1300 3218 1519 3302 exponendam

195 3313 313 3402 putavi.
356 3313 495 3401 Reliquis
517 3315 656 3401 epistolis
677 3326 798 3383 tantum
819 3309 950 3387 faciam,
973 3320 1008 3379 nt
1029 3321 1133 3377 nomm
1155 3329 1310 3398 apponam
1332 3332 1416 3388 eam,
1439 3335 1520 3400 quaa

196 3405 274 3474 mibi
296 3415 398 3472 mcum
421 3408 581 3484 convenit,
611 3419 642 3474 et
662 3410 755 3476 simul
777 3408 947 3495 significem
969 3406 1009 3472 de
1030 3427 1164 3472 numero
1185 3425 1254 3472 asse
1277 3403 1381 3490 Cuspii
1404 3407 1557 3474 amico-au

193 3523 277 3568 rum.
320 3504 350 3566 3.
375 3498 435 3565 Sed
457 3499 536 3566 banc
557 3502 875 3577 commendationem,
897 3521 991 3588 qnam
1014 3499 1061 3566 bis
1082 3499 1194 3565 littaris
1216 3496 1401 3582 consignare
1421 3501 1519 3578 volni,

194 3596 274 3666 scito
295 3613 364 3660 esse
386 3593 525 3662 omnium
548 3596 773 3680 gravissimam.
829 3601 906 3661 Nam
938 3599 972 3661 Ρ.
995 3592 1127 3679 Cuspius
1149 3593 1298 3680 singulari
1319 3595 1423 3663 studio
1445 3616 1520 3660 con·

194 3685 1123 3775 tenditame,uttibiquamdiligentissime1..1nlium
1144 3689 1406 3757 commendarem.
1444 3693 1520 3756 Eius
1580 3697 1586 3713 ⁸

194 3805 254 3871 eqo
276 3780 381 3850 studio
402 3779 458 3845 vix
480 3779 592 3847 videor
612 3783 689 3849 mibi
709 3782 888 3850 satisfacere
909 3801 1019 3869 posse,
1048 3779 1076 3846 si
1096 3791 1168 3846 utar
1189 3782 1295 3850 verbis
1315 3783 1371 3862 iis,
1394 3784 1519 3871 quibus,

194 3898 266 3944 cum
287 3877 523 3963 diligentissime
551 3876 627 3964 quid
655 3877 795 3963 agimus,
830 3877 877 3944 uti
898 3877 1045 3943 solemus.
1098 3879 1185 3941 Nova
1208 3877 1360 3964 quaedam
1381 3878 1557 3965 postulatu

194 3979 226 4037 et
247 3980 335 4059 putat
365 3993 416 4039 me
443 3975 511 4036 eins
532 3969 657 4054 generis
678 3969 844 4036 artificium
866 3969 1023 4058 quoddam
1046 3977 1163 4035 tenere.
1220 3971 1256 4036 Ei
1279 3992 1339 4057 ego
1359 3973 1518 4058 pollicitus

194 4087 264 4134 sum
286 4087 336 4130 mc
357 4086 399 4131 ex
421 4064 527 4130 intima
550 4074 656 4129 nostra
676 4071 745 4128 arte
766 4064 1025 4151 deprompturum
1053 4062 1219 4128 mirificum
1240 4085 1339 4150 genna
1360 4086 1519 4132 commen·

194 4159 339 4226 dationis.
390 4159 425 4225 ld
448 4158 596 4246 quoniam
618 4157 742 4245 assequi
763 4179 827 4224 non
849 4178 998 4245 possum,
1031 4164 1065 4221 tu
1085 4176 1122 4221 re
1143 4157 1237 4222 velim
1259 4157 1388 4232 efficias,
1410 4166 1446 4224 ut
1466 4157 1518 4223 ille

193 4275 310 4340 genere
349 4274 492 4320 mearum
524 4252 698 4317 litterarum
733 4250 910 4317 incredibili
944 4248 1092 4337 quiddam
1128 4248 1301 4335 perfectum
1336 4249 1519 4317 arbitretur.

193 4353 224 4412 4.
238 4347 273 4412 ld
287 4345 399 4420 lacios,
422 4352 448 4414 si
465 4367 559 4413 omne
571 4364 669 4431 genus
681 4343 892 4420 liberalitatis,
914 4343 1000 4431 quod
1013 4352 1045 4408 et
1058 4341 1097 4406 ab
1112 4342 1302 4410 humanitate
1318 4352 1350 4411 et
1362 4352 1516 4430 potestate
1527 4363 1555 4407 to

193 4449 247 4506 tua
267 4438 424 4526 proticisci
446 4439 575 4527 poterit,
598 4459 661 4504 non
682 4436 777 4504 modo
799 4459 835 4503 re
861 4436 917 4503 sed
938 4436 1031 4502 etiam
1047 4434 1170 4510 verbis,
1192 4436 1281 4502 vultu
1302 4435 1438 4524 denique
1461 4455 1517 4501 ex-

193 4535 408 4620 prompseris;
431 4555 511 4621 quae
533 4541 681 4620 quamam
703 4531 736 4596 in
757 4530 921 4617 provincia
941 4529 1079 4604 valeant,
1109 4529 1221 4594 vellem
1243 4539 1392 4615 expertus
1406 4550 1517 4604 essem,

193 4627 250 4694 sed
284 4637 387 4694 umen
418 4627 571 4714 suspicor.
627 4632 733 4713 lpaum
761 4624 936 4698 bominem,
968 4643 1064 4710 quem
1090 4621 1149 4691 tibi
1181 4623 1384 4696 commendo,
1411 4621 1519 4709 perdi·

264 4799 290 4850 S.
309 4801 349 4850 hta
366 4801 404 4852 Μ.
439 4826 467 4838 -
513 4801 540 4851 b.
565 4800 666 4850 maort
685 4800 714 4848 to
732 4799 770 4849 Μ.
799 4820 829 4834 ·-
874 4795 918 4848 Sd.
944 4803 1060 4860 proersst
1086 4796 1124 4849 Μ.
1153 4820 1184 4832 -
1219 4796 1392 4860 adhibeturqc
1417 4795 1455 4848 M·
1486 4819 1514 4832 -

193 4868 396 4922 29·coM.-
430 4869 533 4922 betto
553 4869 590 4922 Μ.
614 4893 649 4904 -
684 4865 940 4932 ee.qooatamtts
966 4866 1094 4931 namu.
1119 4891 1147 4904 -·
1188 4865 1422 4918 cammenata
1448 4865 1517 4920 volo·

193 4946 251 4988 rant
270 4939 421 4991 Ernesttnr.
453 4963 484 4978 -
520 4947 642 5004 apertae
660 4951 755 4994 mon.
782 4937 826 4987 aad
843 4944 931 4987 tomen
946 4939 1072 5000 sospena
1118 4938 1207 5000 tpram
1231 4935 1384 4996 Mrdrtgtns
1405 4936 1515 5000 tOpnsc.

193 5009 271 5060 acad.
302 5024 329 5073 p.
354 5011 414 5061 187.
446 5009 493 5060 nbt
523 5015 612 5062 umen
632 5007 769 5073 proposutt
789 5020 848 5070 erp.
869 5009 948 5067 aucta
979 5013 1100 5072 averno
1117 5019 1192 5060 mea.
1228 5005 1279 5058 Sed
1296 5012 1384 5058 tomas
1400 5008 1516 5071 ntupum

194 5079 279 5146 tprum
298 5079 362 5139 uu,
382 5081 428 5132 aad
448 5081 492 5132 tate
511 5081 592 5132 verbo
609 5082 727 5145 mptcor
743 5077 860 5132 secluso.

1625 2748 1648 2820 d
