3680 5944
273 385 275 391 ι
302 442 365 524 sat
804 441 863 504 nn.
886 441 939 503 an
960 439 1135 504 arntcnn

302 599 337 666 in
363 598 403 666 iis
428 597 557 674 litteris,
586 617 680 682 qnam
701 596 741 664 od
762 617 813 663 me
834 595 1019 664 Philotimus
1040 593 1225 682 scripserat:
1249 631 1288 644 -
1310 595 1410 683 ipsam
1432 593 1488 660 tibi
1510 594 1626 682 episto-

302 692 363 758 lam
392 691 564 768 misissem,
592 691 652 758 nisi
679 701 742 760 tem
770 689 874 756 subito
905 690 1012 755 scabis
1033 708 1113 775 puer
1133 686 1403 775 proficiscebatur;
1436 711 1505 757 cras
1528 691 1626 776 igitur

303 787 440 852 mittam:
475 821 516 833 -
543 785 600 852 sed
631 787 665 852 in
692 807 729 852 ea
750 783 890 870 Pompeii
919 782 1050 869 epistola
1080 793 1149 849 erat
1168 787 1201 848 in
1222 791 1366 850 extremo
1388 785 1487 872 ipsius
1509 806 1625 854 manu:

190 937 198 970 ,
302 885 401 958 ,,Τιι,
429 900 589 956 censeo,
622 878 832 946 Luceriam
858 877 1013 955 venias:
1046 895 1241 962 nusquam
1271 877 1354 943 eris
1383 879 1540 946 tutius.”
1590 880 1627 947 ld

139 957 185 1056 ΖΗ·
279 995 362 1061 sego
388 973 421 1038 in
448 993 519 1038 eam
546 982 668 1060 partem
698 973 818 1058 accepi,
848 971 926 1046 baec
954 969 1070 1057 oppida
1096 979 1190 1057 atque
1218 991 1306 1036 oram
1329 973 1515 1038 maritimam
1536 973 1625 1039 illum

301 1087 361 1154 pro
383 1065 534 1133 derelicto
556 1064 694 1144 babere;
731 1086 789 1131 nec
811 1087 880 1131 sum
902 1065 1033 1131 miratus
1055 1084 1144 1140 euru,
1167 1063 1221 1150 qui
1243 1074 1337 1152 eaput
1357 1067 1460 1151 ipsum
1482 1067 1627 1155 reliquis-

302 1170 365 1237 set,
400 1160 531 1248 reliquis
559 1158 709 1226 membris
731 1180 794 1226 non
816 1179 956 1246 parcere.
999 1161 1029 1224 2.
1051 1157 1089 1223 lii
1110 1157 1214 1224 statim
1234 1159 1382 1245 rescripsi
1403 1160 1626 1248 hominemque

302 1265 423 1322 certum
450 1253 522 1320 misi
552 1252 591 1319 de
620 1253 786 1320 comitibus
819 1253 913 1326 meis.
952 1273 1015 1317 non
1043 1272 1214 1338 quaerere,
1244 1251 1299 1317 nbi
1327 1253 1481 1321 tutissimo
1504 1276 1625 1332 essem:

302 1349 329 1415 si
359 1370 410 1414 me
438 1347 534 1416 vellet
565 1369 621 1414 sue
653 1357 706 1413 aui
734 1349 783 1413 rei
810 1346 954 1433 publicae
983 1365 1076 1410 causa
1098 1345 1267 1412 Luceriam
1281 1347 1407 1423 venire,
1430 1348 1533 1413 statim
1557 1369 1626 1415 esse

268 1447 485 1520 inventurum:
508 1441 711 1529 hortatusque
734 1463 821 1516 snm,
850 1449 885 1506 ui
907 1461 996 1506 oram
1018 1438 1208 1505 maritimam
1228 1439 1399 1516 retineret,
1422 1441 1449 1507 si
1471 1463 1539 1508 rem
1559 1441 1626 1508 iru-

302 1537 486 1602 mentariam
512 1535 573 1601 sibi
601 1557 642 1601 ex
669 1535 840 1621 provinciis
870 1533 1065 1621 suppeditari
1091 1533 1194 1600 vellet.
1249 1537 1319 1599 lloc
1340 1555 1390 1600 me
1411 1534 1527 1602 frustra
1549 1534 1625 1602 sori-

302 1627 379 1694 bere
400 1628 555 1695 videbam.
610 1628 692 1705 Sed,
714 1630 760 1696 nti
782 1629 815 1694 in
835 1627 916 1695 urbe
937 1625 1099 1695 retinenda
1120 1635 1208 1705 tunc,
1231 1627 1277 1693 sic
1297 1649 1380 1693 nunc
1400 1629 1432 1695 in
1454 1631 1540 1697 ltalia
1562 1653 1625 1697 nou

301 1722 507 1810 relinquenda
536 1721 725 1788 testificabar
753 1723 937 1790 sententiam
968 1741 1080 1790 meam.
1131 1719 1182 1786 Sic
1210 1721 1294 1786 enim
1315 1724 1420 1807 parari
1445 1721 1554 1800 rideo,
1590 1734 1626 1792 ut

302 1817 467 1883 Luceriam
489 1837 598 1883 ornnes
620 1817 728 1904 copiae
751 1817 987 1890 contrabantur,
1011 1823 1043 1880 et
1063 1833 1103 1878 ne
1125 1813 1152 1880 is
1169 1813 1295 1902 quidem
1310 1814 1397 1882 locus
1413 1817 1546 1894 stabilis,
1569 1819 1626 1886 sed

270 1933 344 1978 nex
366 1931 405 1976 eo
425 1911 512 1997 ipso,
543 1911 571 1976 si
590 1933 777 1997 urgeamur,
805 1920 936 1997 paretur
963 1908 1047 1994 luga.
1091 1912 1121 1973 3.
1145 1911 1217 1986 Quo
1241 1909 1344 1976 minus
1367 1910 1502 1986 mirere,
1532 1917 1557 1978 si
1579 1914 1627 1980 in·

302 2004 385 2071 vitus
407 2004 439 2077 in
461 2025 529 2070 earn
550 1993 675 2070 cansam
698 2004 868 2080 descendo,
892 2004 925 2069 in
947 2023 1008 2089 qua
1031 2021 1135 2087 neque
1157 2002 1242 2088 pacis
1258 2023 1360 2090 neque
1373 2005 1525 2072 victoriae
1543 2009 1625 2073 ratio

303 2099 444 2186 quaesita
471 2099 512 2174 sit
539 2119 679 2185 unquam
706 2099 762 2165 scd
788 2119 912 2186 semper
932 2096 1104 2184 flagitiosae
1126 2103 1157 2161 et
1178 2096 1375 2163 calamitosae
1396 2098 1499 2185 fugae.
1541 2104 1626 2167 Eun-

303 2192 395 2273 dum;
426 2202 480 2268 ut,
509 2214 727 2282 quemcunque
747 2191 814 2258 fors
836 2190 943 2257 tulerit
963 2211 1083 2264 casum,
1113 2187 1243 2256 subeam
1263 2191 1369 2278 potius
1391 2214 1462 2258 cum
1482 2193 1542 2270 iis,
1571 2194 1627 2280 qui

304 2285 451 2352 dicuntur
480 2305 550 2350 csse
578 2284 670 2362 boni,
703 2307 797 2372 φιιιιι
818 2284 935 2351 vvidear
962 2306 980 2350 a
1008 2282 1101 2349 bonis
1129 2282 1305 2351 dissentire.
1353 2287 1420 2353 Etsi
1440 2286 1626 2374 propediem

267 2407 295 2448 so
304 2379 398 2446 video
421 2379 594 2453 bonorum,
617 2379 648 2445 id
670 2390 733 2454 est,
755 2379 913 2445 lautorum
936 2387 967 2444 et
987 2377 1204 2462 locupletium,
1235 2378 1347 2448 urbem
1368 2381 1516 2448 relcrtam
1537 2380 1627 2458 sore,

305 2473 482 2559 municipiis
503 2493 580 2538 vero
602 2471 650 2538 bis
672 2473 806 2548 relictis,
835 2470 1082 2538 refertissimam.
1126 2472 1198 2547 Quo
1221 2495 1281 2559 ego
1302 2481 1335 2541 in
1356 2495 1490 2541 numero
1512 2495 1625 2550 essem,

306 2567 332 2633 si
354 2567 412 2633 hos
434 2567 558 2633 lictores
581 2567 818 2633 molestissimos
840 2587 903 2633 non
926 2563 1086 2636 haberem.
1129 2570 1192 2631 Nec
1213 2589 1265 2633 me
1285 2574 1335 2635 Μ’.
1353 2569 1479 2655 Lepidi,
1502 2573 1536 2635 L.
1550 2569 1627 2636 Vol-

307 2660 394 2738 catii,
427 2664 496 2727 Ser.
526 2661 656 2748 Sulpicii
685 2662 834 2728 comitum
856 2659 1047 2747 poeniteret,
1083 2681 1219 2748 quorum
1240 2684 1333 2730 nemo
1355 2684 1413 2729 nec
1434 2664 1558 2731 stultior
1579 2673 1628 2730 est

304 2777 398 2843 quam
429 2760 464 2821 L.
493 2755 662 2830 Domitius,
698 2777 756 2820 nec
783 2755 1008 2820 inconstantior
1035 2775 1129 2840 quam
1157 2760 1235 2843 App.
1265 2757 1421 2825 Claudius.
1478 2763 1509 2823 i.
1542 2761 1626 2822 Unus

269 2875 297 2913 ss
305 2853 472 2937 Pompeius
494 2871 544 2916 me
566 2860 688 2926 movet,
710 2847 878 2924 beneficio,
901 2870 966 2914 non
987 2848 1180 2915 auctoritate.
1226 2853 1329 2928 Quam
1348 2852 1431 2918 enim
1445 2849 1497 2915 ille
1513 2846 1628 2915 babeat

304 2944 521 3010 auctoritatem
543 2949 574 3010 in
595 2943 654 3010 bac
675 2950 789 3010 causat
812 2942 883 3030 qui,
905 2962 976 3008 cnm
998 2963 1106 3008 omnes
1125 2946 1289 3010 Caesarem
1309 2945 1535 3020 metuebamus,
1558 2944 1626 3030 ipse

305 3059 379 3104 eum
406 3037 569 3125 diligebat:
602 3048 768 3126 postquam
797 3037 864 3124 ipse
894 3045 1035 3101 metuere
1067 3031 1186 3122 coepit,
1215 3047 1302 3124 putat
1323 3059 1432 3104 omnes
1454 3040 1559 3105 hostes
1579 3038 1627 3104 illi

304 3141 454 3218 oportere
484 3153 563 3198 esse.
615 3130 734 3199 ibimus
766 3141 869 3198 tomen
897 3130 1081 3208 Luceriam:
1113 3151 1172 3196 nec
1198 3152 1271 3198 eum
1299 3132 1431 3198 sortasse
1461 3130 1628 3198 delectabit

304 3240 412 3292 noster
433 3225 594 3292 adventus.
646 3225 850 3293 Dissimulare
873 3229 956 3289 euim
978 3245 1042 3289 non
1062 3234 1175 3310 potero
1197 3226 1290 3302 mibi,
1321 3248 1402 3312 quae
1430 3227 1532 3292 adbuc
1559 3236 1627 3293 acta

269 3330 391 3394 ursuni,
415 3319 590 3405 displicere.
632 3323 700 3404 Ego
722 3320 749 3384 si
770 3339 915 3384 somnum
936 3337 1049 3404 capere
1071 3339 1211 3401 possem,
1234 3330 1296 3386 tam
1317 3319 1419 3405 longis
1434 3329 1464 3385 te
1486 3320 1627 3406 epistolis

304 3433 371 3487 non
390 3411 607 3480 obtunderem.
650 3417 712 3489 Tu,
746 3412 773 3479 si
800 3411 858 3477 tibi
886 3411 996 3477 eedem
1024 3433 1116 3478 causa
1145 3421 1207 3488 est,
1240 3435 1291 3480 me
1319 3435 1524 3480 remunerere
1552 3436 1626 3481 sane

302 3507 407 3575 velim.

375 3728 401 3778 1.
419 3728 454 3776 iis
469 3727 537 3778 hill:
557 3729 597 3778 his
614 3727 658 3778 lli.
684 3753 718 3764 -
751 3740 830 3791 quom
847 3723 893 3789 od]
912 3740 978 3791 quus
995 3727 1031 3776 od
1050 3727 1095 3778 lil.
1131 3727 1244 3780 Malim:
1275 3743 1354 3794 quom
1371 3743 1438 3794 quus
1456 3731 1500 3780 od.
1521 3729 1572 3782 On.
1593 3753 1625 3766 -

305 3797 460 3847 Philotimus
477 3799 632 3860 scripserat:
661 3798 748 3861 ipsum
764 3797 830 3848 hili:
850 3797 1015 3847 Philotimus.
1052 3799 1118 3848 Heri
1134 3798 1220 3861 ipsum
1238 3799 1266 3855 l,
1286 3799 1456 3850 Philotimus:
1474 3801 1559 3862 ipsum
1576 3813 1627 3851 sno

305 3868 435 3918 arbitratu
455 3868 604 3919 lirnestins.
637 3893 669 3905 -
705 3868 731 3918 2.
751 3868 890 3926 misissem,
919 3868 972 3916 misi
989 3873 1045 3917 lam
1061 3867 1148 3918 mhito
1166 3881 1237 3920 corr.
1255 3868 1301 3920 ai:
1328 3871 1453 3920 misissem
1471 3872 1549 3922 miser
1571 3878 1627 3922 tom

304 3937 391 3989 subito
410 3953 449 4002 pr.
469 3938 515 3998 Μ,
534 3941 677 3997 mouscin,
696 3939 747 3987 uisi
764 3937 834 4001 quod
850 3937 905 3986 iom
922 3937 1006 3986 subito
1025 3937 1056 3996 1.
1083 3938 1225 3999 misissem,
1250 3939 1295 3988 ssd
1310 3939 1365 3988 ium
1382 3940 1467 3990 meiito
1485 3941 1524 4001 R,
1543 3942 1627 3990 misis-

305 4021 376 4070 sem,
406 4009 450 4060 sed
467 4009 552 4058 subito
569 4023 632 4059 cnm
650 4008 773 4058 Munatio
792 4007 822 4057 ll.
851 4031 881 4043 -
919 4007 946 4057 il.
965 4005 1055 4056 relicto
1074 4006 1118 4057 XL
1137 4013 1164 4057 et
1182 4023 1221 4072 pr.
1241 4008 1286 4070 ht,
1312 4009 1405 4060 delicto
1425 4011 1454 4060 ll.
1493 4008 1538 4072 (ut
1555 4023 1624 4071 nos,

305 4080 318 4129 1
336 4085 364 4129 et
381 4092 451 4129 corr.
471 4075 521 4140 Μ.)
542 4102 573 4115 -
610 4080 637 4129 7.
653 4083 774 4141 posceret
793 4091 833 4140 pr.
852 4075 889 4126 Μ.
909 4099 944 4114 -
968 4076 996 4126 8.
1013 4090 1069 4126 uon
1086 4091 1208 4142 quaerere
1226 4079 1285 4129 iili:
1304 4093 1358 4129 ooo
1375 4093 1415 4130 me
1430 4094 1552 4144 mmersrs
1570 4081 1624 4142 lili,

303 4164 344 4200 me
360 4160 415 4198 murs
432 4162 553 4214 quassare
572 4149 645 4200 Pius.
679 4171 709 4184 -·
749 4149 880 4200 tutissimo
898 4145 1036 4196 Charisius
1061 4145 1101 4210 (p.
1122 4148 1181 4199 173.
1201 4149 1323 4209 Pntscb.)
1342 4154 1369 4199 et
1387 4163 1441 4212 mg.
1462 4151 1624 4202 Cratandri:

304 4221 442 4282 tupissimo
460 4217 497 4279 Ζ,
524 4225 553 4270 lu
569 4219 740 4282 pessimohl,
761 4216 962 4268 tutissimelllli
980 4223 1006 4268 et
1024 4231 1079 4281 mg.
1098 4218 1136 4269 Μ.
1165 4242 1196 4255 -
1233 4221 1276 4272 11.
1296 4221 1408 4270 timet.
1429 4246 1457 4258 -
1496 4221 1538 4271 ta.
1558 4223 1627 4272 uitis-

304 4286 375 4352 bum]
404 4289 521 4348 uoiohom
548 4304 590 4353 pr.
613 4291 652 4342 Μ.
677 4313 712 4324 -
747 4285 793 4350 sic]
820 4290 857 4338 sis
875 4301 915 4351 pr·
935 4286 972 4338 ht.
1004 4312 1039 4322 -
1084 4289 1114 4338 iu
1132 4302 1186 4339 ons.
1207 4303 1247 4353 pr.
1265 4291 1304 4342 Μ.
1330 4316 1362 4327 -
1399 4290 1441 4341 13.
1465 4288 1517 4354 Sic]
1536 4291 1565 4342 Si
1584 4304 1625 4355 pr.

304 4359 342 4412 Μ.
371 4385 404 4399 -
439 4359 483 4409 ti.
514 4359 616 4410 stohilis
632 4361 684 4420 sit,
703 4361 748 4410 secl
765 4358 883 4409 malebat
902 4357 1050 4409 lirnestius·
1071 4381 1102 4394 -
1124 4359 1183 4418 15.
1207 4361 1272 4410 mise
1289 4373 1330 4410 res
1352 4367 1377 4410 et
1396 4374 1437 4424 pr.
1457 4361 1503 4423 Μ,
1532 4363 1626 4412 missas

304 4431 359 4489 sed,
382 4429 481 4481 deinde
498 4432 592 4481 mirere
609 4432 653 4490 si,
674 4443 744 4480 corr.
772 4428 810 4481 Μ.
835 4449 868 4463 -
904 4428 947 4480 lii·
966 4442 1047 4493 mque
1063 4430 1190 4480 uictumae
1207 4443 1287 4496 usque
1302 4431 1377 4493 puris
1395 4431 1427 4481 li.
1462 4457 1491 4468 -
1529 4432 1573 4482 17.
1591 4433 1627 4482 sit

304 4515 360 4550 om.
380 4515 422 4565 pr.
442 4499 485 4562 Μ,
504 4509 541 4552 est
560 4501 712 4551 Victoriana
732 4514 772 4564 pr.
793 4525 826 4536 -
861 4495 915 4560 sed]
934 4500 957 4549 si
976 4513 1016 4562 pr.
1036 4499 1073 4549 Μ.
1097 4524 1124 4535 -
1161 4501 1345 4565 iuqeoumdsm
1364 4514 1405 4564 pr.
1424 4499 1462 4552 Μ.
1484 4524 1515 4537 -
1547 4503 1589 4552 tii.
1608 4515 1628 4551 o

304 4568 388 4634 bouis]
415 4569 448 4621 ob
476 4571 594 4621 omuibus
611 4571 672 4622 llll.
702 4593 732 4606 -
768 4569 812 4621 20.
832 4568 986 4632 iomplatum
1002 4569 1075 4620 Mill.
1097 4595 1131 4606 -
1165 4570 1209 4622 33.
1236 4585 1294 4622 auu
1311 4571 1409 4633 ulepidi
1425 4573 1501 4622 Lucri
1518 4571 1627 4622 uoicoeii

306 4655 346 4705 pr.
374 4642 423 4701 Μ,
448 4652 488 4690 ms
511 4641 571 4691 ,iuli
600 4640 708 4704 Lepidi:
735 4640 830 4689 Lucci:
861 4640 972 4690 Vulcatii
1002 4640 1037 4690 lii
1061 4643 1088 4690 et
1111 4653 1182 4691 corr.
1208 4641 1247 4693 Μ.
1285 4639 1454 4703 (correctum
1479 4642 1507 4692 in
1530 4641 1627 4694 idrun-

305 4711 402 4768 tiana.)
421 4735 450 4748 -
483 4711 528 4761 23.
547 4707 680 4773 mousom]
699 4723 796 4759 mecum
814 4722 855 4772 pr.
875 4709 913 4760 Μ.
935 4733 964 4745 -
984 4709 1028 4761 2³.
1046 4723 1092 4761 uec
1109 4716 1172 4761 anta
1188 4712 1296 4762 stultior
1313 4725 1368 4762 om·
1388 4711 1474 4760 11.-
1491 4711 1536 4762 el.
1557 4713 1627 4762 Uuus

305 4795 361 4836 om.
381 4780 403 4830 l.
434 4805 462 4818 -
500 4781 545 4831 17.
563 4788 703 4845 postquem
719 4792 780 4830 cero
797 4781 851 4842 ipss
869 4779 891 4828 1.
917 4803 948 4815 -
986 4779 1031 4831 28.
1050 4793 1102 4834 esss
1125 4788 1244 4846 oportsrs
1265 4781 1423 4834 Lambinus.
1443 4807 1476 4820 -
1505 4783 1627 4848 fortassis

305 4851 339 4902 R·
357 4871 391 4889 ⁸·
426 4851 471 4904 ³⁰6
489 4851 542 4902 m
561 4851 583 4900 ¹·
602 4875 637 4886 ¹·
671 4846 817 4914 ammon]
835 4849 959 4912 dmum
977 4863 1019 4915 prs
1036 4850 1076 4902 us
