3658 5930
339 393 400 456 658
823 387 883 450 ΕΡ.
905 387 957 450 ΑΒ
981 385 1154 450 ΑΤΤΙΟΙΙΜ

332 550 456 616 audere
477 569 513 613 ro
534 547 663 612 ineerta.
721 548 751 609 2.
782 542 844 608 Sed
866 541 991 629 qnando
1014 541 1121 608 Clodia
1143 546 1262 607 llomae
1282 538 1388 606 futura
1412 546 1480 606 est‘l
1512 547 1559 605 et
1587 539 1713 625 quanti

337 667 404 710 rem
427 643 596 710 aestimas?
637 643 685 704 Eo
707 658 838 724 prorsus
860 647 983 723 specto:
1007 657 1070 702 non
1093 636 1168 722 quin
1190 634 1268 700 illud
1289 634 1412 713 malim;
1434 633 1495 700 sed
1516 642 1563 698 et
1581 653 1713 715 magna
1786 634 1788 685 ἱ

338 759 389 804 res
412 745 459 802 est
480 745 511 800 et
525 733 649 800 difficile
665 741 822 797 certamen
837 751 907 798 cum
923 730 1056 816 cupido,
1078 751 1149 795 cum
1165 729 1334 816 locuplete,
1357 749 1430 796 eum
1444 727 1596 793 herede
1610 749 1621 806 ;
1650 726 1712 790 etsi
1786 722 1788 739 ¹

337 833 377 897 de
391 829 560 916 cupiditate
575 827 693 893 nemini
709 824 896 891 concedam:
920 824 1033 889 ceteris
1046 821 1142 889 rebus
1156 821 1326 887 inferiores
1341 843 1459 888 sumus.
1510 821 1599 887 Sed
1626 821 1714 885 haec

314 944 454 990 scoram.
497 927 527 987 3.
550 921 643 988 Hirtii
666 918 797 992 librum,
819 928 855 984 ut
875 917 968 993 facis,
990 917 1126 1000 divulga.
1169 921 1216 981 Ile
1238 915 1422 990 Philotimo,
1445 915 1547 980 idem
1579 923 1620 979 et
1644 935 1711 998 ego

336 1017 522 1084 arbitrabar.
578 1021 713 1081 Domum
736 1022 821 1078 tuam
837 1012 943 1098 pluris
965 1011 1060 1078 video
1083 1009 1220 1076 laturam
1242 1010 1347 1076 vicino
1369 1013 1519 1075 Caesare.
1581 1007 1713 1073 Tabel-

336 1113 449 1179 larium
463 1131 569 1176 meum
588 1107 680 1174 hodie
696 1115 924 1193 exspectamus.
961 1110 1023 1171 Nos
1043 1105 1082 1170 de
1100 1105 1177 1171 Pilia
1191 1115 1222 1170 et
1235 1105 1335 1170 Attica
1355 1103 1511 1169 certiores
1531 1101 1663 1167 faciet.

763 1230 904 1292 scrin.
948 1225 1003 1310 (A.
1030 1230 1062 1292 n.
1085 1230 1118 1292 e.
1139 1227 1237 1308 roe.)

819 1341 963 1407 cronno
985 1340 1130 1405 arntco
1154 1343 1185 1404 s.

303 1481 327 1516 u·
420 1457 513 1524 Domi
535 1466 566 1521 te
586 1454 721 1521 libenter
744 1473 813 1517 esse
835 1449 926 1516 facile
949 1451 1055 1516 credo.
1100 1450 1163 1517 Sed
1185 1451 1279 1516 velim
1306 1450 1405 1526 seire,
1438 1449 1519 1538 quid
1551 1449 1625 1514 tibi
1650 1470 1706 1513 re

336 1564 396 1622 stet
416 1562 469 1618 aut
491 1552 592 1615 iamne
613 1545 797 1612 confeceris.
840 1550 907 1630 Ego
929 1557 960 1611 te
982 1545 1015 1610 iu
1037 1546 1214 1611 Tusculano
1237 1554 1402 1631 exspecto,
1431 1566 1545 1631 eoque
1574 1544 1702 1628 magis,

337 1646 421 1735 quod
450 1644 557 1710 Tironi
587 1642 689 1708 statim
720 1650 750 1705 te
788 1650 955 1704 uenturum
985 1638 1136 1725 scripsisti
1170 1652 1201 1704 et
1226 1638 1371 1704 addidisti
1402 1649 1432 1705 te
1453 1649 1585 1725 putare
1612 1658 1703 1723 opus

337 1762 416 1808 esse.
461 1735 638 1804 Sentieham
660 1736 809 1810 omnino,
833 1743 983 1820 quantum
1005 1733 1083 1799 mihi
1105 1753 1256 1818 praesens
1277 1731 1462 1818 prodesses;
1490 1731 1559 1798 sed
1586 1731 1700 1796 multo

337 1833 436 1920 magis
458 1840 529 1920 post
550 1830 721 1896 discessum
743 1839 831 1893 tuum
854 1827 966 1892 sentio.
1016 1825 1252 1906 Quamobrem,
1275 1836 1310 1894 ut
1331 1836 1401 1893 ante
1422 1825 1463 1894 ad
1484 1835 1517 1892 te
1545 1824 1697 1912 scripsi,

306 1939 392 1996 ttaut
412 1948 472 2014 ego
494 1926 534 1992 ad
555 1934 586 1990 te
608 1933 692 1990 totus
713 1930 767 1988 aut
786 1933 821 1987 tu
843 1921 882 1987 ad
904 1943 972 1995 me,
995 1942 1066 1987 cum
1088 1920 1203 1986 licebit.

779 2046 890 2108 nura.
932 2045 992 2123 (n.
1019 2047 1052 2109 u.
1075 2046 1106 2108 c.
1129 2043 1222 2129 roe.)

821 2158 963 2224 menno
986 2159 1130 2224 ,tanco
1153 2162 1185 2224 s.

426 2281 455 2340 1.
477 2273 571 2347 Heri,
606 2291 670 2336 nou
692 2267 790 2334 multo
812 2277 899 2354 post,
933 2290 1027 2355 quam
1049 2282 1082 2335 tu
1105 2291 1122 2334 a
1144 2291 1196 2335 me
1222 2270 1407 2345 discessisti,
1436 2271 1575 2357 †put0,
1616 2269 1690 2355 qui-

341 2369 414 2434 dam
435 2365 564 2440 urbani,
600 2373 637 2429 ut
658 2360 861 2434 videbantur,
896 2361 936 2426 ad
964 2384 1015 2428 me
1037 2364 1182 2430 mandata
1203 2375 1234 2430 et
1262 2365 1380 2431 litteras
1402 2365 1585 2430 attulerunt
1610 2384 1631 2427 a
1655 2365 1688 2428 C.

302 2463 441 2529 sollario
465 2465 497 2526 C.
519 2464 552 2524 F.
575 2462 608 2523 C.
630 2462 667 2522 N.
690 2455 794 2521 multis
816 2454 938 2522 verbis:
962 2477 1083 2542 „agere
1106 2481 1228 2524 mecum
1249 2480 1308 2545 per
1329 2463 1573 2546 cognationem,
1601 2477 1687 2544 quae

341 2555 419 2622 milri
448 2573 554 2620 secum
582 2558 681 2625 esset,
714 2570 773 2636 per
794 2570 865 2614 eum
888 2554 1036 2624 Marium,
1071 2575 1164 2639 quem
1193 2553 1401 2640 scripsissem,
1438 2574 1497 2638 per
1518 2553 1688 2638 eloquen-

341 2650 417 2714 tiam
439 2652 473 2713 L.
497 2645 615 2715 Crassi,
638 2644 689 2709 avi
711 2644 778 2719 sui,
801 2653 834 2708 ut
856 2664 890 2709 se
912 2644 1157 2727 defenderem”;
1180 2670 1369 2735 causamque
1390 2669 1479 2713 suam
1500 2647 1588 2713 mihi
1611 2666 1685 2732 per·

342 2742 476 2829 scripsit.
519 2739 830 2824 Rescrip‘s'ipatrono
853 2737 899 2804 illi
921 2738 997 2803 nihil
1019 2761 1099 2826 opus
1122 2763 1209 2815 esse,
1239 2742 1386 2828 quoniam
1410 2741 1574 2817 Caesaris,
1607 2758 1685 2824 pro-

215 2847 226 2889 t
342 2837 452 2926 pinqui
475 2835 559 2909 eius,
592 2837 694 2899 omnis
715 2841 853 2918 potestas
875 2843 975 2907 esset,
1011 2835 1072 2900 viri
1095 2837 1206 2923 optimi
1228 2844 1259 2901 et
1280 2837 1416 2903 hominis
1438 2833 1682 2908 liberalissimi;

204 2896 216 2978 i
305 2927 519 2997 aame’lamen
542 2927 571 2992 ei
594 2927 763 2992 fauturum.
808 2911 1142 3013 otemporatlore,
1174 2952 1245 2996 eum
1267 2929 1387 2996 dubitet
1409 2931 1536 2996 Curtius
1560 2949 1682 2995 consu·

344 3026 440 3091 latum
461 3025 587 3109 peteret
622 3020 683 3085 Sed
705 3018 781 3084 haec
802 3019 962 3086 hactenus.
1006 3028 1036 3089 2.
1059 3029 1105 3090 De
1132 3025 1264 3099 Tirone,
1293 3024 1370 3090 milri
1391 3045 1486 3090 curae
1509 3034 1568 3090 est.
1617 3017 1680 3087 Sed

343 3119 406 3186 iam
428 3117 540 3192 sciam,
577 3115 652 3202 quid
674 3123 754 3198 agat.
811 3113 889 3178 Heri
911 3116 994 3180 enim
1017 3119 1104 3193 misi,
1140 3119 1195 3206 qui
1215 3118 1353 3198 uideret;
1390 3122 1441 3184 cui
1462 3117 1559 3183 etiem
1583 3115 1628 3182 ad
1649 3123 1679 3177 te

346 3213 463 3279 litteras
492 3210 574 3276 dedi.
631 3207 803 3296 Epistolam
825 3207 865 3272 ad
892 3209 1076 3278 Ciceronem
1098 3211 1156 3278 tibi
1177 3213 1259 3280 misi.
1302 3212 1394 3278 Horti
1416 3233 1511 3299 quam
1532 3211 1569 3278 in
1593 3209 1676 3276 diem

346 3303 515 3393 proscripti
537 3308 612 3378 sint,
635 3301 729 3367 velim
751 3300 790 3365 ad
811 3321 862 3365 me
884 3302 1012 3371 scribas.

312 3463 339 3504 Μ
825 3424 1195 3510 nmuwm

830 3539 973 3603 cronno
995 3544 1139 3606 ‚tanco
1162 3545 1193 3607 s.

432 3656 471 3718 Ut
502 3672 552 3717 me
577 3650 698 3714 levarat
723 3659 795 3713 tuus
824 3647 992 3724 adventus,
1029 3651 1075 3716 sie
1107 3652 1262 3719 discessus
1295 3651 1414 3718 afflixit.
1473 3653 1582 3730 Quare
1604 3669 1672 3716 eum
1789 3637 1790 3642 ἵ

348 3745 484 3834 poteris,
519 3743 636 3819 idest,
673 3763 745 3808 eum
767 3742 855 3807 Sexti
877 3743 1013 3810 auctioni
1035 3767 1165 3833 operam
1188 3746 1328 3821 dederis,
1363 3747 1482 3812 revises
1504 3768 1573 3812 nos.
1618 3741 1674 3810 Vel

349 3861 431 3906 unus
452 3838 518 3904 dies
540 3836 617 3902 mihi
640 3837 700 3901 erit
721 3834 822 3912 utilis;
859 3836 934 3921 quid
957 3836 1076 3914 dicam,
1099 3848 1226 3925 gratus‘t
1270 3845 1340 3927 lpse
1360 3846 1492 3906 Romam
1513 3845 1670 3908 ventrem.

314 3958 341 4001 aa
349 3943 384 4000 ut
404 3955 468 3999 una
489 3951 644 4006 essemus,
667 3929 695 3996 si
717 3929 792 3995 satis
814 3928 977 3994 consilium
1000 3931 1133 4017 quadam
1157 3933 1196 4000 de
1217 3956 1254 4000 re
1275 3933 1435 4000 haberem.

1785 4058 1786 4082 l

420 4098 446 4148 1.
474 4096 571 4147 eadm
597 4108 626 4144 re
650 4097 754 4144 lacerto
779 4091 845 4147 Cod,
877 4092 904 4142 in
931 4107 986 4156 mg.
1015 4096 1119 4160 Repett.
1147 4098 1242 4148 lamb.
1262 4103 1289 4148 et
1307 4098 1368 4149 sort.
1388 4099 1431 4159 Μ;
1457 4101 1553 4150 audere
1572 4101 1670 4148 incerto
1786 4096 1787 4120 ³

349 4169 410 4225 RE,
442 4168 552 4218 audirer
578 4167 681 4216 tuceta
701 4165 729 4224 l,
761 4165 858 4212 audere
883 4165 984 4214 turmo
1011 4168 1144 4223 (nornine)
1170 4169 1293 4220 Manutto
1319 4175 1428 4219 auctore
1453 4169 1620 4220 Schuetztns.
1641 4187 1670 4201 -
1786 4161 1787 4165 ’

348 4238 401 4289 Sed
417 4261 428 4272 ·
445 4261 455 4272 ·
474 4238 534 4288 ert?
564 4241 588 4288 et
615 4236 709 4299 patrata·
735 4247 790 4282 rem
816 4233 967 4282 aestimas?
997 4237 1036 4284 llo
1066 4237 1149 4288 llltl:
1175 4238 1226 4289 Sed
1245 4263 1256 4274 ·
1273 4263 1284 4274 ·
1301 4243 1353 4299 est,
1381 4247 1405 4290 at
1432 4241 1496 4302 puto
1521 4241 1593 4289 tonte·
1620 4246 1669 4286 reto

348 4311 494 4371 mettmm,
514 4320 544 4358 eo
564 4319 626 4356 eum
645 4305 767 4357 Munatio
786 4303 817 4354 ll.
839 4327 867 4337 -
905 4305 932 4354 2.
952 4310 1055 4368 eepeeto
1076 4309 1098 4357 l.
1127 4335 1150 4344 —
1187 4309 1523 4374 5.19ttortttrttt1t.-
1560 4307 1669 4368 deuotus

347 4380 384 4432 Μ.
419 4405 449 4416 -
485 4379 512 4428 6.
532 4375 688 4428 orbdrolor
706 4375 743 4426 Μ.
771 4397 801 4410 ··
839 4375 865 4423 7.
886 4377 1029 4435 expectaui.
1049 4379 1072 4427 ts
1090 4391 1139 4428 nos
1157 4379 1188 4429 ll.
1208 4405 1242 4414 -
1279 4381 1321 4431 ll.
1342 4379 1440 4440 iamne]
1458 4381 1513 4429 tom
1531 4381 1570 4430 tre
1588 4379 1619 4428 lt.
1641 4399 1666 4412 -

348 4451 392 4500 15.
413 4461 473 4499 eum
492 4444 594 4512 (quom)
615 4445 752 4496 Orelltus=
784 4444 968 4506 paodllltlE.
1000 4471 1030 4482 -
1067 4449 1109 4498 18.
1135 4455 1204 4510 pato
1228 4449 1328 4500 delerit
1347 4449 1517 4500 Schuetztus.
1554 4451 1624 4500 l'ort.
1643 4445 1667 4492 itt

348 4521 401 4570 troc
427 4533 452 4570 r.
473 4518 540 4568 latet
564 4517 617 4569 loct
638 4529 749 4565 nomon.
770 4513 821 4565 On.
853 4537 883 4549 -
920 4517 962 4564 2ο.
982 4517 1010 4566 C·
1030 4517 1165 4568 MortoC.
1184 4519 1215 4568 F·
1236 4519 1264 4569 C.
1283 4521 1315 4572 Ν.
1335 4521 1424 4569 moltts
1446 4519 1546 4570 verbm
1580 4527 1667 4581 capua

348 4589 486 4640 Orellius:
522 4591 549 4641 C.
573 4587 664 4638 Marto
693 4585 720 4634 C.
746 4583 777 4633 F.
805 4585 833 4634 C.
861 4585 893 4634 Ν.
921 4586 1013 4634 Multis
1039 4589 1124 4638 verbis
1143 4601 1221 4652 opere
1241 4589 1301 4649 llll,
1332 4591 1359 4640 C.
1378 4590 1468 4639 Morte
1493 4589 1539 4639 Cn.
1560 4585 1665 4654 Corfinio

346 4661 438 4710 media
455 4657 541 4709 emota
560 4669 640 4720 opere
660 4656 682 4703 l.
702 4679 733 4690 -
770 4655 813 4702 21.
833 4652 908 4718 mitt]
927 4657 997 4705 mtro
1015 4657 1046 4706 lt.
1069 4684 1097 4694 -
1135 4661 1179 4709 23.
1198 4661 1328 4723 lteacrtpst
1349 4675 1403 4711 om.
1423 4660 1461 4711 Μ.
1499 4659 1596 4717 tllabet
1617 4667 1665 4714 mg·

347 4727 398 4792 ttt.)
430 4755 463 4764 —
500 4729 543 4778 25.
572 4729 710 4792 [aetorum
733 4738 775 4788 pr.
804 4723 841 4774 Μ.
875 4747 904 4758 -
943 4726 980 4775 ot
1005 4732 1123 4790 tempora
1146 4729 1184 4779 Μ.
1222 4729 1332 4787 (ovetus
1351 4732 1462 4781 littera:
1495 4730 1665 4792 Otemporo.

348 4814 365 4849 ο
382 4799 485 4850 morer!
510 4813 595 4848 eam.»
622 4791 710 4856 Pius.)
743 4819 771 4831 ·-
809 4792 854 4843 28.
874 4795 1021 4856 Epistolam
1040 4799 1075 4847 od
1094 4799 1242 4849 Ciceronem
1263 4801 1394 4859 (Athenas
1413 4797 1584 4861 mittendam)
1603 4795 1664 4848 lllllt

346 4869 497 4933 Epistolam
515 4870 551 4918 od
570 4870 712 4919 Comatam
731 4865 775 4914 m.
808 4887 836 4898 -
875 4864 918 4913 32.
937 4863 1006 4929 eam]
1025 4869 1086 4916 dam
1106 4870 1165 4920 llll.
1196 4895 1224 4905 -
1264 4871 1306 4922 33.
1327 4873 1405 4924 Sesttl
1423 4871 1456 4922 ll.
1490 4898 1517 4907 -
1556 4871 1600 4921 33.
1617 4874 1666 4916 noo

349 4939 372 4989 1.
406 4961 432 4974 -
469 4940 558 4989 alicam
575 4939 683 5004 pretias
701 4936 712 4985 l
731 4940 759 4986 et
777 4947 816 4997 pr.
834 4933 875 4994 M,
906 4936 1268 5001 accommodaremus
1301 4967 1329 4979 -
1367 4943 1411 4994 35.
1435 4941 1539 4992 comilis·
1556 4935 1665 4992 Corradt

347 5014 459 5058 auctore
478 5008 629 5057 Lambtuus
672 5003 728 5054 Ctr.
748 5005 856 5066 lladrtg
874 5004 907 5053 td
926 5007 1005 5056 Finn.
1026 5022 1051 5070 p.
1071 5008 1131 5058 283.
