3668 5886
266 391 308 450 70
696 389 971 454 aelsrouanctt
992 389 1044 452 au
1066 390 1156 451 ΒΑΜ.

267 559 302 612 nt
323 545 530 633 reipublicae
552 545 705 621 donares,
727 555 758 611 te
780 546 896 623 vicisti;
917 546 1035 610 alienas
1056 557 1091 610 nt
1115 555 1225 610 centn
1244 567 1312 611 rem
1334 545 1491 632 publicam
1510 563 1585 610 con-

267 643 392 715 lirmes,
414 641 601 706 adduceris?
638 641 761 718 Quodsi
793 640 869 706 mihi
901 651 954 706 tua
977 640 1140 706 clementia
1161 661 1255 726 opem
1279 641 1407 712 tuleris,
1439 639 1588 704 omnibus

267 738 300 802 iu
321 735 417 802 rebus
437 757 488 800 me
518 735 588 800 lore
615 736 648 800 in
676 745 728 800 tna
749 743 902 821 potestate
927 733 983 800 ubi
1005 733 1173 812 conlirmc;
1196 735 1244 800 sin
1262 735 1339 799 mihi
1362 755 1464 820 neque
1489 733 1589 818 magi-

267 841 398 896 stratum
419 851 522 916 neque
546 839 688 895 senatum
707 851 810 916 neque
829 830 980 915 populum
1001 829 1147 894 auxiliari
1164 840 1294 915 propter
1315 850 1385 892 eam
1406 828 1485 901 vim,
1507 850 1588 915 quac

244 947 319 992 smc
342 946 413 989 cunr
436 945 472 988 re
494 923 619 1010 publica
641 925 731 998 vicit,
764 923 903 996 licuerit,
933 923 1024 997 ride,
1056 945 1115 998 ne,
1143 945 1215 990 eam
1237 923 1314 988 velis
1336 943 1488 987 revooere
1509 933 1587 988 tem-

268 1041 327 1106 pus
348 1018 489 1084 omnium
509 1018 789 1090 resemaudcrum,
811 1039 898 1090 cum,
919 1017 974 1104 qui
995 1027 1157 1092 servetur,
1179 1039 1242 1082 ncn
1262 1017 1339 1090 erit,
1368 1038 1431 1082 non
1454 1016 1566 1102 possis.

757 1181 786 1240 r.
831 1178 880 1260 (A.
906 1179 938 1240 e.
961 1180 993 1241 e.
1016 1175 1100 1259 coa.)

532 1306 573 1366 n.
596 1303 739 1366 crunno
763 1304 794 1363 s
817 1304 853 1363 u.
875 1303 909 1364 n
930 1302 1106 1364 arnono
1129 1305 1169 1364 n.
1191 1305 1224 1366 r.
1247 1303 1326 1365 nm

357 1429 386 1487 l.
417 1424 482 1488 Etsi
509 1433 677 1486 statueram
705 1420 805 1485 nullas
837 1419 876 1484 ad
909 1430 940 1484 te
968 1419 1087 1485 litteras
1116 1422 1240 1486 mittere
1270 1422 1330 1487 nisi
1366 1421 1585 1488 commendati·

235 1519 333 1590 meins
353 1556 396 1565 —
417 1538 480 1583 non
502 1539 566 1604 quo
592 1539 645 1580 eas
672 1515 878 1600 intelligerem
905 1520 979 1580 satis
1000 1515 1083 1602 apud
1106 1525 1136 1580 te
1154 1517 1273 1591 valere,
1309 1517 1365 1583 sed
1382 1538 1423 1582 ne
1441 1517 1498 1590 iis,
1534 1515 1589 1602 qui

270 1635 320 1677 me
342 1622 503 1697 rogarent,
536 1610 653 1697 aliquid
682 1609 722 1676 de
755 1619 862 1674 nostra
889 1609 1108 1675 coniunctione
1133 1611 1331 1677 imminutum
1353 1633 1422 1677 esse
1445 1610 1589 1676 ostende·

149 1687 172 1800 J
270 1727 337 1771 rem
359 1739 417 1777 -‚
440 1715 559 1778 tamen,
592 1727 664 1770 cum
686 1710 721 1769 T.
742 1703 948 1789 Pomponius,
971 1703 1066 1768 homo
1089 1705 1230 1769 omnium
1254 1728 1397 1772 meorum
1418 1706 1500 1770 inte
1525 1717 1591 1770 stu-

270 1801 394 1866 diorum
419 1809 451 1862 et
472 1797 649 1864 cllicicrnm
673 1801 808 1863 maxime
835 1797 995 1870 conscius,
1033 1798 1079 1862 tui
1106 1797 1256 1885 cupidus,
1289 1801 1389 1866 nostri
1417 1799 1591 1866 amantissi-

270 1915 355 1969 mus,
378 1892 418 1957 ad
439 1903 469 1958 te
493 1892 762 1978 proficisceretur,
796 1891 915 1977 aliquid
934 1890 1011 1955 milri
1034 1891 1234 1958 scribendum
1256 1897 1383 1980 putavi,
1405 1894 1590 1982 praesertim

236 2011 341 2058 iseum
369 1989 460 2054 aliter
485 1989 544 2073 ipsi
577 1987 752 2073 Pomponio
779 1985 957 2050 satisfacere
984 2007 1047 2051 non
1079 2006 1215 2072 possem.
1269 1993 1300 2053 2
1321 1993 1389 2074 Ego
1420 1990 1446 2054 si
1475 1987 1531 2054 abs
1560 1999 1591 2052 te

271 2105 391 2148 summa
409 2082 509 2145 officia
530 2080 722 2152 desiderem,
744 2080 860 2144 mirum
887 2080 1005 2144 nemini
1028 2080 1131 2144 rideri
1150 2080 1272 2146 debeat.
1329 2085 1442 2148 Omnia
1467 2083 1549 2148 eninr
1572 2105 1591 2148 a

272 2179 371 2241 mein
399 2189 429 2241 te
456 2174 595 2261 prolecta
615 2185 701 2246 sunt,
724 2195 804 2260 quae
826 2173 865 2237 ad
885 2184 972 2238 tuum
1000 2175 1216 2250 commodum,
1245 2199 1326 2262 quae
1351 2176 1390 2241 ad
1420 2178 1590 2251 honorem,

272 2291 353 2358 qnae
378 2270 417 2332 ad
438 2269 620 2353 dignitatem
646 2269 849 2353 pertinerent.
897 2272 960 2331 Pro
982 2267 1029 2332 lris
1051 2267 1146 2334 rebus
1170 2270 1286 2335 nullam
1308 2271 1385 2336 milri
1406 2270 1511 2336 abste
1540 2293 1591 2336 re-

272 2366 365 2430 latam
384 2385 453 2426 esse
471 2364 618 2446 gratiam,
657 2373 691 2426 tu
712 2383 746 2425 es
767 2362 903 2447 optimus
924 2361 1030 2438 testis;
1060 2373 1169 2428 contra
1191 2364 1284 2429 etiam
1306 2386 1375 2430 esse
1395 2365 1512 2452 aliquid
1535 2364 1592 2430 ahs

236 2471 303 2524 eote
323 2457 497 2543 prolectum
516 2477 556 2520 ex
572 2455 678 2520 multis
697 2455 811 2520 audiri.
853 2460 930 2519 llam
945 2457 1187 2540 „comperisse”
1207 2478 1259 2522 me
1277 2479 1340 2524 non
1355 2459 1458 2524 audeo
1476 2459 1591 2533 dicere,

273 2575 312 2618 ne
334 2552 416 2615 lorte
434 2550 465 2614 id
486 2550 589 2635 ipsum
610 2548 742 2614 verbum
759 2571 890 2634 ponam,
913 2549 999 2635 quod
1018 2548 1074 2614 abs
1095 2559 1125 2614 te
1146 2551 1233 2615 aiunt
1251 2551 1331 2618 lalso
1360 2554 1393 2619 iu
1423 2574 1474 2618 me
1488 2554 1592 2618 solere

272 2645 419 2713 coulerri.
477 2642 537 2709 Sed
562 2665 616 2718 ea,
645 2665 726 2731 quae
746 2643 785 2708 ad
805 2663 855 2708 me
876 2642 977 2708 delata
1001 2655 1088 2718 sunt,
1111 2645 1193 2708 mdo
1210 2653 1241 2708 te
1266 2667 1307 2710 ex
1328 2647 1518 2732 Pomponio,
1541 2648 1592 2712 cui

273 2763 336 2805 non
357 2739 461 2804 minus
481 2739 614 2803 molesta
639 2738 783 2813 luerunt,
816 2758 911 2823 quam
937 2759 977 2801 ex
1011 2738 1090 2802 meis
1114 2738 1227 2803 litteris
1249 2760 1451 2824 cognoscere.
1504 2747 1593 2808 lleus

273 2837 357 2900 inte
381 2833 503 2898 animus
526 2853 620 2918 quam
638 2833 788 2917 singulari
806 2832 910 2896 officio
930 2821 1098 2910 luerit‚(et
1117 2843 1242 2898 senatus
1266 2845 1297 2898 et
1321 2836 1457 2921 populus
1480 2841 1594 2902 Roma·

75 2947 170 3008 ,ff
235 2951 331 2994 sanus
353 2927 440 3008 testis
461 2909 536 3020 esu)
555 2937 589 2989 tu
616 2947 710 3012 quam
735 2935 842 3011 gratus
864 2945 940 3009 erga
959 2925 1146 2998 metueris,
1183 2927 1251 3013 ipse
1277 2929 1460 2994 existimare
1483 2941 1592 3018 potes;

271 3033 421 3110 quantum
445 3021 523 3086 mihi
543 3019 674 3092 debeas,
706 3022 804 3086 ceteri
826 3019 1013 3085 existimant.
1066 3025 1096 3084 3.
1118 3025 1186 3106 Ego
1204 3044 1285 3108 quae
1309 3033 1362 3088 tua
1386 3045 1479 3090 causa
1504 3036 1593 3089 antea

269 3118 345 3192 leci,
382 3115 541 3180 voluntate
570 3137 640 3180 sum
666 3115 818 3181 adductus
838 3125 1010 3201 posteaque
1030 3117 1212 3182 constantia.
1256 3118 1318 3182 Sed
1349 3118 1487 3206 reliqna,
1516 3119 1593 3183 milri

270 3213 379 3286 crede,
402 3210 501 3275 multo
525 3211 629 3276 maius
657 3231 762 3276 meum
787 3209 924 3275 studium
948 3210 1164 3296 maioremque
1192 3213 1376 3296 gravitatem
1399 3225 1432 3280 et
1451 3212 1594 3279 laborem

271 3306 460 3372 desiderant.
514 3309 603 3382 Quae
625 3325 685 3389 ego
710 3306 737 3370 si
757 3326 819 3369 non
845 3301 1038 3389 profundere
1058 3325 1095 3367 ac
1117 3305 1251 3390 perdere
1274 3305 1426 3384 videbor,
1449 3306 1595 3373 omuibus

235 3400 350 3464 romeis
382 3397 502 3462 viribus
533 3397 714 3477 sustinebo;
750 3399 799 3463 sin
827 3407 933 3466 autem
954 3399 1075 3484 ingrata
1098 3419 1167 3462 esse
1194 3400 1341 3475 sentiam,
1364 3423 1427 3466 non
1452 3401 1596 3467 commit·

271 3507 352 3566 tam,
388 3503 423 3557 ut
443 3491 499 3559 tibi
521 3493 589 3578 ipse
608 3492 746 3558 insanire
762 3491 882 3558 videar.
938 3495 984 3558 Fa
1005 3513 1086 3579 quae
1108 3493 1169 3558 siut
1191 3503 1224 3558 et
1251 3495 1444 3570 cuiusmodi,
1475 3495 1595 3582 poteris

272 3610 313 3652 ex
330 3587 506 3671 Pomponio
526 3606 728 3670 cognoscere.
770 3591 871 3672 Atque
889 3587 991 3672 ipsum
1016 3585 1072 3652 tibi
1092 3589 1298 3674 Pomponium
1325 3589 1369 3655 ita
1391 3591 1594 3660 commendo.

273 3688 324 3754 ut,
346 3700 536 3766 quamquam
553 3680 651 3766 ipsius
669 3699 762 3745 causa
780 3679 904 3744 conlido
928 3692 960 3744 te
980 3680 1134 3745 iacturum
1156 3703 1225 3746 esse
1252 3684 1374 3759 omnia,
1409 3695 1512 3749 tamen
1539 3684 1595 3749 abs

273 3783 303 3838 te
327 3771 387 3836 lace
407 3783 527 3857 petam,
562 3782 610 3847 ut,
644 3773 672 3837 si
698 3772 774 3860 quid
795 3772 828 3834 in
849 3783 879 3838 te
903 3772 1023 3838 residet
1043 3775 1160 3839 amoris
1191 3797 1265 3861 erga
1290 3798 1358 3852 me,
1392 3776 1424 3843 id
1443 3799 1538 3842 omne
1563 3777 1596 3841 in

236 3866 437 3952 aaPcmpcnii
458 3867 585 3951 negotio
606 3867 763 3932 ostendas.
804 3869 873 3931 Hoc
893 3866 971 3932 mihi
990 3865 1067 3932 nihil
1085 3869 1320 3953 gratiuslacere
1337 3881 1438 3958 potes.

755 4025 1115 4110 cucuma

539 4145 580 4208 u.
603 4141 746 4207 crunno
768 4143 800 4206 s,
821 4143 859 4206 u.
880 4143 914 4204 n
936 4141 1075 4204 sesne
1097 4144 1132 4204 a.
1153 4145 1186 4205 r.
1208 4144 1321 4208 enoc.

361 4269 390 4328 1.
420 4267 497 4329 Cum
519 4261 559 4326 ad
587 4283 639 4327 me
666 4263 798 4336 Decius,
826 4260 956 4350 libertus
974 4271 1066 4333 tuus,
1100 4261 1237 4327 venisset
1257 4263 1435 4353 egissetque
1457 4287 1596 4343 mecum,

274 4367 309 4423 ut
328 4379 457 4444 operam
479 4357 607 4433 darem,
644 4379 683 4421 ne
705 4355 762 4422 tibi
782 4356 842 4421 lroc
867 4364 1009 4441 tempore
1033 4355 1269 4431 succederetur,
1299 4379 1488 4446 quamquam
1508 4361 1596 4427 illum

236 4452 432 4517 tohcnrinem
449 4451 532 4536 lrugi
553 4462 585 4516 et
604 4449 661 4516 tibi
682 4451 817 4516 amicum
837 4449 1072 4524 existimabam,
1094 4459 1215 4525 tamen,
1238 4452 1322 4538 quod
1337 4453 1489 4518 memoria
1511 4464 1599 4519 tene·

274 4543 362 4621 bam,
384 4546 560 4612 erriusmodi
581 4547 620 4611 ad
648 4567 698 4610 me
719 4545 838 4610 litteras
854 4555 944 4610 antea
966 4543 1121 4618 misisses,
1158 4567 1221 4610 uon
1243 4547 1318 4612 satis
1336 4546 1456 4612 credidi
1479 4545 1598 4613 homini

344 4767 370 4816 3.
390 4764 441 4828 sta]
461 4769 484 4814 st
502 4766 540 4814 ll.
573 4789 604 4801 -
640 4765 813 4828 magistratus
840 4778 856 4815 e
883 4765 962 4814 codd.
993 4765 1244 4829 flengni-Lagona.
1278 4789 1307 4800 -
1345 4767 1389 4816 tc.
1415 4767 1484 4816 mim
1503 4801 1511 4816 .
1531 4801 1540 4816 .
1558 4781 1599 4818 nte

277 4835 374 4884 {littera
398 4837 488 4894 erasa)
515 4835 552 4884 ll.
583 4860 612 4871 -
652 4833 696 4884 ts.
723 4835 763 4883 hir
781 4835 826 4884 ll:
844 4836 878 4883 lta
896 4835 928 4884 Β.
961 4860 990 4871 -
1028 4837 1073 4886 21.
1101 4833 1180 4900 [eho]
1199 4837 1266 4886 rahe
1284 4837 1535 4900 marisci-tagum.
1565 4859 1600 4872 -

275 4905 536 4956 acaunum&
568 4929 599 4940 ·-
635 4903 963 4964 ffimmlmcettmld.
984 4931 1011 4940 -
1050 4907 1297 4956 secesseram.
1331 4933 1362 4941 -
1397 4907 1442 4954 31.
1460 4905 1513 4966 tprt
1530 4905 1597 4956 cod.

276 4975 432 5024 tteealratus
450 4975 521 5037 apud
541 4974 732 5024 Bentirclium.
765 4999 796 5010 -
832 4975 876 5024 37.
896 4975 980 5024 Sauo
999 4975 1042 5024 M:
1070 4977 1159 5027 Sestio
1179 4977 1209 5026 li.
1231 5001 1262 5012 -
1298 4976 1343 5030 38.
1362 4977 1470 5027 libertus
1488 4983 1548 5026 tuus
1566 4991 1598 5028 ex

274 5046 385 5106 antiqua
404 5045 558 5094 coniectura
581 5043 837 5108 arsami-tagum:
858 5045 982 5093 utrarios
1001 5045 1060 5094 titt.
