3680 5944
734 501 808 564 Llli.
831 503 913 567 viii.
954 503 1014 566 ΕΡ.
1035 505 1066 566 d.
1485 507 1547 572 539

228 654 390 722 Afranium
412 675 484 722 cum
504 656 625 742 magnis
646 657 745 744 copiis
766 657 946 725 adventare.
987 658 1022 726 id
1044 659 1070 726 si
1093 669 1158 736 est,
1178 661 1211 726 in
1233 661 1318 727 italia
1337 661 1468 728 iortnssc
1482 684 1547 728 ma·

228 749 364 816 nehitur.
420 752 488 832 Ego
510 759 633 825 antem,
666 772 738 818 cum
764 761 846 820 esset
871 752 1026 820 incertum
1056 753 1118 820 iter
1148 757 1303 830 Caesaris,
1329 756 1414 841 quod
1435 757 1486 823 vel
1508 755 1548 822 ad

229 847 365 931 Capuam
387 841 437 908 vel
463 842 504 908 ad
525 844 689 912 Luceriam
711 847 812 914 ituras
844 847 1028 933 putabatur,
1058 852 1187 934 Leptam
1209 848 1248 914 ad
1269 850 1454 936 Pompeium
1475 850 1547 916 misi

229 946 260 1002 et
287 936 422 1016 litteras;
451 937 531 1024 ipse,
565 959 604 1004 nc
633 960 697 1026 quo
725 940 914 1014 inciderem,
941 941 1059 1008 reverti
1085 941 1251 1032 Formias.¹
1291 945 1375 1008 Haeo
1406 953 1438 1010 te
1466 945 1547 1009 scire

228 1031 315 1097 volni
347 1031 520 1119 scripsique
549 1032 706 1099 sedatiore
732 1035 859 1110 animo,
889 1057 984 1123 qnam
1013 1035 1160 1122 proxime
1189 1035 1392 1122 scripseram,
1427 1035 1572 1105 nullum⁵

229 1145 334 1191 meum
354 1125 505 1194 iudicium
525 1125 728 1215 interponens
750 1126 805 1193 sed
828 1129 999 1217 exquirens
1020 1140 1120 1196 tuum.

704 1299 756 1362 ιν.
799 1295 848 1381 (ι.
874 1301 906 1364 u.
929 1302 961 1364 e.
982 1297 1067 1378 aas.)

703 1439 845 1505 cranao
866 1439 1009 1505 arnseo
1032 1440 1063 1505 a.

315 1567 532 1658 i.1)ionysins
555 1566 683 1656 quidem
705 1575 777 1634 tuus
798 1567 903 1654 potius
925 1591 1019 1656 quam
1040 1578 1164 1648 noster,
1186 1572 1275 1638 cuins
1298 1591 1357 1660 ego
1379 1593 1451 1638 cnm
1473 1572 1548 1640 satis

228 1683 414 1748 cognossem
444 1682 566 1736 mores,
590 1670 643 1729 tuo
673 1671 775 1728 tamen
795 1661 901 1747 potius
923 1662 1043 1729 stabam
1064 1663 1181 1732 indicio
1203 1688 1297 1755 qnam
1319 1687 1406 1744 meo,
1440 1689 1480 1734 ne
1502 1668 1548 1734 tui
1561 1679 1586 1715 ¹⁰

229 1755 355 1844 quidem
378 1754 562 1830 testimonii,
584 1755 671 1843 quod
692 1756 722 1822 ei
743 1775 838 1842 saepe
860 1755 941 1842 apud
963 1778 1015 1824 me
1044 1756 1196 1836 dederas,
1219 1765 1354 1838 veritus,
1377 1759 1548 1848 superbum

229 1870 264 1915 se
285 1847 430 1935 praebuit
451 1847 485 1913 in
506 1846 646 1926 fortuna,
672 1869 764 1936 quam
787 1849 906 1936 putavit
928 1859 1066 1918 nostram
1088 1852 1172 1930 iore;
1202 1854 1291 1921 cuius
1313 1854 1457 1922 iortnaae
1479 1876 1548 1930 nos,

228 1952 379 2030 qnantum
406 1942 542 2008 hnmano
570 1941 701 2008 consilio
723 1941 803 2008 effici
824 1942 953 2030 poterit,
995 1953 1116 2011 motum
1136 1945 1257 2013 ratione
1279 1947 1412 2036 quadam
1434 1947 1549 2035 gnber-

227 2036 381 2103 nubimus.
439 2036 496 2105 Cui
510 2035 577 2125 [qui
599 2045 707 2102 noster
728 2037 845 2113 honos,
876 2037 963 2125 quod
984 2036 1193 2126 obsequium,
1216 2058 1297 2219 qnae
1320 2040 1412 2136 etiarq
1435 2040 1475 2106 ad
1497 2061 1547 2106 ce-

228 2142 314 2199 teros
335 2137 502 2218 contempti
524 2128 685 2196 cuiusdam
712 2131 848 2198 hominis
857 2133 1100 2224 (commendatio
1123 2133 1223 2201 deluit
1283 2143 1320 2202 nt
1340 2157 1446 2201 meum
1466 2135 1586 2202 indi-¹⁵
1611 2111 1685 2196 aL

228 2225 312 2292 cium
340 2225 529 2314 reprehendi
558 2248 576 2291 a
603 2226 720 2304 Ouinio
748 2223 845 2292 iratae
873 2225 1032 2314 vulgoque
1060 2225 1099 2292 ab
1130 2219 1276 2295 omnibns
1306 2229 1432 2296 mallem
1454 2251 1549 2318 quam
1637 2253 1665 2319 J<

228 2319 314 2385 illum
336 2341 400 2386 non
422 2321 536 2388 clierre
554 2318 716 2394 laudibus,
740 2319 969 2407 Ciceronesque
991 2329 1117 2388 nostros
1138 2342 1210 2388 meo
1231 2322 1337 2410 potins
1350 2322 1459 2390 labore
1475 2321 1549 2391 sub-
1638 2319 1656 2334 ⁹¹

227 2411 336 2480 doceri
357 2436 450 2501 quarn
473 2437 522 2481 mc
543 2414 640 2480 alium
661 2413 700 2480 iis
720 2415 905 2502 magistrum
926 2436 1090 2502 quaerere.
1132 2415 1180 2482 hd
1203 2437 1298 2503 quem
1320 2438 1380 2504 ego
1403 2439 1481 2506 quas
1499 2417 1549 2483 lit-

227 2517 326 2584 teras,
348 2508 392 2575 dii
411 2509 616 2584 immortales,
640 2508 802 2574 miseraml
825 2518 974 2595 quantum
996 2508 1127 2575 honoris
1149 2507 1373 2595 significantes!
1397 2517 1548 2598 quantum

226 2603 359 2668 amorisi
387 2602 612 2669 Dicaearchum
640 2601 819 2669 mehercule
847 2613 901 2669 aut
921 2603 1144 2670 Aristoxenum
1173 2603 1294 2670 diceres
1315 2603 1449 2682 arcessi,
1483 2619 1587 2670 nonar

226 2697 386 2764 hominem
400 2697 539 2763 omnium
554 2695 810 2783 loquacissimum
827 2706 859 2762 et
871 2697 1000 2763 minime
1014 2708 1121 2785 aptum
1140 2696 1179 2762 ad
1194 2697 1379 2764 docendum.
1412 2701 1442 2763 2.
1464 2696 1549 2775 „Sed

226 2803 274 2859 est
295 2796 448 2858 memoria
469 2790 579 2878 bonai*
621 2797 670 2858 Me
693 2789 775 2856 dicet
796 2812 866 2856 esse
887 2790 1029 2856 meliore.
1074 2790 1197 2869 Quibus
1218 2791 1331 2858 litteris
1354 2797 1397 2858 ita
1416 2812 1548 2877 respon·

226 2885 287 2960 dii,
316 2894 350 2952 ut
378 2905 438 2971 ego
471 2883 609 2960 nemini,
645 2885 734 2950 cuius
763 2904 888 2950 causam
909 2906 971 2950 non
1000 2885 1187 2972 reciperem.
1218 2921 1259 2933 -
1301 2888 1433 2973 Semper
1464 2889 1548 2950 enim

228 2981 289 3057 „si
310 2990 469 3067 potero;
499 2980 530 3046 si
553 2989 640 3046 ante
669 2986 856 3064 suscepta
883 2999 1003 3044 cansa
1032 2998 1105 3044 non
1133 2978 1360 3065 impediar”
1381 3001 1437 3059 —;
1469 3000 1549 3043 nun·

227 3096 321 3162 qnam
343 3095 400 3140 reo
422 3073 578 3161 cuiquam,
616 3085 678 3138 tam
701 3072 823 3146 humili,
846 3080 909 3138 tam
931 3071 1077 3148 sordido,
1108 3081 1170 3136 tam
1192 3073 1337 3149 nocenti,
1358 3082 1422 3139 tam
1444 3071 1588 3138 alienon

226 3181 290 3236 tam
311 3167 451 3257 praecise
472 3167 584 3253 negavi
606 3189 698 3255 quam
721 3167 772 3232 hie
793 3166 879 3232 mihi.
929 3164 1024 3231 Plane
1046 3166 1113 3231 sine
1135 3165 1197 3231 nlla
1220 3166 1406 3254 exceptione
1428 3165 1550 3254 praeei-

227 3265 282 3330 dit.
324 3265 405 3331 Nihil
426 3262 560 3347 cognovi
581 3261 752 3348 ingratius3
774 3260 806 3326 in
828 3259 990 3348 quesitio
1012 3260 1088 3325 nihil
1110 3259 1183 3324 mali
1205 3281 1269 3325 non
1290 3261 1381 3327 inest.
1425 3259 1487 3326 Sed
1508 3258 1548 3326 de

226 3357 288 3424 hoc
317 3358 407 3423 nimis
438 3356 546 3423 multa.
600 3361 629 3422 3.
652 3360 719 3441 Ego
741 3376 851 3420 navem
873 3354 996 3441 paravi3
1021 3363 1089 3419 tuas
1109 3352 1228 3420 litteras
1249 3363 1355 3420 tamen
1378 3362 1546 3442 exspecto,

226 3463 262 3519 nt
282 3451 391 3526 sciam,
414 3449 489 3538 quid
512 3449 722 3537 respondeant
741 3447 961 3515 consultationi
979 3439 1079 3517 meae.
1123 3447 1273 3514 Sulmone
1300 3450 1333 3514 C.
1355 3449 1461 3515 Atium
1488 3452 1548 3514 Pe·

226 3545 346 3632 lignum
366 3546 527 3631 apernisse
549 3545 684 3611 Antonio
706 3553 828 3631 portas,
857 3564 928 3610 cum
953 3551 1056 3610 essent
1078 3541 1223 3608 cohortes
1245 3541 1402 3629 quinque,
1426 3545 1464 3622 Q.
1486 3545 1586 3606 Lu-so

226 3640 358 3706 cretium
386 3638 460 3704 inde
482 3639 629 3725 elinghsc
655 3639 732 3718 scis;
767 3637 940 3722 †Cnaeum
962 3637 1009 3702 ire
1030 3635 1232 3704 Brundisium
1253 3634 1423 3703 desertum.
1466 3639 1549 3703 Coa·

226 3732 306 3800 secta
326 3755 379 3799 res
401 3743 457 3800 esi.

296 3963 322 4012 3.
341 3963 442 4011 iturum
460 3962 493 4012 ii.
514 3984 545 3997 -
563 3961 591 4012 4.
611 3968 636 4012 et
654 3975 709 4012 orn.
728 3960 789 4011 hili.
803 3984 834 3997 -
853 3960 880 4010 ii.
898 3959 953 4026 sed]
969 3966 993 4011 et
1011 3959 1048 4012 Μ.
1064 3984 1095 3996 -
1121 3960 1164 4010 12.
1183 3955 1450 4024 [οι1ιιιιιιΠοι1ιιιιιιιιι
1468 3958 1545 4007 11.-

230 4031 274 4082 1³.
293 4039 393 4082 motum
410 4033 615 4082 ammiratione
635 4031 656 4082 l.
678 4055 707 4066 -
744 4031 787 4081 15.
807 4031 943 4080 cuiusdam
960 4031 1084 4080 Ernestio
1101 4034 1212 4079 auctore
1231 4029 1359 4092 expunxit
1376 4027 1544 4078 Schueixins.

230 4101 322 4151 hialim
342 4101 473 4166 quondam
491 4114 522 4151 ar
541 4103 634 4165 script.
654 4101 818 4165 quoiusdam.
838 4099 888 4151 On.
907 4123 939 4134 -·
958 4100 1002 4152 16.
1020 4101 1146 4165 uolqnque
1158 4098 1204 4160 Μ,
1223 4100 1301 4163 eulpa
1319 4098 1341 4149 i.
1362 4119 1394 4133 ·-
1412 4099 1456 4148 i'i.
1476 4097 1550 4164 effer·

226 4186 281 4221 rem
306 4171 378 4221 liiii.
417 4171 550 4235 (correrii
574 4171 737 4228 Manutius.)
765 4194 796 4207 -
831 4166 899 4232 mco]
928 4183 968 4221 ma
995 4184 1036 4234 pr.
1061 4171 1098 4221 Μ.
1126 4193 1160 4208 -
1196 4169 1239 4220 18.
1259 4169 1392 4219 aliumiis
1410 4180 1482 4218 cerr.
1500 4165 1546 4217 Μι

226 4243 349 4292 aliumuis
367 4243 411 4292 iiii
429 4247 455 4292 ei
474 4256 514 4305 pr.
536 4242 580 4302 Μ,
605 4241 687 4291 ulium
706 4242 726 4291 1.
749 4265 777 4278 -
816 4254 862 4305 epo
880 4240 982 4290 litteras
1006 4242 1045 4290 dii
1061 4240 1222 4290 immortales
1244 4251 1309 4304 quas
1327 4239 1358 4288 li.
1381 4259 1410 4272 -
1441 4238 1486 4289 19.
1506 4237 1548 4289 dai

228 4313 250 4362 1.
273 4337 300 4348 -
322 4319 451 4376 quantam
467 4314 494 4363 b.
513 4313 743 4377 claudicationem,
763 4317 890 4374 mantum
910 4311 948 4369 ii,
969 4310 1049 4374 idque
1062 4309 1181 4360 malebat
1198 4309 1347 4360 Ernestins.
1369 4330 1397 4342 -
1417 4309 1460 4358 20.
1480 4303 1546 4370 non]

226 4395 288 4432 uero
305 4383 339 4433 li.
360 4408 391 4419 -
428 4383 473 4432 21.
493 4384 620 4433 bominem
637 4382 684 4435 bi:
703 4395 784 4429 unum
802 4380 854 4436 ili,
881 4395 962 4429 unum
980 4380 1108 4430 bominem
1130 4379 1161 4430 li·
1198 4379 1292 4431 Malim
1311 4378 1438 4429 bominem
1455 4391 1545 4426 unum.

227 4451 278 4504 0a.
307 4473 339 4488 ·-
375 4453 419 4501 22.
439 4453 509 4502 decet
528 4451 550 4501 1.
573 4477 602 4489 -
639 4451 770 4502 meliorem
790 4449 811 4498 l.
831 4473 862 4486 -
880 4449 924 4500 21.
945 4463 1080 4514 nunquam
1098 4463 1143 4515 eqo
1161 4463 1206 4500 ree
1225 4451 1257 4500 li.
1278 4475 1311 4486 -
1329 4447 1373 4498 21.
1391 4448 1471 4510 piune
1489 4447 1546 4496 ulla

227 4522 270 4577 M,
289 4522 370 4584 piane
387 4522 462 4572 nulla
480 4523 502 4572 1.
522 4523 589 4581 (sine
606 4521 735 4583 addmg.
755 4517 806 4581 Μ.)
827 4543 859 4556 -
894 4517 1061 4583 aianeoane]
1082 4527 1169 4570 autem
1193 4520 1269 4573 iiiii.
1307 4518 1498 4568 ‹Emendstnm
1517 4518 1546 4568 in

226 4594 290 4642 Asc.
309 4597 377 4644 sec.)
410 4615 440 4628 -
478 4589 547 4655 tuas]
574 4593 641 4641 duas
667 4591 741 4643 miti.
761 4589 893 4649 tennerit
918 4585 1006 4654 Pius.)
1036 4612 1070 4627 -
1105 4591 1149 4640 211.
1175 4589 1349 4640 conminuunt
1375 4602 1415 4652 pr.
1443 4588 1481 4640 Μ.
1513 4609 1546 4624 -

226 4661 315 4713 Atium
334 4663 503 4714 Lambinus:
535 4662 634 4711 Attium
653 4660 721 4720 iiii,
747 4661 849 4710 Actium
870 4659 917 4710 lii.
945 4685 974 4697 -
1012 4659 1056 4711 31.
1080 4661 1110 4709 in
1127 4661 1169 4711 dis
1192 4662 1288 4725 [upisss
1306 4663 1450 4723 (snperacr.
1474 4657 1545 4713 inde)

226 4732 265 4784 Μ.
296 4759 329 4769 -
365 4735 424 4783 scis.
445 4733 492 4783 cn.
512 4738 600 4783 nester
618 4731 794 4782 iimnduaium
811 4729 922 4780 msensit
941 4731 980 4792 ii,
999 4732 1056 4781 seis.
1095 4731 1251 4794 Quaenam
1267 4730 1377 4780 nasim?
1396 4730 1443 4779 iir.
1462 4728 1546 4779 deser·

227 4809 282 4852 taam
302 4803 323 4854 Ι.
355 4801 400 4865 (Ut
424 4816 490 4865 nos,
517 4803 546 4854 Μ
563 4807 591 4852 et
609 4814 665 4864 mg.
679 4799 837 4856 Cratandri.
856 4800 921 4859 aeis:
949 4801 1062 4852 Gnaeum
1084 4802 1122 4852 ire
1139 4801 1324 4859 Brundisium,
1343 4800 1488 4850 Domitium
1504 4798 1546 4848 da·

226 4881 323 4923 amium
344 4873 463 4927 msiebat
481 4873 597 4940 Lipsius.
617 4871 752 4934 Praestet,
770 4871 884 4937 opinors
914 4872 980 4935 scis,·
999 4873 1113 4925 mosum
1129 4871 1169 4923 ira
1186 4870 1374 4934 anaiisium,
1393 4867 1476 4921 desem
1494 4869 1546 4920 iio·

130 4963 132 4968 ·
225 4945 338 4994 mitium.
358 4939 422 5008 On.)
