3628 5876
283 431 345 494 tto
707 427 984 492 EPISTOLARUM
1005 429 1057 490 Ao
1079 429 1170 491 FAM.

280 587 408 654 fuerunt
428 595 460 652 et
480 585 571 672 plane
593 584 694 652 studia
714 606 755 650 ex
775 583 912 670 partium
933 605 1027 650 seusu
1047 592 1276 670 apparueruut;
1299 585 1450 670 perpauci
1469 586 1605 650 necessi-

280 680 421 746 tudinem
442 681 540 746 secuti
558 680 694 744 officium
717 678 948 765 praestiterunt.
991 682 1099 764 ltaque
1125 676 1201 742 mihi
1223 689 1269 743 est
1280 679 1435 743 Domitius
1455 679 1604 744 iuimie’.·

280 776 391 850 simus,
413 783 449 840 ut
469 796 509 838 ue
531 772 717 838 familiarem
739 771 866 858 quidem
888 792 980 837 suum
1002 793 1190 858 quemquam
1213 780 1275 836 tam
1298 771 1401 837 oderit
1422 793 1514 859 quam
1540 794 1602 846 me,

279 879 371 956 atque
390 890 429 935 eo
449 867 565 954 magis,
588 866 673 953 quod
691 887 750 952 per
769 865 917 931 iniuriam
934 863 994 930 sibi
1013 876 1099 951 putat
1121 874 1278 950 ereptum,
1302 866 1391 930 cuius
1412 887 1471 950 ego
1492 877 1602 930 auctor

256 963 404 1030 afuerim.
446 967 533 1028 Nunc
548 961 626 1026 surit
645 970 707 1025 tam
728 959 851 1044 gavisos
870 958 1011 1024 homines
1031 981 1123 1024 suum
1144 959 1306 1034 dolorem,
1328 960 1528 1046 †unumque
1552 981 1602 1024 me

280 1056 504 1122 studiosiorem
526 1054 661 1120 Antonii.
710 1058 785 1117 Nam
810 1057 864 1119 Cn.
894 1053 1094 1118 Saturninum
1118 1052 1345 1116 adolescentem
1372 1053 1438 1138 ipse
1462 1057 1515 1118 Cn.
1540 1060 1603 1119 llo-

279 1151 385 1216 mitius
406 1171 496 1214 rcum
515 1148 602 1221 lecit,
626 1168 795 1233 sanequam
813 1147 978 1232 superiore
1000 1168 1018 1210 a
1037 1147 1099 1210 vita
1117 1145 1323 1211 invidiosum:
1348 1146 1431 1231 quod
1452 1146 1600 1212 iudicium

279 1266 362 1310 nunc
381 1244 414 1308 in
430 1242 662 1328 exspectatione
684 1250 748 1315 est,
785 1241 878 1306 etiam
900 1240 932 1304 in
953 1239 1036 1304 bona
1055 1261 1127 1326 spo,
1159 1249 1231 1324 post
1251 1245 1324 1304 Sca.
1341 1240 1493 1304 Peducaei
1511 1240 1602 1306 abso-

279 1338 440 1402 lutionem.
484 1343 514 1400 2.
537 1341 583 1400 De
605 1355 776 1400 summare
795 1332 920 1418 publica
943 1355 1035 1420 saepe
1061 1332 1117 1398 tibi
1136 1333 1263 1418 scripsi,
1288 1355 1337 1396 me
1359 1355 1474 1398 antrum
1493 1355 1602 1419 pacem

245 1453 270 1492 so
280 1453 344 1496 non
361 1435 483 1502 videre,
507 1441 617 1516 eiquo
637 1435 768 1515 propius
785 1449 822 1492 ea
839 1432 1012 1502 contentio,
1035 1450 1127 1512 quam
1145 1428 1215 1491 fieri
1237 1449 1363 1491 necesse
1380 1439 1443 1500 est,
1467 1428 1600 1506 accedit,

280 1548 319 1590 eo
336 1527 450 1591 clarius
465 1525 497 1588 id
513 1524 687 1610 periculum
704 1531 841 1608 apparet.
876 1523 1076 1609 Propositum
1099 1521 1159 1586 hoc
1176 1530 1237 1595 est,
1260 1520 1298 1585 de
1320 1542 1400 1607 quo,
1423 1523 1477 1608 qui
1493 1544 1601 1588 rerum

279 1620 459 1705 potiuntur,
490 1626 561 1682 sunt
590 1615 787 1688 dimicaturi,
820 1615 904 1700 quod
936 1621 989 1681 Cn.
1023 1615 1190 1701 Pompeius
1219 1615 1380 1680 coustituit
1402 1637 1465 1680 non
1485 1622 1547 1702 pati
1567 1621 1600 1682 C.

280 1718 445 1778 Caesarem
466 1711 626 1776 consulem
656 1711 746 1775 aliter
766 1709 851 1783 deri,
884 1709 944 1774 uisi
967 1710 1140 1775 exercitum
1161 1717 1191 1773 ct
1219 1709 1397 1795 provincias
1421 1709 1600 1788 tradiderit;

280 1805 404 1872 Caesari
427 1815 530 1871 autem
552 1826 736 1891 persuasum
767 1814 868 1869 estse
891 1805 1010 1868 salvum
1039 1823 1191 1868 essenon
1214 1824 1321 1889 posse,
1344 1803 1370 1868 si
1397 1801 1436 1866 ab
1459 1803 1600 1868 exercitu

243 1922 269 1962 rs
279 1905 454 1966 recesserit.
498 1905 573 1964 Fert
603 1899 687 1962 illem
716 1909 819 1965 tamen
847 1897 1078 1972 condicionem,
1114 1907 1148 1962 ut
1170 1896 1264 1961 ambo
1286 1897 1443 1962 exercitus
1467 1897 1597 1962 tradant.

278 1995 330 2059 Sic
351 1995 396 2058 illi
418 2015 542 2059 amores
564 2003 594 2058 et
620 1992 775 2060 invidiosa
797 1991 976 2056 coniunctio
1003 2012 1064 2054 riou
1086 1988 1126 2054 ad
1147 1991 1299 2054 occultam
1322 1989 1432 2054 recidit
1446 1989 1600 2055 obtrecta-

278 2089 413 2164 tionem,
447 2088 502 2153 sed
528 2088 567 2152 ad
589 2086 708 2152 bellum
730 2107 764 2151 se
788 2085 906 2170 erupit;
940 2104 1056 2171 neque,
1086 2105 1228 2149 mearum
1250 2105 1358 2149 rerum
1380 2085 1456 2171 quid
1478 2085 1600 2150 consilii

277 2183 414 2269 capiam,
444 2183 588 2268 reperio:
617 2181 702 2268 quod
724 2201 787 2244 non
808 2178 932 2253 dubito,
955 2179 1030 2264 quin
1052 2187 1083 2242 tc
1105 2199 1232 2264 quoque
1254 2178 1330 2243 haec
1352 2177 1537 2243 deliberatio
1560 2179 1600 2244 sit

276 2273 507 2362 perturbatura.
550 2281 627 2339 Nam
648 2274 725 2338 mihi
747 2295 818 2337 cum
840 2271 1019 2338 hominibus
1038 2273 1135 2338 biset
1156 2274 1256 2358 gratia
1276 2283 1306 2339 et
1324 2274 1520 2339 necessitudo
1536 2283 1599 2354 est;

240 2391 267 2430 so
277 2390 348 2434 omn
368 2391 492 2435 causam
516 2369 614 2439 illem.
651 2388 714 2432 non
737 2365 879 2431 homiues
908 2367 971 2432 odi.
1022 2372 1051 2432 3.
1074 2368 1152 2433 lllud
1178 2376 1209 2433 te
1230 2390 1293 2434 non
1315 2367 1453 2434 arbitror
1473 2369 1599 2455 lugere,

277 2462 353 2547 quin
369 2463 512 2526 homines
533 2460 565 2526 iu
595 2457 787 2524 dissensione
810 2458 980 2524 domestica
1008 2461 1158 2536 debcant,
1193 2462 1342 2550 quamdiu
1373 2463 1507 2527 civiliter
1532 2464 1599 2528 sine

251 2595 253 2600 -
277 2555 374 2619 armis
399 2563 553 2628 certetur,
583 2553 796 2618 honestiorem
816 2555 905 2638 sequi
925 2564 1062 2639 partem3
1084 2555 1140 2622 ubi
1161 2556 1201 2621 ad
1222 2557 1339 2622 bellum
1357 2567 1387 2622 et
1406 2569 1505 2622 castra
1526 2579 1600 2622 vert-

277 2657 343 2713 tum
372 2654 427 2723 sit,
464 2649 652 2722 firmiorem,
689 2655 720 2710 et
751 2645 783 2710 id
814 2647 927 2712 melius
960 2658 1111 2726 statuere,
1145 2652 1230 2738 quod
1253 2651 1348 2716 tutius
1378 2651 1427 2715 sit.
1481 2656 1515 2717 ln
1544 2653 1601 2717 hac

277 2740 434 2806 discordia
454 2742 548 2807 video
571 2746 626 2808 Cn.
647 2741 831 2828 Pompeium
850 2752 991 2806 senatum
1014 2743 1130 2830 quique
1152 2766 1204 2810 res
1225 2745 1361 2809 iudicant
1382 2767 1487 2810 secum
1513 2745 1599 2810 habi-

240 2846 400 2914 ssturum3
427 2835 465 2900 ad
487 2841 651 2903 Caesarem
676 2857 801 2910 omnes,
824 2835 878 2921 qui
904 2855 974 2899 cum
1005 2837 1117 2901 timore
1147 2847 1199 2902 aut
1220 2839 1301 2903 mala
1327 2859 1382 2924 spe
1408 2840 1527 2913 vivant,
1550 2861 1601 2904 ae-

277 2951 438 3009 cessuros;
468 2931 642 2995 exercitum
672 2928 896 2995 conserendum
923 2950 987 2995 nou
1015 2952 1082 2995 esse
1112 2933 1250 2997 omniuo.
1299 2931 1394 2998 Modo
1415 2933 1487 2998 satis
1508 2933 1599 3019 spatii

277 3025 317 3090 sit
347 3023 387 3088 ad
414 3023 655 3090 considerandas
684 3023 847 3110 utriusque
875 3023 981 3108 copias
1013 3031 1044 3089 et
1066 3025 1240 3110 eligendam
1270 3035 1400 3111 partem.
1444 3031 1474 3091 d.
1496 3032 1600 3113 Prope

276 3117 392 3184 oblitus
412 3141 497 3195 sum,
520 3117 605 3205 quod
627 3118 764 3182 maxime
784 3117 844 3181 luit
865 3117 1075 3184 scribendum.
1118 3119 1184 3184 Scis
1209 3121 1343 3206 Appium
1364 3141 1527 3184 censorem
1549 3121 1600 3186 hic

277 3221 397 3276 ostenta
415 3211 542 3276 laceret
571 3211 610 3276 de
628 3211 726 3296 signis
747 3220 778 3275 et
802 3208 929 3285 tabulis,
952 3210 991 3275 dc
1014 3213 1082 3296 agri
1097 3211 1208 3288 modo,
1230 3213 1269 3278 de
1290 3234 1363 3278 aero
1389 3214 1492 3279 alieno
1512 3235 1600 3279 acer-

239 3306 357 3371 eurime
386 3312 502 3391 ageret
538 3310 725 3370 Persuasum
756 3313 803 3368 est
829 3303 858 3368 ei
887 3325 1051 3370 censuram
1080 3307 1251 3372 lomentum
1287 3316 1341 3372 aut
1368 3312 1489 3374 nitrum
1519 3328 1598 3372 esse.

275 3405 391 3464 Errare
425 3400 500 3464 mihi
539 3399 678 3478 videtur;
711 3419 783 3463 nam
812 3397 922 3463 sordes
951 3400 1058 3464 eluere
1086 3401 1168 3474 vult,
1205 3423 1300 3467 vcnas
1330 3401 1390 3468 sibi
1431 3423 1539 3468 omnes
1568 3411 1600 3466 et

276 3493 397 3558 viscera
423 3493 532 3579 aperit.
578 3497 698 3567 Curre,
728 3512 786 3578 per
806 3491 882 3556 deos
908 3500 1000 3578 atquc
1020 3493 1175 3559 homines!
1209 3504 1240 3560 et
1255 3519 1348 3583 quam
1365 3496 1501 3584 primum
1523 3497 1600 3562 hacc

277 3585 375 3649 risum
409 3586 496 3653 veni:
533 3586 611 3672 legis
637 3586 813 3652 Scantiniae
838 3584 988 3650 iudicium
1011 3587 1094 3673 apud
1116 3595 1252 3654 Drusum
1279 3590 1364 3664 fieri,
1397 3593 1530 3677 Appium
1558 3589 1598 3654 de

276 3678 390 3744 tabulis
412 3689 444 3744 et
475 3679 571 3764 signis
600 3701 703 3764 agere.
758 3678 857 3746 Crede
883 3678 975 3754 mihi,
1005 3689 1051 3745 cst
1072 3684 1315 3769 properandum.
1372 3685 1469 3750 Curio
1491 3693 1599 3748 noster

239 3773 434 3860 casapicnter
464 3774 514 3850 id,
543 3775 629 3861 quod
654 3775 776 3840 remisit
797 3774 836 3839 dc
865 3774 1020 3860 stipendio
1054 3778 1215 3862 Pompeii,
1252 3778 1363 3844 fecisse
1393 3779 1598 3843 existimatur.

276 3869 324 3935 Ad
346 3891 515 3944 summam,
538 3869 681 3957 waaris,
704 3869 780 3956 quid
798 3878 903 3954 putem
922 3870 1074 3936 futurum.
1118 3873 1151 3936 si
1169 3873 1318 3937 alteruter
1339 3895 1450 3938 corum
1469 3873 1507 3936 ad
1525 3877 1600 3937 Par-

345 4087 371 4136 3.
392 4084 431 4150 ut]
451 4096 499 4137 aaut
516 4089 553 4138 M.
577 4115 604 4126 -
642 4088 669 4138 1.
690 4090 780 4152 quotus
799 4087 836 4139 Μ.
864 4112 894 4123 -
931 4089 957 4138 5.
977 4090 1056 4151 (uerit
1074 4089 1111 4139 M.
1132 4115 1163 4125 —
1200 4105 1328 4153 uuuntpue
1346 4105 1410 4139 neec
1427 4092 1598 4138 studiosorum

274 4161 450 4208 antonionum
475 4159 521 4208 Cn.
549 4158 721 4208 Sotssrniuum
746 4159 783 4208 Μ.
821 4159 894 4208 Pori.
914 4157 1027 4208 dolorem
1052 4159 1087 4208 ad
1108 4173 1237 4223 unumque
1255 4175 1341 4209 omues
1359 4162 1527 4209 studiosiores
1547 4163 1597 4209 dn·

275 4229 351 4278 tonii.
388 4229 455 4278 lium
483 4233 535 4278 cet.
567 4227 618 4278 Oe.
641 4253 671 4263 -
708 4229 734 4278 7.
762 4231 882 4291 superior
900 4243 931 4278 ec
949 4231 1005 4278 uita
1024 4229 1060 4279 Μ.
1087 4253 1117 4263 -
1154 4230 1180 4279 8.
1201 4245 1269 4279 nune
1286 4233 1315 4279 in
1332 4233 1522 4292 suspectatione
1540 4239 1596 4286 est,

274 4301 355 4348 etium
378 4299 434 4349 Vb:
452 4313 506 4348 nou
520 4301 735 4361 exspectationem
752 4302 819 4351 inest
837 4301 916 4348 etiem
931 4298 974 4354 M,
993 4301 1102 4348 nuncin
1114 4302 1322 4362 exspectatione,
1342 4303 1406 4350 inest
1426 4303 1504 4350 etium
1525 4301 1553 4348 E.
1567 4323 1596 4335 -·

273 4371 300 4420 o.
321 4371 393 4419 Fert.
420 4383 458 4420 sne
483 4383 582 4418 annum
610 4382 694 4418 unum
719 4383 819 4431 pacem.
850 4369 902 4420 Οιι.
936 4393 966 4403 -
1004 4370 1046 4418 10.
1074 4377 1098 4420 et
1116 4372 1185 4432 quod
1202 4372 1312 4432 propius
1331 4371 1368 4420 Μ.
1390 4395 1420 4406 -
1459 4371 1501 4420 12.
1521 4372 1597 4434 peius

273 4453 364 4489 caesar
382 4440 418 4490 Μ.
453 4465 481 4476 -
522 4438 563 4489 lle.
582 4453 682 4502 possent
701 4439 733 4488 ob
752 4441 789 4490 M.
818 4463 852 4474 -
888 4439 931 4489 16.
957 4439 1075 4488 Siciliam
1092 4455 1176 4490 mores
1202 4449 1226 4490 et
1253 4441 1354 4490 uidinso
1372 4440 1408 4490 M.
1440 4465 1469 4476 -
1505 4442 1596 4489 recidit

273 4509 328 4558 Vb:
348 4511 442 4560 recedit
461 4509 522 4559 ME.
545 4535 577 4545 -
615 4511 657 4558 17.
676 4511 761 4572 erupit
780 4511 826 4562 M:
846 4511 957 4573 erumpit
977 4509 1006 4558 E.
1029 4534 1058 4544 -
1095 4512 1158 4573 quid
1175 4513 1276 4560 cusnitit
1295 4511 1334 4560 N:
1354 4512 1422 4574 quod
1439 4512 1542 4560 consilii
1559 4510 1595 4567 M,

272 4582 344 4642 quod
361 4581 497 4630 seruilium
515 4580 545 4629 u.
565 4604 600 4614 -
637 4579 679 4629 18.
698 4581 735 4628 sic
751 4581 922 4642 perturbatur
948 4579 983 4628 Μ.
1013 4603 1043 4614 -
1080 4581 1123 4630 te.
1142 4582 1300 4631 necessitudo
1318 4589 1369 4630 est:
1389 4595 1445 4630 cum
1461 4581 1595 4630 Orellius:

272 4651 482 4700 necessitudinem
500 4664 557 4699 cum
575 4650 612 4708 Μ,
631 4651 789 4699 necessitudo
807 4658 861 4700 est:
882 4658 934 4699 tum
956 4649 985 4698 ll.
1002 4675 1032 4684 -
1051 4649 1094 4700 20.
1114 4651 1188 4700 iilam
1200 4653 1267 4701 unde
1280 4651 1440 4700 nominesM.
1453 4675 1480 4684 -
1501 4651 1544 4700 21.
1556 4652 1596 4698 An

272 4721 336 4781 quin
354 4723 460 4770 omnesi
478 4720 530 4770 On.
552 4743 583 4754 -
619 4722 673 4770 sins
696 4720 965 4769 6116616616.-
1002 4720 1045 4768 22.
1068 4730 1185 4772 censetur
1208 4721 1245 4771 M.
1268 4745 1298 4756 -
1335 4721 1379 4770 21.
1401 4719 1460 4784 Cn]
1480 4723 1597 4770 ereetum

197 4837 202 4844 ,
273 4788 310 4838 Μ.
332 4815 361 4826 -
398 4791 443 4840 26.
463 4804 514 4841 esse
532 4791 646 4839 omniuo.
678 4789 757 4839 Modo
775 4788 841 4841 sotis
853 4792 935 4852 spatii
953 4791 986 4838 sit
1005 4797 1114 4842 anctore
1127 4793 1276 4846 Ascensio,
1296 4796 1323 4839 ut
1339 4798 1447 4848 narret,
1469 4791 1595 4840 Weiske:

271 4871 324 4908 esse
341 4861 448 4909 omnino
464 4861 597 4921 sotispcti
615 4861 649 4909 sit
666 4859 711 4915 M,
732 4873 792 4910 esse.
807 4861 917 4910 &anino
929 4862 995 4910 sutis
1012 4863 1094 4922 spatii
1105 4863 1138 4912 sit
1153 4863 1182 4911 E.
1198 4863 1232 4911 ct.
1249 4863 1326 4910 Marad
1341 4863 1420 4911 Turs.
1436 4862 1484 4910 111.
1496 4875 1521 4923 p.
1533 4861 1595 4910 611.

272 4929 317 4977 21.
335 4931 468 4992 utriusque
485 4927 583 4992 copias]
603 4931 718 4992 utrisque
737 4931 825 4991 copias
842 4937 866 4978 et
892 4931 1022 4995 elipendus
1039 4934 1155 4995 utrisque
1172 4935 1261 4994 copias
1276 4933 1313 4982 M.
1333 4957 1366 4966 -
1407 4939 1431 4981 et
1450 4932 1595 4994 elipendcm

271 4998 317 5048 M:
345 5005 370 5048 et
394 4999 431 5048 ud
449 4999 593 5066 stipendom
611 4999 641 5048 E·
674 5021 707 5034 -
742 4999 786 5049 28.
807 5013 857 5064 quo
875 5000 912 5049 M.
933 5021 964 5036 -
1002 5001 1045 5050 22.
1065 5003 1137 5066 apris
1156 5003 1192 5052 M.
1215 5026 1243 5036 -
1282 5003 1324 5052 31.
1344 5017 1406 5052 num
1424 5003 1487 5052 dum
1503 5003 1598 5052 sordes

272 5067 482 5120 1116611161.-
517 5065 609 5132 etum]
628 5071 652 5120 ei
668 5083 727 5121 cere
744 5069 780 5122 M.
801 5092 832 5106 -·
867 5069 912 5122 36.
931 5071 1000 5135 quod
1017 5069 1055 5121 M.
1075 5095 1106 5108 -
1142 5073 1211 5124 atter
1227 5081 1257 5125 ut
1274 5085 1363 5124 eorum
1381 5071 1418 5122 M.
