3662 5908
325 373 387 436 318
776 372 835 433 ΕΡ.
857 373 908 434 AD
932 371 970 446 Q.
992 371 1176 434 FRATREM

324 527 423 594 nostri
450 526 615 592 necessarii
642 526 797 594 honorem
827 527 925 592 minui
951 547 1010 613 per
1037 535 1068 592 te
1096 537 1150 592 aut
1175 525 1318 612 impediri
1340 527 1427 593 velis.
1468 530 1634 593 Praeterea

204 674 218 720 t
324 622 439 708 Aesopi
468 620 662 706 [tragoedi],
691 621 787 687 nostri
815 620 992 696 familiaris,
1018 621 1155 686 Licinius
1182 641 1308 695 servus,
1337 618 1393 686 tihi
1415 631 1522 698 notus,
1545 622 1636 689 aufu-

325 716 379 802 git.
435 721 464 780 ls
491 715 617 780 Athenis
652 714 734 802 apud
762 715 925 780 Patronem
954 716 1142 801 Epicureum
1169 709 1357 801 pro‘libero
1384 712 1453 778 luit.
1505 714 1580 779 Inde
1601 716 1633 780 in

324 810 428 875 Asiam
454 809 548 874 venit.
597 813 707 874 Postea
729 808 815 873 Plato
841 808 965 895 quidam
996 809 1177 880 Sardianus,
1205 808 1393 894 Epicprpus,
1425 806 1480 893 qui
1506 807 1634 874 Athenis

211 904 217 922 ⁸
300 903 404 968 ssolet
423 923 492 968 csse
512 904 642 968 multum
665 901 771 988 etqui
793 912 858 967 tum
879 902 1006 966 Athenis
1027 902 1149 974 luerat,
1172 921 1242 965 cum
1263 901 1399 965 Licinius
1421 920 1459 965 eo
1481 901 1631 976 venisset,

324 1017 394 1062 cum
426 1017 498 1062 eum
528 995 692 1082 fugitivum
713 1017 781 1061 esse
802 1004 910 1082 postea
931 1016 971 1061 ex
993 995 1106 1080 Aesopi
1129 994 1238 1068 litteris
1260 1004 1440 1079 cognosset,
1474 996 1632 1062 homiuem

323 1088 559 1176 comprehendit
586 1100 618 1155 et
644 1090 676 1155 in
705 1089 877 1155 custodiam
907 1088 1022 1174 Ephesi
1052 1087 1193 1167 tradidit;
1220 1088 1275 1152 sed
1303 1087 1334 1153 iu
1360 1088 1514 1174 publicam
1540 1111 1578 1155 au
1599 1091 1632 1156 in

324 1183 487 1270 pistrinum
516 1205 579 1248 non
609 1184 682 1248 satis
709 1203 749 1248 ex
775 1182 886 1248 litteris
913 1183 981 1247 eius
1008 1181 1179 1266 intelligere
1199 1181 1367 1268 potuimus.
1410 1187 1471 1257 Tu,
1504 1203 1632 1270 quoquo

324 1278 433 1352 modo,
462 1278 609 1364 quoniam
631 1276 744 1362 Ephesi
766 1286 830 1352 est,
853 1276 1011 1341 hominem
1032 1275 1198 1359 investiges
1219 1275 1333 1351 velim,
1362 1297 1542 1363 summaque
1563 1277 1633 1344 dili-

289 1373 425 1459 mgentia
454 1371 503 1437 vel
532 1381 635 1436 tecum
657 1370 801 1436 deducas.
843 1369 912 1435 Noli
933 1379 1087 1456 spectare,
1115 1369 1221 1457 quanti
1243 1368 1337 1435 homo
1358 1371 1411 1448 sit;
1440 1372 1528 1456 parvi
1549 1373 1631 1438 enim

323 1465 415 1552 pretii
447 1474 509 1539 est,
545 1464 600 1552 qui
633 1465 694 1529 iam
724 1463 800 1530 nihil
827 1463 882 1529 sit:
918 1463 973 1529 sed
1005 1473 1092 1528 tanto
1123 1463 1233 1528 dolore
1260 1469 1401 1549 Aesopus
1430 1476 1476 1530 est
1504 1465 1632 1532 allectus

321 1568 451 1646 propter
472 1559 555 1623 servi
577 1559 677 1624 scelus
699 1568 730 1623 et
750 1557 924 1632 audaciam,
946 1567 981 1622 ut
1001 1556 1077 1622 nihil
1098 1558 1127 1622 ei
1147 1558 1264 1643 gratius
1284 1557 1387 1623 facere
1402 1558 1515 1642 possis,
1538 1581 1631 1645 quam

322 1652 349 1717 si
370 1651 457 1717 illum
479 1671 537 1738 per
558 1661 588 1717 te
609 1652 800 1738 reciperarit.

404 1751 442 1811 V.
474 1748 522 1810 15.
550 1751 637 1811 Nunc
663 1767 699 1810 ea
726 1765 895 1831 cognosce,
918 1766 997 1831 quae
1023 1744 1159 1810 maxime
1180 1754 1319 1831 exoptas.
1372 1749 1447 1810 Item
1476 1743 1632 1832 publicam

170 1833 191 1942 b
288 1837 458 1905 ssluuditus
487 1839 662 1919 amisimus;
692 1839 770 1905 adeo
792 1851 826 1905 ut
847 1843 938 1913 Cato,
960 1838 1139 1924 adolescens
1160 1838 1274 1905 nullius
1295 1838 1430 1912 consilii,
1453 1838 1506 1904 sed
1529 1849 1631 1904 tamen

320 1933 398 2022 sigis
425 1938 581 1999 Romanus
609 1943 640 1997 et
668 1939 757 2008 Cato,
790 1933 844 1998 vix
870 1933 959 1998 vivus
981 1933 1147 2018 effugeret,
1181 1931 1280 2018 quod,
1312 1951 1382 1997 cum
1406 1931 1570 1998 Gabinium
1592 1932 1632 1997 de

321 2026 437 2092 ambitu
466 2027 560 2092 vellet
584 2028 759 2112 postulare,
787 2047 888 2114 neque
916 2036 1078 2112 praetores
1108 2025 1216 2092 diebus
1245 2025 1364 2111 aliquot
1394 2025 1473 2091 adiri
1506 2036 1632 2111 possent

323 2122 370 2186 vel
401 2130 583 2206 potestatem
611 2121 659 2186 sui
680 2121 834 2194 lacerent,
863 2120 895 2185 in
917 2121 1092 2186 contionem
1120 2120 1255 2185 escendit
1277 2130 1307 2186 et
1328 2121 1510 2206 Pompeium
1540 2117 1632 2204 „pri-

322 2223 426 2278 vatum
457 2213 663 2279 dictatorem'’
689 2214 863 2300 appellavit.
918 2218 1050 2299 Propius
1077 2214 1154 2279 nihil
1180 2213 1380 2288 estfactum,
1410 2234 1503 2300 quam
1524 2221 1558 2278 ut
1578 2231 1632 2277 oo·

173 2305 198 2416 lp
282 2308 488 2373 occideretur.
544 2313 592 2372 Ex
619 2307 697 2382 hoc,
729 2307 785 2396 qui
810 2306 851 2372 sit
877 2316 974 2373 status
1002 2307 1096 2372 totius
1123 2309 1170 2373 rei
1199 2306 1360 2394 publicae,
1396 2307 1503 2372 vidore
1532 2315 1630 2391 potes.

324 2405 372 2466 16.
400 2407 530 2466 Nostrae
558 2410 661 2465 mmeu
689 2421 800 2466 causae
826 2420 889 2465 nou
915 2399 1060 2467 videntur
1088 2401 1227 2467 homines
1254 2401 1402 2467 defuturi.
1457 2399 1632 2465 Mirandum

321 2493 354 2559 iu
375 2492 502 2558 modum
524 2493 725 2579 profitentur,
755 2493 891 2559 olienmt
912 2515 962 2569 sc,
983 2494 1178 2580 pollicentur.
1220 2495 1372 2581 Equidem
1394 2515 1463 2559 cum
1486 2513 1540 2579 spe
1562 2514 1629 2558 sum

322 2589 473 2662 maxima,
501 2595 567 2652 tum
589 2588 708 2654 maiore
730 2593 823 2654 etiam
844 2591 965 2662 animo,
997 2585 1130 2674 [spero]
1154 2590 1332 2675 superiores
1353 2587 1421 2654 sore
1443 2609 1516 2663 nos,
1540 2585 1631 2671 [con-

322 2681 385 2746 lido
406 2679 531 2764 animo]
562 2681 649 2747 utin
672 2682 729 2747 hac
748 2702 785 2746 re
806 2680 929 2767 puhlica
952 2703 991 2747 nc
1013 2703 1117 2748 casum
1139 2683 1264 2769 quidem
1286 2683 1382 2748 ullum
1405 2682 1630 2768 pertimescam.

283 2796 312 2836 ss
322 2775 383 2840 Sed
409 2786 512 2840 tamen
541 2795 575 2839 se
604 2795 656 2840 res
684 2775 729 2840 sic
757 2773 868 2840 hahet:
903 2776 930 2841 si
957 2775 1039 2841 diem
1068 2775 1159 2842 nohis
1185 2776 1319 2852 dixerit,
1352 2785 1414 2841 tota
1446 2775 1530 2841 ltalia
1557 2795 1632 2840 con·

321 2879 442 2944 curret,
474 2879 509 2934 ut
536 2868 737 2956 multiplicata
766 2869 865 2954 gloria
892 2868 1102 2948 discedamus;
1139 2870 1186 2936 siu
1215 2879 1318 2935 autem
1339 2869 1370 2935 vi
1392 2889 1485 2953 agere
1506 2867 1632 2934 conabi-

321 2973 387 3038 tur,
419 2981 513 3050 spero
536 2961 622 3038 lore,
655 2963 763 3028 studiis
792 2983 854 3028 non
883 2962 984 3029 solum
1013 2965 1185 3030 amicorum
1212 2963 1267 3029 sed
1289 2963 1381 3028 etiam
1402 2962 1575 3027 alienorum
1595 2969 1632 3027 ut

190 3111 205 3127 .‚
252 3049 286 3127 '‚'
321 3057 351 3122 vi
372 3057 562 3122 resistamus.
619 3058 734 3122 Omnes
756 3065 842 3122 etse
864 3066 989 3122 etsuos
1010 3057 1140 3132 amicos,
1173 3057 1314 3132 clientes,
1335 3055 1483 3129 libertos,
1505 3075 1629 3128 servos,

203 3147 206 3155 “
321 3151 466 3236 pecunias
494 3148 629 3234 denique
651 3171 723 3242 suas
745 3149 941 3236 pollicentur.
966 3147 974 3158 “
995 3156 1106 3218 Nostra
1127 3152 1253 3239 antiqua
1273 3171 1383 3216 manus
1403 3149 1559 3216 bonorum
1581 3169 1631 3214 ar-

283 3267 310 3305 so
322 3244 374 3309 det
402 3243 506 3309 studio
532 3243 631 3311 nostri
652 3255 745 3330 atque
765 3264 882 3310 amore.
932 3244 965 3310 si
986 3245 1041 3331 qui
1061 3254 1151 3310 autea
1172 3253 1225 3311 aut
1245 3243 1409 3310 alieniores
1435 3244 1557 3310 lucrant
1578 3251 1631 3308 aut

322 3336 545 3423 languidiores,
572 3356 655 3402 nuuc
675 3337 788 3402 horum
809 3357 920 3423 regum
941 3337 1015 3404 odio
1037 3359 1070 3403 se
1091 3358 1162 3405 cum
1183 3335 1273 3404 honis
1299 3338 1524 3423 coniungunt(
1539 3342 1632 3402 Pom-

156 3436 246 3527 ἐμὲ]
320 3431 409 3517 peius
436 3430 540 3496 omnia
568 3431 733 3515 pollicetur
760 3441 791 3496 et
819 3433 968 3524 Caesam)
987 3430 1100 3517 quihus
1127 3452 1186 3517 ego
1214 3431 1256 3498 ita
1282 3430 1394 3504 credo,
1427 3438 1462 3495 ut
1487 3430 1563 3497 nihil
1590 3429 1630 3494 de

157 3530 161 3538 '
321 3543 390 3589 urea
417 3517 863 3608 comparatione'demiuuam.
919 3524 1050 3591 Tribuni
1077 3525 1119 3611 pl.
1147 3524 1298 3610 designati
1325 3533 1397 3589 sunt
1417 3522 1507 3589 nohis
1528 3521 1630 3588 amici.

321 3616 471 3684 Consules
492 3636 525 3681 se
547 3618 664 3702 optime
686 3617 860 3683 ostendunt
912 3623 1075 3686 Praetores
1096 3617 1247 3686 hahemus
1268 3617 1472 3683 amicissimos
1493 3628 1524 3682 et
1545 3637 1632 3682 acer·

205 3709 233 3795 (ι’
282 3712 417 3776 asrimos
445 3710 550 3786 cives,
582 3711 767 3802 Domitium,
795 3709 966 3796 Nigidium,
996 3714 1192 3789 Memmium,
1214 3712 1395 3790 Lentulum;
1417 3710 1516 3777 honos
1538 3710 1630 3776 etiam

206 3800 220 3816 ⁰
321 3805 416 3878 alios,
446 3804 503 3870 hos
525 3803 705 3889 singulares.
748 3806 854 3881 Quare
862 3799 1026 3890 ”magnum
1052 3807 1101 3872 sac
1121 3806 1259 3873 animum
1280 3804 1393 3871 habeas
1415 3815 1446 3870 ct
1466 3825 1552 3892 spem
1573 3802 1632 3870 ho-

323 3919 403 3964 nam.
451 3903 498 3962 De
520 3897 647 3982 siugulis
669 3907 771 3963 tamen
791 3896 902 3974 rebus,
933 3919 1013 3986 quae
1034 3899 1173 3988 quotidie
1194 3909 1357 3986 gerantur,
1380 3896 1489 3963 faciam
1512 3907 1542 3962 te
1563 3917 1632 3962 cre·

321 3992 381 4059 hro
403 3992 579 4057 certiorem.

387 4186 414 4235 8.
433 4186 519 4234 eoam
546 4185 649 4250 tragedi
674 4184 755 4240 llltl,
782 4196 866 4248 quare
896 4185 1015 4249 tragoedi
1033 4187 1097 4236 sect.
1117 4185 1242 4237 Orelliue.
1272 4211 1304 4222 -
1340 4185 1368 4236 5.
1389 4185 1496 4234 omaso
1522 4188 1547 4231 et
1573 4195 1630 4230 care

319 4255 365 4307 ttt.
394 4277 424 4290 -
459 4254 664 4317 decerpentes
682 4254 747 4305 tta:
765 4263 925 4318 portemus
945 4255 987 4304 tu.
1012 4281 1046 4290 -
1080 4256 1106 4306 ’1.
1126 4253 1306 4319 onJuetllt.
1327 4278 1358 4290 -
1393 4254 1419 4305 8.
1440 4249 1630 4314 modulatoda

317 4324 448 4377 essltttt.
485 4347 512 4363 -
556 4325 598 4374 11.
617 4323 690 4387 tam]
719 4325 791 4376 Post.
810 4332 875 4375 tem.
917 4323 972 4375 Cir.
992 4323 1064 4375 Pers.
1085 4327 1113 4388 Ι,
1146 4327 1205 4377 121.
1242 4327 1292 4377 Οι.
1325 4348 1355 4360 -
1398 4321 1563 4373 sstttttettt:
1590 4323 1630 4370 re-

318 4396 364 4446 hlle'
384 4395 411 4444 tt.
445 4418 474 4430 -
511 4395 554 4444 15.
574 4395 646 4445 Eort.
666 4396 695 4446 C.
715 4396 791 4446 Coto.
828 4395 879 4445 Oa.
910 4421 942 4430 -
978 4394 1021 4445 18.
1041 4396 1156 4462 effugerit
1176 4410 1229 4461 mg.
1249 4395 1452 4447 Lambinienee.
1474 4391 1529 4442 Cir.
1550 4390 1629 4441 llaud

318 4467 398 4516 Ture.
426 4466 449 4515 1.
470 4478 495 4528 p.
521 4464 581 4514 tec.
611 4489 645 4500 —
681 4465 809 4516 Guttnum
826 4464 869 4525 ld,
900 4465 947 4515 aed
971 4465 1109 4518 Gohtntum
1134 4471 1161 4516 tn
1181 4481 1235 4529 mg.
1271 4493 1291 4501 -
1335 4465 1378 4514 17.
1406 4463 1474 4513 colet
1496 4461 1630 4525 postutare

317 4549 397 4602 nepae
419 4542 553 4600 praetores
570 4549 650 4600 neque
666 4535 752 4585 ettalus
769 4535 792 4586 l.
824 4560 858 4569 —
893 4534 937 4586 18.
955 4537 1066 4586 menete
1083 4538 1128 4588 ll:
1149 4539 1263 4588 meentttt
1282 4535 1348 4586 ltlE.
1371 4559 1398 4571 -
1436 4531 1628 4596 privatumne

316 4607 438 4670 prtcotue
456 4604 528 4655 etta.
559 4629 590 4642 -
625 4607 668 4655 uo.
689 4605 840 4655 tcttmom.
859 4605 893 4656 ll.
922 4629 956 4640 -
991 4605 1035 4656 11.
1056 4607 1179 4671 Equidem
1196 4608 1259 4658 lta:
1280 4605 1432 4668 Etputdem
1450 4602 1493 4652 18.
1518 4625 1552 4636 -
1586 4613 1630 4662 sps

319 4689 419 4726 masma
435 4677 553 4724 maetam
571 4674 622 4727 811.
644 4699 673 4710 -
709 4673 754 4723 88.
773 4677 865 4725 ummo
881 4674 919 4727 Μ.
939 4700 968 4712 -
1006 4683 1107 4739 sperent
1125 4701 1158 4714 ··
1177 4679 1307 4743 confidant
1325 4699 1358 4711 ·-
1377 4674 1560 4736 pertimescant
1576 4669 1628 4720 m.

320 4743 410 4809 (spero
428 4750 455 4796 et
471 4745 572 4810 confido
588 4747 677 4795 emmo
694 4744 853 4796 seclusimus
871 4751 979 4796 auctore
998 4745 1118 4810 Urstno).
1148 4773 1182 4782 -
1225 4748 1272 4797 25.
1288 4760 1314 4796 ee
1331 4757 1372 4794 res
1388 4744 1425 4792 ste
1442 4741 1511 4792 Mitt
1538 4753 1578 4791 res
1595 4741 1632 4789 ste

263 4867 268 4876 ,
321 4827 347 4864 se
364 4815 409 4866 lh.
435 4837 468 4848 -·
502 4816 600 4866 cuam
622 4815 701 4866 test:
726 4814 830 4864 etratus
852 4815 949 4866 dteent
967 4815 997 4865 ll.
1020 4841 1049 4853 -
1084 4818 1128 4869 28.
1147 4831 1206 4868 mor
1223 4817 1293 4870 ttlts
1311 4813 1479 4865 mentituros
1497 4811 1527 4861 tt.
1545 4809 1630 4870 (Ante

322 4885 425 4936 tthsrtee
443 4885 519 4948 pontt
537 4884 628 4936 Pteros
645 4881 737 4949 1.)-
772 4884 817 4935 29.
836 4885 911 4936 ardet
929 4887 1057 4937 nstads'e
1075 4887 1149 4938 stat.
1170 4913 1199 4925 -
1236 4889 1276 4938 3⁰.
1297 4891 1344 4934 eat
1362 4881 1398 4947 1.]
1417 4890 1442 4933 et
1460 4882 1479 4931 l.
1498 4880 1571 4932 retu.
1596 4905 1631 4915 -

322 4955 365 5004 at.
384 4967 473 5020 repara
490 4967 544 5004 om.
563 4957 597 5005 lt.
627 4979 658 4992 -
700 4953 744 5004 te.
762 4953 939 5004 antennor
956 4956 990 5005 111
1009 4963 1036 5006 et
1054 4971 1091 5021 pr.
1110 4957 1147 5008 nt.
1180 4979 1211 4996 -ι
1251 4957 1295 5008 36.
1314 4955 1400 5014 altos,
1429 4953 1475 5002 eo·
1494 4950 1628 5002 Orethus:

322 5023 759 5086 ottoshlltmttcenedeoelll.
779 5050 811 5061 -
846 5023 890 5075 ³8.
909 5027 1051 5078 certiorem.
1091 5028 1151 5078 Vota
1169 5029 1201 5079 a.
