3656 5868
718 447 791 512 tut.
814 451 850 514 V.
892 449 951 512 ΕΡ.
973 447 1025 511 20.
1480 451 1521 516 85

199 613 247 680 et,
270 604 298 670 si
320 623 431 670 rernm
452 603 534 668 scira
555 602 619 679 vis,
641 600 702 668 hoc
722 603 778 670 nni
800 602 921 691 scribae
948 625 1020 672 meo
1044 605 1184 672 intellexi
1210 627 1274 674 non
1295 607 1425 676 nlmlnm
1457 611 1523 698 pla-

198 719 284 765 cere.
328 703 357 766 5.
391 698 454 765 Sed
485 717 545 781 ego
571 697 679 783 putavi
701 719 769 763 esse
790 698 853 763 viri
882 697 971 773 boni,
1001 719 1072 764 cnm
1093 700 1229 787 populns
1250 723 1342 768 snum
1365 715 1521 782 servaret,

199 793 366 859 consulere
387 792 522 859 fortunis
554 797 601 855 tot
631 791 681 856 vel
710 792 881 858 amicorum
916 793 967 858 vel
998 794 1124 860 civium.
1179 795 1294 876 †Nem
1319 798 1357 863 de
1388 801 1522 866 Lucceio

200 897 249 952 est
268 888 311 952 ita
333 894 451 961 ectum,
487 894 523 952 nt
546 897 673 954 anctore
697 889 750 952 Cn.
770 887 921 973 Pompeio
949 887 1008 952 ista
1029 888 1162 974 pecnnia
1183 889 1216 953 in
1241 889 1315 957 fano
1335 901 1521 978 poneretur:

199 983 233 1048 id
256 1002 315 1067 ego
337 981 451 1066 agnovi
472 1001 545 1045 meo
567 980 654 1046 iussn
676 999 745 1044 esse
768 979 899 1046 lactum:
934 1002 995 1067 qna
1016 982 1149 1069 pecunia
1169 984 1337 1071 Pompeius
1359 995 1406 1052 est
1425 1009 1544 1060 usns‚s

199 1086 236 1142 nt
258 1097 310 1150 ea,
334 1097 428 1162 qnam
449 1081 482 1139 tn
505 1073 711 1158 deposueras,
735 1075 864 1140 Sestius.
908 1074 970 1139 Sed
991 1074 1068 1140 baec
1089 1075 1129 1140 ed
1150 1083 1181 1141 te
1198 1077 1275 1143 nihil
1291 1078 1431 1164 intelligo
1449 1100 1522 1166 per·

199 1171 311 1236 tinere.
354 1167 435 1233 Illud
456 1188 507 1232 me
529 1188 592 1232 non
614 1166 871 1232 animadvertisse
897 1168 1027 1233 moleste
1048 1168 1180 1247 serrem,
1202 1183 1238 1238 nt
1257 1171 1468 1237 adscriberem
1490 1181 1520 1238 te

199 1263 232 1329 in
254 1261 327 1326 iano
348 1261 512 1346 pecuniam
534 1261 622 1326 iussn
656 1282 727 1326 meo
757 1261 958 1347 deposuisse,
992 1263 1050 1327 nisi
1078 1264 1137 1328 ista
1164 1265 1296 1350 pecnnia
1329 1267 1520 1352 gravissimis

199 1365 285 1422 esset
305 1354 548 1440 certissimisque
570 1355 778 1420 monumentis
799 1363 922 1428 testata,
947 1355 997 1421 cni
1020 1357 1107 1433 data,
1130 1378 1193 1444 qno
1215 1367 1339 1424 senatus
1360 1361 1519 1437 consulto,

200 1450 316 1540 quibus
338 1449 414 1522 tuis,
436 1448 551 1536 quibus
572 1449 651 1513 meis
673 1448 784 1514 litteris
805 1453 839 1515 P.
857 1450 958 1516 Sestio
974 1451 1087 1516 tradita
1102 1461 1193 1516 esset.
1237 1455 1325 1530 Quae
1345 1475 1416 1519 cunr
1433 1455 1521 1520 vide-
1533 1479 1558 1518 so

199 1567 270 1610 rem
292 1553 338 1609 tot
363 1543 503 1628 vestigiis
533 1542 701 1629 impressa,
728 1550 763 1608 ut
790 1543 884 1609 iniis
913 1545 1015 1610 errari
1044 1567 1107 1611 non
1128 1555 1249 1630 posset,
1283 1568 1346 1612 non
1367 1547 1520 1634 adscripsi

200 1640 251 1714 id,
274 1637 360 1725 qnod
380 1649 433 1703 tna
455 1636 531 1701 nibil
552 1635 721 1701 referebat.
774 1641 841 1722 Ego
862 1647 966 1703 tanmn
988 1639 1190 1726 adscripsisse
1208 1641 1348 1714 mallem,
1371 1640 1520 1727 qnoniam

200 1735 233 1799 id
259 1743 290 1798 te
311 1732 404 1797 video
426 1729 617 1796 desiderare.
676 1735 705 1795 6.
729 1729 816 1796 Sicut
837 1732 950 1798 scribis
971 1733 1029 1798 tibi
1051 1733 1084 1798 id
1103 1755 1171 1799 esse
1196 1733 1413 1810 referendum,
1435 1734 1519 1799 idem

200 1829 270 1914 ipse
292 1826 410 1899 sentio,
432 1845 534 1911 neque
556 1824 588 1889 in
607 1845 646 1889 eo
665 1823 835 1912 quidquam
857 1847 874 1889 a
896 1826 974 1892 meis
995 1826 1172 1892 rationibus
1194 1827 1416 1913 discrepabunt
1437 1839 1518 1894 tuae.

199 1921 305 1988 Addes
326 1920 410 1984 enim
432 1926 486 1994 tn,
522 1939 595 1984 meo
616 1917 722 1983 iussn:
760 1918 847 2005 quod
874 1941 934 2005 ego
956 1920 1085 2008 quidem
1106 1942 1168 1986 non
1191 1920 1313 2000 addidi;
1346 1944 1405 1987 nec
1426 1943 1558 1988 causan

201 2025 263 2088 est,
286 2035 342 2078 cur
356 2033 483 2097 negem,
506 2033 580 2088 nec,
602 2011 629 2076 si
651 2033 743 2076 causa
765 2020 847 2078 esset
869 2021 900 2078 et
917 2022 951 2079 tn
965 2015 1080 2090 nolles,
1102 2035 1260 2099 negarem.
1302 2018 1378 2079 Nam
1394 2013 1433 2079 de
1449 2018 1518 2080 HS.

200 2109 367 2194 nongentis
401 2105 528 2172 milibus
550 2115 634 2170 certe
656 2105 699 2170 ita
720 2106 855 2171 relatum
877 2114 939 2183 est,
970 2118 1007 2174 ut
1036 2118 1070 2174 tn
1098 2108 1164 2174 sive
1192 2107 1292 2174 irater
1313 2117 1384 2174 tuus
1404 2108 1519 2174 referri

199 2203 310 2268 soluit.
354 2200 431 2275 Sed,
460 2200 487 2264 si
509 2199 584 2286 qtrid
606 2206 667 2272 est,
700 2199 850 2286 quoidam
871 2200 945 2282 †de
977 2201 1070 2286 logeo
1101 2222 1213 2288 parum
1239 2201 1430 2288 †gravisnm
1452 2212 1519 2279 est,

200 2294 287 2382 quod
303 2315 363 2379 ego
383 2293 417 2358 in
437 2291 613 2358 rationibus
635 2291 809 2358 referendis
842 2293 937 2358 etiam
966 2315 1050 2359 nunc
1070 2295 1233 2380 corrigere
1253 2294 1389 2382 possim:
1419 2294 1458 2360 de
1479 2315 1519 2360 eo

200 2389 295 2463 mihi,
328 2387 476 2475 qnoniam
505 2394 632 2452 senatus
664 2386 806 2452 consulto
828 2407 892 2451 non
913 2408 983 2451 sum
1005 2409 1096 2464 usus,
1130 2389 1206 2476 qnid
1227 2389 1390 2476 perleges
1411 2389 1558 2464 liceat,eo

200 2481 463 2548 considerandum
485 2490 542 2546 est.
585 2485 628 2546 Te
650 2489 735 2544 certe
756 2479 789 2544 in
807 2480 939 2566 pecnnia
960 2491 1069 2547 exacta
1083 2482 1126 2549 ita
1141 2483 1255 2549 efferre
1271 2505 1311 2549 ex
1326 2483 1405 2548 meis
1421 2484 1517 2550 ratio-

200 2575 294 2642 nibus
314 2575 422 2641 relatis
443 2595 507 2639 non
528 2573 684 2660 oportuit,
706 2573 768 2638 nisi
790 2573 867 2660 quid
888 2595 939 2638 me
960 2574 1058 2654 fallit3
1080 2586 1153 2642 sunt
1173 2576 1257 2642 enim
1272 2576 1325 2642 alii
1340 2577 1518 2663 peritiores.

200 2669 280 2736 tltud
299 2689 374 2734 cave
395 2667 534 2743 dubites,
557 2668 633 2754 quin
655 2687 715 2752 ego
737 2668 843 2732 omnia
865 2667 992 2745 faciam,
1015 2691 1095 2756 quae
1117 2671 1268 2736 interesse
1283 2679 1336 2736 tua
1358 2673 1518 2737 autetiam

200 2763 281 2829 velle
311 2773 342 2828 te
369 2762 562 2836 existimem,
596 2761 623 2826 si
643 2762 708 2826 ullo
740 2759 836 2827 modo
857 2761 961 2827 iecere
988 2764 1117 2850 possim.
1174 2769 1204 2830 7.
1228 2765 1322 2844 Quod
1344 2765 1456 2830 scribis
1478 2765 1518 2830 de

200 2855 380 2931 beneficiis,
402 2856 481 2922 scito
503 2877 520 2920 a
542 2875 593 2919 me
614 2863 645 2919 et
665 2854 809 2921 tribunos
838 2855 989 2922 militares
1011 2865 1043 2921 et
1062 2857 1237 2943 praefectos
1259 2868 1291 2924 et
1311 2858 1557 2925 contuberna-ra

201 2952 247 3017 les
269 2952 428 3017 dumtaxat
450 2970 536 3014 meos
559 2948 677 3014 deletos
699 2969 778 3013 esse.
829 2953 864 3014 ln
886 2971 949 3036 qno
971 2950 1098 3035 quidem
1120 2973 1171 3017 me
1192 2952 1274 3017 ratio
1294 2951 1418 3017 fefellit:
1441 2951 1520 3017 libe·

200 3065 273 3110 rnm
295 3044 378 3108 enim
400 3043 477 3108 mihi
497 3051 620 3129 tempus
641 3041 680 3106 ed
701 3064 756 3106 eos
778 3041 965 3108 deserendos
980 3043 1198 3110 existimabam
1212 3045 1299 3120 dari:
1322 3053 1431 3130 postea
1452 3065 1521 3108 cer·

201 3139 266 3204 tior
293 3159 362 3202 sum
390 3136 490 3202 iactus
518 3135 646 3220 triginta
680 3133 792 3199 diebus
823 3133 940 3200 deferri
971 3156 1098 3202 necesse
1125 3158 1210 3212 esse,
1246 3137 1361 3224 quibus
1381 3138 1520 3203 rationes

200 3232 401 3298 rettulissem.
459 3234 538 3295 Sene
568 3229 698 3293 moleste
720 3227 777 3294 tuli
798 3248 862 3292 non
883 3229 936 3294 illa
957 3227 1107 3294 beneficia
1136 3239 1209 3296 tuae
1229 3232 1335 3317 potius
1357 3229 1519 3296 ambitioni

201 3334 362 3391 reservata
383 3343 452 3389 esse
474 3344 568 3410 qnam
588 3343 693 3395 meae,
727 3321 782 3408 qni
804 3320 977 3387 ambitione
1001 3322 1080 3387 nibil
1100 3333 1218 3391 uterer.
1260 3330 1307 3390 De
1329 3323 1558 3390 centurioni-so

202 3419 261 3486 bus
282 3431 386 3484 tamen
409 3417 500 3482 etde
522 3415 722 3482 tribunorum
744 3414 927 3481 militarium
949 3417 1226 3485 contubernalibus
1247 3441 1298 3484 res
1320 3429 1368 3484 est
1388 3419 1421 3484 in
1442 3418 1522 3482 inte-

202 3535 278 3602 gro:
300 3534 398 3598 genus
420 3511 503 3575 enim
525 3510 639 3576 horum
661 3509 885 3576 beneficiorum
908 3510 1070 3577 delinitum
1092 3513 1160 3598 lege
1182 3535 1245 3580 non
1267 3522 1343 3578 erat.
1388 3517 1417 3578 8.
1439 3510 1522 3578 Reli-

202 3629 300 3696 quum
321 3616 368 3672 est
390 3605 428 3669 de
450 3607 521 3670 HS.
546 3614 672 3669 centnm
693 3602 839 3678 milibus,
862 3602 1036 3691 dequibus
1060 3606 1188 3672 memini
1209 3607 1286 3672 mibi
1307 3629 1326 3672 a
1348 3615 1378 3672 te
1400 3605 1521 3694 Myrina

201 3703 322 3768 litteras
344 3721 413 3765 esse
435 3699 558 3772 allatas,
582 3718 643 3762 non
667 3697 729 3761 mei
750 3697 861 3772 errati,
885 3698 941 3763 sed
962 3699 1026 3763 tui:
1049 3699 1080 3764 in
1103 3722 1167 3787 qno
1180 3709 1341 3787 peccatum
1356 3698 1522 3766 videbatur

202 3815 288 3871 esse,
311 3794 338 3858 si
360 3791 455 3862 modo
478 3801 558 3867 erat,
593 3790 698 3856 fratris
720 3789 765 3856 tui
788 3799 819 3856 et
840 3791 943 3856 Tullii.
996 3792 1058 3858 Sed
1079 3814 1150 3858 cum
1171 3794 1205 3859 id
1226 3795 1344 3880 corrigi
1364 3815 1428 3859 non
1449 3813 1559 3880 pos-ss

203 3898 265 3962 set,
299 3887 470 3974 quodiam
501 3883 652 3970 depositis
673 3883 847 3950 rationibus
875 3905 915 3949 ex
947 3886 1110 3970 provincia
1133 3888 1393 3964 decessissemns,
1427 3887 1522 3953 credo

204 4003 253 4046 me
276 3980 403 4068 quidem
424 3980 482 4045 tibi
503 4001 563 4067 pro
585 3978 681 4043 animi
703 3982 764 4043 mci
785 3979 943 4043 voluntate
958 3999 1080 4067 proque
1096 4001 1133 4046 ea
1147 4004 1202 4068 spe
1216 3982 1406 4057 facultatum,
1428 4003 1523 4069 ιιιιιιιιι

203 4085 268 4140 turn
291 4074 499 4148 habebamus,
523 4094 616 4160 qnam
638 4071 862 4136 humanissime
884 4073 1062 4158 potuerim,
1088 4076 1296 4163 rescripsisse.
1340 4077 1401 4142 Sed
1421 4098 1523 4163 neque

204 4179 270 4234 tum
291 4183 341 4233 m'e
368 4168 558 4234 humanitate
589 4166 765 4230 litterarum
786 4187 928 4231 mearum
951 4166 1122 4252 obligatum
1143 4180 1220 4255 puto
1243 4191 1344 4257 neque
1366 4191 1416 4235 me
1437 4180 1523 4235 tuam

205 4261 300 4327 bodie
322 4263 485 4350 epistolam
508 4262 546 4327 de
569 4263 639 4326 HS.
668 4267 793 4324 centum
815 4260 860 4325 sic
881 4261 1057 4346 accepisse,
1091 4273 1127 4329 nt
1156 4264 1179 4328 ii
1208 4265 1379 4351 accipiunt,
1409 4263 1561 4351 quibusso

273 4483 300 4533 3.
321 4479 437 4545 luendo]
458 4483 530 4546 logan
547 4481 714 4540 Lambinus,
742 4479 832 4530 lucello
851 4479 981 4543 Scaliger.
1016 4507 1039 4515 -
1081 4482 1109 4532 6.
1135 4489 1222 4532 octone
1239 4483 1275 4534 Μ.
1314 4505 1342 4518 -
1380 4483 1406 4533 e.
1430 4489 1460 4533 att
1478 4490 1525 4532 tun

203 4567 280 4616 guam
300 4554 335 4603 Μ.
357 4579 386 4590 -
425 4553 522 4602 Sestias
540 4551 582 4602 M:
603 4551 706 4600 Sentius
724 4549 755 4599 Ε.
793 4549 837 4600 Sic
856 4549 936 4600 inira.
960 4575 987 4586 -
1015 4549 1042 4601 7.
1061 4554 1301 4602 animadvertissem
1317 4553 1355 4604 Μ.
1380 4577 1407 4588 -
1431 4555 1526 4605 11.1ι“ι

204 4623 336 4674 Orellins:
356 4625 395 4672 his
412 4623 471 4672 ΜΕ.
494 4646 524 4656 -
544 4622 587 4671 12.
607 4623 731 4684 qnoniam
751 4619 799 4670 tl:
819 4633 897 4682 qaum
916 4621 947 4671 Ε.
968 4645 999 4658 -
1027 4621 1071 4673 13.
1090 4625 1151 4672 item
1170 4623 1326 4673 Lambinus.
1347 4647 1378 4658 -
1416 4625 1459 4672 15.
1478 4637 1525 4688 apo

203 4697 248 4758 qni
266 4709 318 4743 non
337 4693 375 4744 Μ.
398 4717 424 4726 -
455 4691 498 4742 16.
517 4693 540 4740 n·
558 4697 718 4740 consuesset
737 4689 781 4740 Μι
800 4692 904 4739 adesset
923 4690 953 4739 Ε.
975 4715 1005 4726 -
1030 4693 1072 4743 17.
1092 4707 1160 4742 nnnc
1177 4695 1260 4756 peratis
1277 4693 1314 4744 Μ.
1334 4719 1364 4729 -
1401 4694 1444 4742 18.
1464 4707 1525 4758 qno-

202 4765 276 4812 niam
293 4763 339 4816 bia
359 4777 417 4812 casm
435 4761 465 4811 Ε.
487 4785 518 4796 -
538 4761 628 4824 topaeo
648 4757 708 4826 (sio)
729 4759 772 4809 Μι
797 4759 866 4823 logio
884 4760 915 4809 Ε.
934 4785 966 4795 -
1008 4765 1141 4825 prastaam
1162 4761 1207 4812 Μι
1239 4765 1384 4826 gratiosum
1402 4763 1440 4822 Ε,
1460 4779 1526 4824 gru-

204 4840 259 4882 tam
277 4835 360 4882 visum
379 4831 523 4882 Corradus.
550 4831 642 4882 Malim
661 4843 741 4895 prone
758 4829 851 4878 ouum.
872 4829 922 4880 Οιι.
944 4855 974 4865 -
995 4833 1036 4881 la.
1056 4833 1200 4897 deserendis
1218 4833 1471 4896 Martyni-Laguna.
1495 4860 1523 4872 -

204 4903 247 4953 20.
268 4906 392 4967 quonium
411 4901 549 4952 Oretliusa
568 4915 624 4967 cusp
645 4897 729 4962 (Μ)Ε.
756 4922 789 4931 -
825 4899 869 4949 21.
887 4903 1011 4961 pennatae
1028 4911 1135 4952 anctae
1153 4901 1190 4951 Μ.
1212 4927 1242 4938 -
1261 4903 1349 4968 effem
1367 4903 1411 4954 Μι
1431 4907 1525 4969 referre

205 4973 235 5022 Ε.
256 4997 287 5008 -
324 4973 368 5023 66.
387 4986 427 5022 ms
444 4974 515 5021 cotto
533 4970 578 5021 tt:
599 4968 776 5021 rationed.
798 4993 828 5004 -
866 4969 910 5018 28.
932 4973 1080 5022 rationibus
1099 4972 1213 5022 Ernestli
1232 4985 1342 5036 operae.
1363 4997 1393 5008 —
1420 4974 1463 5025 36.
1483 4975 1525 5024 de·

203 5044 360 5092 cantaremus
378 5042 544 5092 Cratander:
564 5041 716 5091 &cessantes
735 5037 789 5094 Vb.
816 5039 966 5090 decessimus
983 5041 1029 5098 Μ.
1049 5044 1237 5093 accusamus
1254 5042 1286 5093 Ε.
1309 5067 1333 5078 ·-
1373 5043 1417 5094 69.
1436 5045 1525 5095 mano·

204 5113 313 5163 motem
332 5111 370 5164 Μ.
389 5135 422 5148 -
436 5111 537 5175 potato
555 5109 804 5176 discipul-Lagona.
825 5132 856 5144 -
873 5107 954 5174 nepus
970 5125 1010 5161 ms
1028 5113 1076 5164 M:
1096 5126 1177 5177 mgna
1195 5112 1226 5164 Ε.
1247 5135 1279 5148 -
1296 5113 1341 5164 to.
1360 5113 1388 5164 tt
1405 5113 1442 5166 Μ.
