3656 5868
600 404 673 468 ΠΒ.
695 404 761 470 vll.
803 403 863 468 ΕΡ.
885 403 916 466 9.
940 403 989 466 10.
1015 403 1065 468 11.
1089 405 1138 468 11.
1448 408 1509 471 113

187 563 247 630 tati
269 581 346 648 erga
358 580 410 626 me
433 557 585 626 diffidere.
629 559 691 626 Sed
708 568 812 625 umen
828 558 868 624 iis
884 558 1011 634 litteris,
1033 581 1111 648 quas
1130 561 1275 646 proxime
1290 561 1380 641 dedi,
1402 568 1509 653 putavi

187 679 260 726 esse
288 655 448 722 hominem
481 653 753 720 commonendum.
807 653 842 720 ld
866 651 936 719 feci.
989 654 1073 732 Quid
1098 654 1306 741 profecerim,
1337 657 1432 725 facias
1457 681 1508 726 me

188 752 286 817 velim
308 751 475 816 certiorem
499 758 530 814 et
549 748 642 814 simul
665 747 705 813 de
726 756 792 814 toto
816 755 897 812 statu
917 755 972 840 tuo
990 749 1190 836 consiliisque
1209 749 1365 817 omnibus.
1420 759 1508 822 Scire
1616 761 1638 850 3

187 849 274 912 euim
295 845 404 932 cupio,
427 841 503 930 quid
517 863 604 927 agas,
628 841 703 929 quid
721 851 898 928 exspectes,
920 863 1014 929 quam
1035 843 1162 928 longum
1180 844 1273 910 istum
1289 855 1376 912 tuum
1393 847 1507 914 disces-

187 961 260 1006 sum
283 961 301 1004 a
326 937 417 1004 nobis
442 937 583 1002 futurum
609 945 709 1022 putes.
753 940 784 1001 t.
806 935 857 1001 Sic
880 936 964 1001 enim
984 935 1040 1001 tibi
1059 937 1248 1026 persuadeas
1267 939 1376 1015 velim,
1409 959 1530 1009 nnuma

187 1032 267 1097 mihi
296 1053 363 1098 esse
389 1030 550 1104 solatium,
587 1051 685 1116 quare
706 1027 827 1094 facilius
850 1030 968 1116 possim
996 1032 1060 1118 pati
1075 1042 1113 1097 'te
1139 1053 1207 1097 esse
1242 1033 1308 1099 sine
1338 1034 1444 1111 nobis,
1481 1040 1509 1104 si

188 1125 247 1191 tibi
269 1147 337 1191 esse
359 1124 391 1190 id
412 1123 623 1190 emolumento
645 1123 755 1200 sciam;
778 1122 824 1187 sin
843 1131 948 1188 autem
965 1123 999 1189 id
1013 1146 1077 1191 non
1097 1134 1159 1201 est,
1182 1125 1258 1192 nihil
1279 1127 1402 1195 duobus
1417 1130 1508 1197 nobis

188 1229 239 1285 est
259 1220 398 1286 stultius:
421 1239 489 1293 me,
512 1219 615 1306 quite
636 1238 700 1282 non
718 1222 849 1283 Romam
873 1217 1042 1296 attraham
1065 1226 1115 1295 tc,
1139 1220 1270 1306 quinon
1290 1221 1351 1286 huc
1370 1222 1507 1290 advoles.

188 1317 255 1378 Una
276 1313 455 1380 mehercule
477 1323 584 1379 nostra
613 1311 664 1377 vel
682 1331 792 1376 severa
807 1309 858 1375 vel
876 1310 983 1376 iocosa
1001 1313 1182 1398 congressio
1201 1314 1300 1400 pluris
1325 1316 1386 1381 crit
1414 1340 1507 1405 quam

188 1427 254 1472 non
273 1406 369 1498 modo
388 1407 511 1479 hostes,
543 1405 600 1471 sed
620 1405 715 1470 etiam
734 1403 847 1470 fratres
866 1405 967 1471 nostri
987 1407 1120 1488 Haedui.
1173 1409 1278 1486 Quare
1299 1409 1445 1478 omnibus
1467 1411 1506 1478 de
1519 1426 1545 1468 ¹0
1597 1405 1622 1498 ζ

188 1500 287 1567 rebus
308 1499 413 1567 facul
434 1521 527 1588 wem
548 1500 685 1586 primum
707 1499 813 1564 sciam.

357 1623 419 1688 Act
439 1623 617 1688 coarctando
638 1631 692 1686 ortt
712 1623 837 1686 coneilio
857 1630 910 1684 cett
931 1640 964 1685 re
984 1623 1097 1688 inuno.

669 1763 723 1826 xl.
767 1759 816 1844 (A.
841 1763 873 1826 υ.
897 1763 929 1825 c.
951 1761 1038 1842 τοι.)

588 1913 592 1920 -
664 1875 806 1940 arcano
828 1877 1036 1941 amentio.

275 2002 305 2064 1.
333 1997 398 2063 Nisi
424 2004 496 2062 nate
520 2001 620 2062 Roma
646 1993 807 2082 profectus
836 2015 944 2069 esses,
981 2016 1063 2060 nunc
1093 2018 1162 2064 enm
1188 2008 1273 2064 certe
1300 2001 1506 2089 relinqueres.
1518 2019 1544 2065 rs

190 2095 270 2175 Quis
293 2092 377 2158 enim
395 2099 441 2156 tot
460 2090 647 2176 interregnis
669 2089 917 2155 iureconsultum
938 2089 1116 2156 desiderat?
1148 2095 1215 2178 Ego
1237 2094 1400 2171 omnibus,
1423 2097 1507 2162 unde

188 2188 324 2276 petitur,
360 2184 421 2251 hoc
442 2183 563 2250 consilii
590 2183 745 2256 dederim,
781 2179 816 2248 ut
840 2203 858 2248 a
880 2182 1008 2267 singulis
1030 2185 1239 2271 interregibus
1269 2187 1357 2254 binas
1374 2190 1508 2256 advoca-

189 2283 292 2348 tiones
313 2277 482 2366 postulent.
525 2277 647 2343 Satisne
669 2276 726 2344 tibi
742 2276 854 2342 videor
875 2275 930 2342 ahs
954 2285 983 2342 te
1003 2277 1053 2343 ius
1075 2279 1166 2344 civile
1186 2280 1351 2348 didicisset
1393 2287 1424 2349 2.
1446 2283 1509 2350 Sed

190 2377 269 2442 heus
291 2383 340 2446 tu,
374 2373 450 2460 qnid
475 2372 563 2456 agise
592 2372 703 2462 ecquid
726 2369 785 2436 fita
813 2370 913 2438 Video
937 2371 1020 2436 enim
1045 2379 1076 2436 te
1097 2373 1160 2438 iam
1180 2374 1279 2440 iocari
1302 2398 1360 2462 per
1378 2378 1508 2444 litteras·

189 2473 275 2536 llaec
299 2468 387 2552 signa
407 2466 540 2531 meliora
560 2475 632 2531 sunt
654 2487 748 2553 mam
774 2464 807 2530 in
833 2484 904 2530 meo
925 2465 1109 2532 Tusurlano.
1166 2469 1227 2534 Sed
1249 2471 1323 2557 quid
1341 2472 1395 2547 sit,
1427 2472 1545 2538 sciren

190 2564 296 2650 cupio.
353 2560 479 2628 Consuli
506 2560 633 2647 quidem
657 2571 729 2626 tea
754 2563 886 2626 Caesare
907 2556 1034 2638 scribis;
1056 2560 1111 2627 sed
1135 2582 1194 2648 ego
1221 2563 1277 2630 tibi
1299 2564 1337 2631 ab
1360 2566 1415 2632 illo
1434 2587 1507 2633 con·

189 2657 251 2724 suli
273 2655 408 2721 mallem.
453 2653 593 2732 Quodsi
614 2653 722 2720 antiit
746 2661 800 2718 aut
821 2651 961 2719 ficturum
982 2662 1085 2740 putas,
1116 2655 1223 2741 perfer
1246 2658 1337 2725 istam
1365 2661 1507 2727 militiam

189 2761 222 2817 ct
243 2771 410 2838 permane;
440 2767 501 2834 ego
523 2747 606 2812 enim
628 2747 820 2813 desiderium
841 2746 887 2812 tui
908 2767 964 2832 spe
984 2756 1111 2814 tuorum
1137 2751 1375 2818 commodorum
1396 2775 1508 2820 conso-

189 2844 300 2923 labor;
322 2843 370 2908 sin
392 2850 497 2907 autem
515 2841 662 2907 istasunt
680 2841 841 2916 inaniora,
863 2840 969 2926 recipe
986 2848 1016 2904 te
1041 2840 1081 2906 ad
1101 2863 1169 2908 nos.
1212 2849 1287 2910 Nam
1304 2855 1357 2912 aut
1380 2847 1441 2913 erit
1457 2847 1508 2913 bic

189 2938 310 3027 aliquid
332 2936 516 3024 aliquando,
539 2944 608 3011 eut,
631 2935 657 3003 si
672 2936 791 3010 miuus,
813 2955 875 3000 una
896 2932 1075 3000 mehercule
1097 2937 1263 3004 collocutio
1281 2950 1388 3006 nostra
1408 2941 1508 3027 pluris
1517 2959 1546 2999 ιι

190 3034 252 3100 erit
271 3052 366 3119 mam
387 3051 496 3096 omnes
521 3029 772 3095 Samarobrivae.
823 3027 984 3114 Denique,
1017 3029 1045 3092 si
1066 3029 1128 3094 cito
1146 3038 1176 3094 te
1198 3031 1371 3107 rettuleris,
1403 3054 1508 3100 sermo

189 3127 296 3194 nullus
318 3124 390 3203 erit;
430 3123 457 3189 si
479 3122 597 3189 diutius
618 3123 736 3188 frustra
757 3120 911 3196 abfueris,
934 3141 997 3185 non
1015 3121 1110 3188 modo
1128 3121 1311 3201 Laberium,
1338 3125 1508 3212 sedetiam
1611 3185 1622 3207 ,

189 3219 331 3288 sodalem
354 3225 496 3284 nostrum
515 3216 675 3284 Valerium
693 3213 890 3302 pertimesco.
931 3213 1011 3278 hlira
1033 3213 1117 3279 enim
1136 3235 1272 3302 persona
1287 3217 1392 3285 induci
1406 3228 1510 3306 potest
1594 3210 1610 3274 f

190 3299 360 3382 Britannici
374 3311 588 3378 iureconsulti.
631 3315 661 3376 3.
682 3313 847 3392 Haecego
868 3327 933 3372 uon
955 3305 1062 3384 rideo,
1085 3309 1227 3395 quamvis
1257 3319 1290 3377 tu
1313 3311 1431 3393 rideas3
1453 3312 1510 3378 sed

191 3409 230 3476 de
248 3429 284 3474 re
307 3405 504 3473 severissima
532 3416 652 3479 tecum,
684 3412 720 3470 ut
742 3401 852 3476 soleo,
872 3400 972 3467 iocor.
1014 3406 1146 3468 Remoto
1165 3403 1253 3480 ioco,
1276 3404 1333 3470 tihi
1348 3406 1411 3472 hoc
1432 3406 1545 3472 ami-ao

191 3503 318 3570 cissimo
339 3499 444 3565 animo
462 3498 640 3586 praecipio,
668 3505 721 3572 ut,
749 3496 777 3562 si
797 3494 866 3560 istie
886 3515 954 3560 mea
978 3496 1248 3564 commendatione
1269 3508 1355 3566 tuam
1376 3499 1509 3586 dignita-

190 3606 254 3662 tem
276 3591 449 3665 obtinebis,
470 3591 613 3680 perferas
635 3591 734 3658 nostri
755 3588 963 3664 desiderium,
988 3588 1182 3656 honestatem
1201 3599 1233 3658 et
1259 3591 1418 3660 facultates
1439 3603 1508 3674 tuas

191 3709 323 3774 augeas;
354 3686 401 3752 sin
426 3696 531 3752 autem
553 3687 612 3752 ista
632 3684 806 3771 frigebant,
837 3682 971 3769 recipias
1002 3693 1033 3749 te
1065 3683 1105 3749 ad
1135 3705 1202 3751 nos.
1254 3688 1364 3754 Omnia
1385 3696 1508 3764 umen,

191 3803 272 3870 qnae
297 3781 366 3858 vis,
402 3789 435 3846 et
454 3791 507 3848 tna
527 3780 643 3847 virtute
663 3778 806 3867 profecto
828 3785 860 3843 et
885 3788 994 3844 nostro
1016 3799 1139 3845 summo
1161 3800 1236 3867 erga
1258 3789 1288 3846 te
1310 3781 1413 3848 studio
1434 3801 1510 3848 con-

191 3895 335 3963 sequere.
1517 3897 1547 3938 ss

666 4017 737 4080 au.
779 4014 830 4098 (a,
856 4012 1050 4100 uc.701.)

668 4128 811 4194 uerno
833 4128 1039 4193 rhenano.

279 4256 307 4317 1.
329 4248 485 4326 hlirabar,
507 4249 584 4338 quid
605 4256 699 4323 esset,
721 4247 807 4335 quod
831 4256 866 4314 tu
890 4246 966 4312 mihi
986 4247 1106 4313 litteras
1129 4247 1253 4314 mittere
1279 4249 1509 4316 intermisisses.

192 4346 343 4414 iudicavit
363 4345 441 4410 mihi
460 4349 558 4410 Pansa
587 4363 676 4408 meus
697 4341 886 4428 Epicureum
911 4349 942 4406 te
973 4360 1042 4407 esse
1071 4340 1195 4406 factum.
1249 4343 1276 4407 0
1298 4353 1398 4408 castra
1419 4364 1510 4430 prae·

193 4442 291 4508 clarat
326 4438 410 4519 Quid
428 4449 462 4506 tu
478 4438 622 4512 fecisses,
646 4436 672 4502 si
694 4444 723 4500 te
738 4440 906 4500 Tarentum
928 4441 959 4499 et
979 4454 1042 4500 non
1057 4433 1309 4500 Samarobrivam
1331 4435 1546 4502 misisscmleo

193 4540 257 4603 lam
278 4543 346 4601 tum
374 4533 452 4599 mihi
473 4554 536 4598 non
563 4529 724 4618 placebas,
757 4527 931 4594 cumidem
953 4525 1137 4603 intuebare,
1158 4525 1245 4615 quod
1265 4528 1395 4610 †Zeius
1418 4528 1510 4596 fami-

260 4756 287 4806 1.
306 4755 339 4804 tis
356 4755 394 4805 N:
413 4754 453 4803 hia
469 4752 528 4804 1111.
547 4777 582 4787 -
618 4749 644 4801 3.
663 4755 737 4799 ttotu
754 4744 810 4810 tuo]
828 4753 917 4797 statuo
936 4747 974 4798 hl.
994 4770 1026 4782 -
1055 4745 1082 4796 o.
1098 4759 1201 4810 postera
1218 4745 1256 4798 ht.
1276 4771 1308 4783 -
1344 4747 1387 4798 10.
1406 4749 1510 4801 Homul

192 4823 237 4876 hl:
261 4825 343 4874 Aedui
362 4824 392 4874 ll.
422 4849 451 4861 -
489 4823 533 4872 ta.
553 4820 723 4872 versiculum
749 4830 804 4868 non
829 4817 939 4880 agnovit
958 4817 988 4867 ll.
1007 4816 1117 4866 Terent.
1145 4815 1290 4868 Heautont.
1310 4817 1456 4880 1,1,31.
1477 4845 1507 4858 -

193 4900 240 4946 not
259 4893 427 4945 reioueht.
447 4917 481 4929 -
516 4891 560 4943 at.
579 4887 794 4954 rectptteodld.
815 4910 847 4923 -·
882 4887 1038 4938 maletto
1057 4882 1090 4948 te]
1110 4889 1199 4938 scitote
1219 4901 1260 4952 pr.
1279 4886 1317 4939 hl.
1336 4913 1369 4922 -
1406 4889 1450 4940 2¹1.
1468 4892 1510 4942 eto

193 4965 291 5014 diuttm
310 4963 466 5014 Lambinus.
496 4987 527 4999 -
562 4957 909 5012 t1.restare1.amutnus.
931 4981 962 4992 -
998 4956 1067 5022 quod
1084 4957 1158 5008 Zetus
1175 4957 1222 5009 hl:
1241 4957 1309 5022 quod
1326 4964 1352 5009 et
1370 4958 1454 5012 Titios
1471 4960 1508 5022 E,

194 5035 262 5100 quod
280 5033 352 5084 Seius
370 5033 514 5085 Victorius.

278 5141 384 5182 amr.
400 5142 434 5181 ru.
1280 5105 1301 5168 8
