3658 5930
661 406 735 468 LlB.
756 404 825 467 llll.
868 405 926 466 ΕΡ.
953 403 1000 465 19.
1022 404 1072 466 20.
1462 401 1521 465 eit

207 567 246 634 ad
268 566 392 642 Silium;
414 563 486 629 inde
508 572 555 628 est
576 573 703 634 natum,
726 570 760 625 ui
781 559 820 626 ad
843 559 1020 626 Publilium.
1063 560 1125 627 Sed
1148 582 1275 628 necesse
1297 573 1443 629 neutrum
1457 562 1525 630 luit.

208 667 276 728 lloc
297 670 331 726 tu
353 656 514 733 tractabis,
537 667 571 723 nt
593 655 651 721 tibi
672 653 841 722 videbitur.

675 827 759 888 rra.
795 823 845 908 (s.
870 827 903 890 u
926 827 958 890 c.
980 823 1066 908 roa.)

684 947 826 1013 CICERO
860 949 1004 1012 ATTICO
1034 950 1066 1012 S.

295 1073 323 1134 1.
346 1070 401 1132 Est
421 1064 472 1129 bic
492 1059 619 1149 quidem
640 1059 727 1124 locus
749 1078 899 1123 amoenus
921 1068 952 1124 et
974 1057 1007 1123 in
1030 1057 1109 1124 mari
1130 1060 1220 1145 ipso,
1254 1060 1310 1148 qui
1331 1071 1362 1126 et
1382 1060 1474 1126 Antio
1497 1071 1551 1128 eta
1655 1067 1676 1125 ἐν

209 1163 337 1232 Circeiis
359 1149 478 1244 adsp'iei
499 1154 617 1242 pussit;
651 1151 706 1218 sed
728 1150 865 1217 ineunda
887 1151 978 1217 nobis
1004 1153 1086 1218 ratio
1108 1162 1174 1228 est,
1210 1153 1474 1241 quemadmodum
1496 1156 1528 1221 in

209 1258 295 1325 omni
316 1257 487 1320 mutatione
509 1249 726 1323 dominorum,
750 1266 830 1333 quae
852 1244 1094 1312 innumerabiles
1117 1246 1186 1312 fieri
1206 1259 1337 1333 possunt
1358 1248 1389 1314 iu
1411 1249 1529 1314 inlinita

209 1349 389 1438 posteritate
410 1382 452 1394 —
475 1346 502 1411 si
523 1343 618 1409 modo
647 1342 723 1407 baec
755 1338 880 1406 stabunt
902 1374 941 1386 -
963 1339 1040 1406 illud
1067 1341 1157 1426 quasi
1186 1353 1401 1409 consecratum
1430 1365 1528 1408 rema·

208 1466 285 1512 nere
318 1441 427 1529 possit.
476 1437 629 1524 Equidem
658 1435 719 1500 iam
746 1433 823 1499 nibil
853 1453 931 1520 egeo
960 1433 1163 1518 vectigalibus
1194 1446 1225 1501 et
1247 1457 1346 1522 parvo
1368 1447 1531 1503 contentus

209 1559 278 1605 esse
299 1556 437 1623 possum.
490 1533 601 1617 Cogito
622 1529 778 1596 interdum
801 1538 885 1592 trans
908 1525 1047 1592 Tiberim
1068 1527 1176 1594 hortas
1199 1529 1320 1617 aliquos
1341 1551 1470 1616 parare,
1501 1542 1530 1595 et
1545 1555 1568 1592 a·

210 1632 335 1721 quidem
358 1629 399 1695 ob
422 1629 500 1694 banc
521 1645 646 1692 causam
669 1622 828 1688 maxime:
865 1619 942 1686 nibil
964 1621 1047 1686 enim
1070 1621 1180 1698 video,
1215 1624 1385 1710 quodiam
1407 1625 1531 1690 celebre

210 1747 279 1792 esse
307 1723 419 1811 possit:
455 1721 511 1787 sed
538 1741 635 1807 quos,
668 1738 776 1784 coram
806 1713 997 1792 uidebimua;
1034 1715 1077 1780 ita
1108 1725 1225 1792 tamen,
1262 1727 1297 1784 ut
1327 1718 1384 1783 bac
1416 1728 1532 1785 aestate

211 1821 317 1886 lanum
346 1817 523 1882 absolutum
551 1813 601 1880 sit.
644 1818 691 1879 Tu
718 1821 820 1876 tamen
842 1829 914 1874 cum
935 1809 1043 1894 Apella
1065 1810 1142 1876 Cbio
1165 1811 1283 1878 confice
1309 1812 1348 1877 de
1369 1811 1533 1878 columnis.

211 1919 242 1980 2.
264 1919 310 1978 De
332 1911 463 1978 Cocceio
485 1917 517 1973 et
537 1908 657 1973 Libone
679 1927 759 1994 quae
782 1901 910 1976 scribis,
938 1902 1098 1989 approbo;
1133 1911 1290 1981 maxime,
1318 1903 1405 1992 quod
1427 1904 1466 1970 de
1487 1905 1535 1969 iu·

212 2009 316 2073 dicatu
338 2027 418 2070 meo.
475 2008 522 2068 De
543 2022 677 2088 sponsu,
708 1999 735 2064 si
757 1995 834 2085 quid
855 1996 1072 2084 perspexeris;
1106 2007 1138 2063 et
1159 2009 1263 2065 tamen
1285 2000 1362 2086 quid
1382 2021 1571 2086 procura-ie

211 2112 296 2167 tores
319 2095 615 2168 Cornificii'dieant,
652 2093 746 2158 velim
768 2092 865 2170 scire;
897 2092 997 2157 itaut
1022 2091 1055 2156 in
1077 2112 1114 2156 ea
1136 2115 1171 2158 re
1194 2103 1239 2168 te,
1263 2115 1334 2160 cum
1357 2103 1419 2160 mm
1442 2115 1535 2159 oceu-

212 2203 303 2280 patus
324 2192 382 2268 sis,
416 2212 478 2256 non
500 2189 632 2254 multam
654 2207 770 2281 operae
792 2185 885 2250 velim
908 2205 1037 2271 ponere.
1094 2191 1141 2250 De
1162 2189 1297 2254 Antonio
1320 2187 1434 2254 Balbus
1456 2207 1535 2274 quo-

213 2308 274 2374 que
296 2285 334 2351 ad
356 2307 406 2350 me
428 2306 500 2350 cum
523 2282 627 2369 Oppio
649 2280 847 2366 conscripsit,
869 2278 966 2366 idque
988 2278 1045 2343 tibi
1065 2279 1233 2364 placuisse,
1256 2303 1295 2346 ne
1318 2279 1533 2366 perturbarer.

210 2381 274 2448 Illis
296 2379 345 2465 egi
366 2384 490 2466 gratias.
545 2383 731 2449 letamen,
765 2382 798 2439 ut
820 2373 881 2437 iem
903 2381 973 2437 anie
996 2371 1035 2436 ad
1057 2383 1087 2436 te
1109 2374 1239 2459 scripsi,
1273 2375 1354 2439 scire
1382 2372 1456 2440 vola
1484 2395 1534 2439 me

210 2496 312 2562 neque
343 2474 405 2540 isio
442 2473 551 2538 nuntio
588 2491 656 2535 esse
692 2465 908 2555 perturbatum
941 2486 999 2530 nec
1037 2466 1099 2530 iarn
1130 2466 1194 2533 ullo
1231 2467 1446 2553 perturbatum
1484 2467 1573 2533 irino

210 2573 240 2634 3.
263 2574 363 2634 Pansa
384 2567 411 2632 si
433 2566 543 2639 bodie,
566 2574 601 2629 nt
622 2562 769 2650 putabas,
807 2561 965 2647 proiectus
988 2570 1050 2634 est,
1073 2561 1203 2647 postbac
1224 2562 1286 2626 iam
1308 2562 1435 2649 incipito
1458 2563 1533 2628 scri·

210 2662 287 2729 bere
316 2663 356 2728 ad
383 2683 449 2735 me,
484 2660 524 2725 de
546 2659 634 2724 Bruti
662 2657 798 2722 adventu
820 2654 897 2740 quid
926 2663 1104 2740 exspectes,
1141 2654 1261 2729 idest,
1299 2667 1377 2743 quot
1398 2656 1437 2722 ad
1458 2656 1537 2722 dies.

211 2756 262 2830 ld,
285 2756 311 2820 si
333 2756 413 2820 scies
435 2753 491 2820 ubi
512 2754 575 2819 iam
598 2753 653 2826 sit,
676 2751 766 2817 facile
788 2750 967 2815 coniectura
989 2769 1167 2836 assequere.
1215 2754 1246 2816 d.
1270 2750 1363 2827 Quod
1386 2750 1425 2815 ad
1449 2751 1537 2816 Tiro-

211 2871 283 2914 nem
313 2848 352 2913 de
379 2847 525 2912 Terentia
547 2845 676 2919 scribis,
706 2843 840 2910 obsecro
863 2852 910 2917 te,
934 2842 976 2908 mi
1004 2843 1121 2918 Attice,
1158 2843 1282 2929 suscipe
1319 2853 1419 2908 totum
1441 2865 1538 2929 nego-

212 2943 301 3008 tium.
344 2941 439 3008 Vides
461 2950 492 3006 et
513 2941 652 3006 officium
674 2938 724 3022 agi
746 2958 851 3001 meum
873 2935 1045 3022 quoddam,
1068 2938 1119 3002 cui
1144 2947 1177 3003 tu
1200 2959 1233 3002 es
1256 2937 1417 3010 conscius,
1440 2948 1480 3012 et,
1502 2949 1575 3004 utra

212 3035 354 3102 nonnulli
384 3044 508 3122 putant,
546 3032 706 3100 Ciceronis
735 3051 814 3096 rem.
870 3035 920 3097 ltle
948 3029 1075 3116 quidem
1102 3031 1134 3096 id
1164 3031 1261 3097 multo
1289 3035 1386 3116 magis
1415 3041 1536 3108 movet,

213 3127 300 3217 quod
329 3129 406 3194 mibi
433 3134 480 3194 est
508 3136 539 3192 et
566 3126 701 3192 sanctius
733 3133 764 3190 et
791 3125 969 3212 antiquius;
999 3127 1183 3212 praesertim
1214 3147 1286 3191 cum
1313 3124 1373 3192 boc
1403 3123 1536 3192 alterum

213 3243 317 3309 neque
338 3221 496 3288 sincerum
515 3242 620 3308 neque
641 3219 768 3286 firmum
789 3229 896 3306 putem
917 3220 997 3285 lore.

677 3381 743 3443 nn.
787 3375 845 3460 (l.
871 3382 904 3445 u
928 3383 960 3446 c,
983 3377 1075 3466 roe.)

694 3502 837 3568 crcnno
858 3503 1002 3567 eruco
1026 3505 1058 3568 s.
1356 3504 1358 3512 '
1547 3541 1578 3586 aa

299 3639 328 3701 1.
350 3634 494 3700 Nondum
515 3633 633 3701 rideris
654 3633 848 3719 perspicere,
882 3652 975 3718 quam
1007 3653 1057 3698 me
1079 3653 1137 3698 nec
1158 3631 1310 3699 Antonius
1332 3638 1539 3700 commoverit

211 3749 271 3797 nec
300 3729 470 3817 quidquam
502 3729 565 3794 iam
595 3726 752 3795 eiusmodi
783 3725 883 3812 possit
911 3747 1125 3793 commovere.
1181 3732 1228 3793 De
1256 3729 1401 3794 'l'erentia
1433 3739 1538 3795 autem

211 3824 324 3912 scripsi
345 3824 385 3889 ad
407 3835 436 3890 te
457 3824 496 3890 iis
517 3821 647 3898 litteris,
685 3842 763 3909 quas
786 3819 935 3886 dederam
957 3820 1071 3906 pridie.
1130 3821 1224 3898 Quod
1246 3841 1295 3886 me
1316 3822 1468 3896 hortaris,
1491 3821 1539 3888 id·

211 3941 274 4006 que
296 3940 314 3983 a
335 3919 446 3984 ceteris
467 3915 641 3982 desiderari
663 3914 795 3992 scribis,
818 3923 853 3981 ut
874 3915 1067 3982 dissimulem
1089 3935 1140 3980 me
1162 3923 1225 3981 tam
1249 3916 1387 4001 graviter
1412 3915 1536 3988 dolere,

211 4031 381 4098 possumne
403 4011 516 4095 magis,
547 4031 641 4097 quarn
663 4029 736 4076 eum
757 4018 840 4075 totos
863 4007 931 4075 dies
952 4029 1103 4074 consumo
1124 4009 1156 4073 in
1186 4009 1318 4073 litteris?
1363 4009 1457 4088 Quod
1480 4010 1574 4082 etsist.

283 4227 386 4292 msam]
413 4230 496 4296 filium
518 4230 563 4280 tit.
590 4254 622 4266 -
659 4229 780 4280 Prsbiiam
806 4228 880 4280 ltlll.
919 4228 1054 4292 (correxit
1083 4227 1255 4283 Cratander.)
1289 4251 1320 4264 -
1356 4228 1381 4278 2.
1406 4228 1539 4278 videbitur

213 4298 299 4350 Muti
328 4301 431 4350 videtur
454 4313 516 4349 enm
535 4299 616 4350 Baelo
634 4299 665 4348 lt.
697 4324 726 4336 -
775 4299 802 4349 5.
823 4301 868 4361 qai
885 4304 910 4349 et
927 4296 1016 4363 datio]
1041 4301 1170 4364 quieiaiio
1189 4313 1231 4363 pr.
1247 4297 1285 4348 Μ.
1319 4321 1349 4333 -
1386 4297 1412 4347 d.
1434 4297 1539 4348 Circeiis

214 4370 253 4420 lis
272 4371 348 4419 certis
364 4369 425 4425 ΜΙ,
445 4369 557 4419 Circaeis
577 4369 607 4420 ll.
636 4391 669 4404 -·
703 4369 884 4432 possiitoais:
902 4369 947 4420 ssd
967 4369 988 4418 l.
1011 4394 1040 4407 -
1077 4370 1104 4420 7.
1123 4383 1192 4434 quae
1209 4367 1344 4420 Orelltues
1363 4380 1412 4430 que
1430 4382 1469 4430 pr.
1490 4365 1536 4429 Μ,

214 4442 261 4504 qui
287 4439 345 4489 lllll
373 4445 400 4489 ei
426 4453 498 4489 corr.
524 4439 563 4490 Μ.
594 4459 627 4475 ·-
670 4437 697 4488 8.
722 4435 887 4501 posteritate]
910 4443 1040 4503 potestate
1066 4439 1097 4489 ll.
1129 4465 1158 4476 -
1205 4440 1233 4490 3.
1262 4434 1326 4499 iam]
1356 4444 1412 4486 tum
1436 4437 1474 4489 Μ.
1503 4462 1537 4474 -

214 4510 258 4560 10.
288 4509 460 4558 transcribere
488 4512 516 4559 ia
539 4508 576 4560 Μ.
603 4512 690 4563 (troas
720 4509 832 4559 Tiberias
859 4523 913 4572 mg.
942 4509 992 4568 Μ.)
1020 4535 1050 4546 -
1094 4506 1204 4572 parare]
1235 4520 1333 4570 pavere
1363 4521 1403 4570 pr.
1430 4507 1468 4559 Μ.
1499 4533 1528 4545 -

216 4581 258 4630 12.
279 4575 352 4642 qaas]
372 4580 434 4629 baec
452 4579 487 4629 til
507 4584 534 4628 et
552 4591 622 4630 corr.
642 4577 679 4628 Μ.
701 4601 731 4614 -
769 4580 811 4630 15.
831 4593 897 4629 meo.
926 4579 1088 4641 Desponsa,
1108 4575 1219 4642 siquid]
1239 4589 1475 4639 mearesponsam.
1510 4577 1540 4627 st

214 4649 277 4715 qaid
302 4649 369 4705 tiu,
399 4661 457 4699 meo
483 4661 635 4712 responsum
659 4650 704 4698 sit.
741 4648 770 4698 st
796 4650 860 4713 quid
880 4650 900 4698 1.
939 4649 1025 4703 tCarr.
1046 4663 1076 4699 es
1096 4649 1179 4699 codd.
1201 4645 1295 4708 liosii.)
1318 4671 1346 4682 -
1386 4647 1428 4696 16.
1450 4649 1479 4696 ies
1497 4644 1537 4712 eo]

213 4717 317 4770 mall.
328 4743 359 4756 -
380 4720 422 4770 17.
437 4719 536 4769 Balbus
549 4732 648 4783 quoqrm
661 4719 821 4769 Cratander:
831 4732 934 4782 quaqua
945 4717 1150 4771 Balbasbllilll.
1165 4716 1220 4767 Cir.
1228 4717 1396 4779 Wesenberg
1410 4731 1435 4779 p.
1447 4717 1491 4768 36.
1507 4741 1538 4753 -

215 4789 256 4840 18.
270 4789 448 4854 perturbaret.
471 4791 512 4854 aqi
524 4791 565 4839 illi
576 4789 606 4840 li.
629 4814 656 4825 -
678 4789 721 4839 21.
742 4785 863 4852 incipiia]
878 4791 976 4853 incipio
993 4789 1066 4839 Mill.
1088 4785 1176 4851 (Corr.
1192 4789 1219 4838 iu
1234 4784 1414 4849 Manutisnr.)
1427 4811 1461 4822 -
1478 4789 1541 4837 seri·

214 4860 290 4910 bers:
311 4860 392 4909 scriba
409 4860 499 4910 adlll.
517 4884 546 4897 -
567 4859 611 4908 22.
631 4868 695 4920 quot
712 4859 774 4908 dae.
797 4860 892 4909 tertias
913 4873 977 4923 quos
995 4859 1090 4910 ΜΙΜΙ.
1114 4883 1141 4895 -·
1165 4859 1210 4908 25.
1235 4853 1320 4919 Vides]
1339 4863 1369 4906 ut
1386 4858 1430 4908 des
1450 4857 1486 4908 Μ.
1507 4883 1540 4894 -

213 4929 258 4979 28.
266 4935 355 4992 puteas
364 4925 430 4993 [ore]
441 4937 588 4994 sssepatear
598 4930 619 4979 l.
633 4951 664 4964 -
683 4929 726 4978 31.
733 4931 881 4992 prospicere
891 4930 913 4979 l.
925 4952 955 4965 -
975 4928 1163 4980 3381111.-
1178 4928 1220 4979 35.
1235 4929 1320 4991 asapia
1328 4940 1469 4990 quomrum
1481 4929 1500 4977 l.
1510 4929 1538 4978 8.

214 4997 385 5052 Gronovius:
411 5001 497 5063 mauis
513 5014 592 5066 qaam
609 5000 679 5065 qaod
695 4999 741 5062 Μ,
760 5001 845 5062 maris
862 5001 932 5063 quod
949 4999 1005 5060 tit,
1023 4999 1126 5062 erupis,
1145 5000 1191 5062 qui
1208 4997 1359 5060 llslaspiua
1379 5007 1490 5050 auctore
1509 4999 1539 5049 li.

298 5109 370 5148 crem
385 5107 408 5148 r.
423 5107 457 5148 ru
1306 5077 1343 5137 tl
