3662 5908
667 457 748 524 Lis.
770 461 854 525 lllll.
895 461 955 526 ΕΡ.
977 461 1008 525 6.
1028 459 1060 524 7.
1081 459 1112 526 S.
1488 463 1553 528 235

226 618 319 686 simili
349 638 442 684 causa
466 616 624 692 laborent,
661 617 838 705 complures
865 617 1068 686 necessarios.
1118 619 1187 684 lloc
1214 639 1265 684 me
1286 639 1350 686 non
1371 619 1437 686 sine
1459 639 1552 686 causa

227 714 330 779 iacere
363 731 466 799 neque
488 710 591 797 aliqua
619 709 682 776 levi
709 711 878 778 ambitione
899 720 1092 780 commotum
1120 732 1139 778 a
1165 721 1196 778 te
1229 713 1419 779 contendere
1440 713 1499 779 etsi
1520 724 1552 778 ta

226 806 409 873 existimare
431 803 585 880 arbitror,
608 813 711 870 umen
737 804 814 872 mibi
835 804 1001 872 affirmanti
1022 804 1133 872 medas
1154 805 1265 886 velim,
1286 828 1337 873 me
1356 806 1429 873 huie
1449 806 1553 872 muni-

226 901 309 987 cipio
331 893 449 966 debere
470 897 657 986 plurimum
694 898 814 966 nullum
841 922 979 988 unquam
1007 897 1105 966 fuisse
1125 907 1249 987 tempus
1270 921 1373 987 neque
1395 899 1552 966 bonorum

226 1015 284 1059 nec
304 991 450 1059 laborum
471 1013 632 1068 meorum,
655 991 688 1058 in
709 1013 773 1083 qao
795 1015 860 1061 non
880 993 972 1061 buius
994 992 1156 1081 municipii
1177 993 1315 1061 studium
1336 994 1370 1060 in
1392 1015 1443 1059 me
1457 993 1577 1060 exsti-⁶

227 1087 299 1156 terit
321 1085 489 1172 singulare.
542 1091 572 1154 5.
596 1089 797 1174 Quapropter
818 1109 837 1154 a
858 1097 889 1154 te
911 1087 1006 1154 etiam
1029 1097 1123 1176 atquc
1145 1088 1238 1154 etiam
1259 1108 1319 1174 pro
1341 1096 1448 1154 nostra
1470 1107 1553 1153 surn-

227 1203 278 1248 ma
307 1178 525 1247 coniunctione
553 1200 677 1269 proque
703 1189 756 1247 tua
784 1180 818 1248 in
844 1203 895 1248 me
929 1191 1081 1270 perpetua
1113 1192 1145 1249 et
1171 1183 1308 1249 maxima
1337 1177 1554 1248 benevolentia

228 1277 382 1343 maiorem
414 1276 447 1341 in
478 1274 607 1342 modum
633 1285 709 1362 peto
735 1284 829 1363 atque
858 1276 1031 1351 contendo,
1067 1286 1103 1344 ut
1129 1296 1201 1343 cum
1236 1276 1379 1344 fortunas
1406 1273 1458 1359 agi
1485 1273 1554 1340 eius

228 1366 391 1457 municipii
413 1367 586 1455 intelligas,
620 1368 706 1456 quod
736 1374 776 1436 sit
807 1369 884 1436 mibi
913 1368 1158 1448 necessitudine,
1188 1371 1315 1448 officiis,
1337 1366 1554 1436 benevolentia

227 1463 534 1540 coniunctissimum,
555 1461 588 1528 id
609 1462 688 1529 mibi
709 1461 774 1531 des.
820 1463 914 1543 Quod
935 1463 996 1531 erit
1016 1463 1210 1541 huiusmodi,
1232 1473 1290 1540 ut,
1313 1464 1340 1530 si
1362 1485 1381 1529 a
1403 1466 1552 1543 Caesare,
1565 1473 1591 1514 ¹⁰

228 1555 314 1645 quod
342 1577 524 1643 speramus,
561 1555 812 1644 impetrarimus,
850 1568 906 1626 tuo
934 1557 1088 1625 beneficio
1117 1580 1176 1625 nos
1207 1557 1240 1624 id
1266 1567 1451 1624 consecutos
1484 1577 1554 1622 esse

228 1651 419 1728 iudicemus,
453 1649 501 1716 sin
530 1649 648 1726 minus,
677 1672 738 1737 pro
759 1671 799 1720 eo
827 1662 930 1718 tamen
951 1651 984 1718 id
1006 1650 1191 1728 babeamus,
1220 1651 1408 1739 quoniame
1430 1659 1461 1716 tc
1483 1647 1554 1716 data

228 1745 269 1810 sit
296 1767 410 1831 opera,
441 1753 475 1810 ut
502 1745 754 1831 impetraremus.
802 1750 870 1812 Hoc
895 1767 966 1812 euna
993 1743 1070 1811 mibi
1091 1745 1300 1831 gratissimum
1321 1743 1451 1820 leceris,
1486 1751 1554 1809 turn

228 1840 315 1906 viros
351 1837 504 1926 optimos,
540 1837 684 1904 bomiaes
711 1838 947 1906 honestissimos
974 1839 1166 1926 cosdemque
1202 1839 1396 1925 gratissimos
1432 1847 1464 1904 et
1499 1847 1553 1904 tua

229 1929 456 1999 necessitudine
488 1931 701 2019 dignissimos,
737 1955 862 2000 mmmo
890 1932 1043 2000 beneficio
1071 1931 1105 2000 in
1133 1941 1321 2021 perpetuum
1349 1931 1406 1998 tibi
1428 1931 1552 2020 tuisque
1565 1950 1592 1993 ιο

228 2025 418 2094 devinxeris.

695 2169 775 2236 uu.
818 2168 867 2255 (A.
894 2172 927 2235 u.
949 2173 980 2236 c.
1003 2168 1088 2255 resp

673 2292 815 2359 CICERO
836 2295 879 2358 Μ.
900 2294 1059 2359 RUTILIO
1082 2293 1114 2359 S.

317 2408 344 2470 l.
377 2407 455 2472 Cum
484 2403 613 2470 etmihi
634 2409 777 2474 conscius
799 2425 921 2481 essem,
954 2405 1060 2491 quanti
1082 2413 1113 2471 te
1134 2403 1290 2478 lacerem,
1321 2413 1353 2470 et
1373 2413 1458 2471 tuam
1479 2423 1555 2489 erga

230 2519 281 2564 me
302 2496 550 2565 benevolentiam
573 2507 722 2585 expertus
743 2519 854 2576 essem,
877 2520 941 2564 non
963 2497 1105 2566 dubitavi
1126 2519 1145 2564 a
1166 2507 1196 2564 te
1218 2507 1345 2586 petere,
1370 2497 1456 2586 quod
1477 2496 1592 2563 mibiaa

229 2592 399 2680 petendum
428 2602 520 2660 esset.
577 2597 611 2659 P.
647 2593 783 2658 Sestium
815 2593 923 2680 quami
944 2593 1071 2670 faciam,
1099 2593 1166 2680 ipse
1194 2592 1313 2679 optime
1333 2593 1418 2669 scio,
1447 2589 1555 2680 quanti

231 2694 335 2753 aulem
357 2687 461 2753 facere
482 2685 629 2776 debeam,
645 2687 690 2781 (ct
710 2695 744 2752 tu
766 2694 797 2752 et
818 2707 928 2753 omnes
949 2685 1091 2753 homines
1119 2686 1242 2780 sciunt.)
1278 2691 1309 2753 Is
1331 2708 1403 2752 cum
1424 2708 1466 2751 ex
1486 2683 1554 2750 aliis
1621 2677 1724 2802 μ]

230 2793 262 2849 te
290 2781 353 2847 mei
385 2781 649 2848 studiosissimum
677 2802 747 2847 esse
781 2789 964 2866 cognosset,
1000 2781 1109 2867 petivit
1140 2775 1259 2855 sine,
1292 2790 1327 2846 ut
1347 2780 1386 2845 ad
1408 2791 1438 2846 te
1459 2799 1554 2866 quam

231 2875 464 2941 accuratissime
485 2874 656 2970 scriberem
684 2874 723 2940 de
744 2893 781 2940 re
804 2878 837 2942 C.
858 2873 975 2940 Albinii
997 2873 1171 2963 senueris,
1207 2873 1296 2941 cuius
1318 2896 1359 2940 ex
1380 2873 1441 2938 lilia
1463 2882 1554 2938 natus
1597 2883 1611 2971 t
1659 2857 1682 2933 ζ

232 2979 280 3036 est
301 2973 335 3035 L.
358 2972 493 3043 Sestius,
516 2968 652 3056 optimus
674 2968 870 3042 adolescens,
892 2967 974 3050 illius
996 2973 1029 3034 P.
1052 2968 1155 3034 Sestii.
1197 2972 1266 3034 Hoc
1286 2967 1405 3033 idcireo
1426 2964 1604 3050 scripsi,rs‘

231 3075 268 3132 ut
287 3063 478 3150 intelligeres
499 3083 562 3128 non
584 3062 685 3129 solum
707 3083 759 3129 mc
771 3049 840 3148 ”pro
861 3065 895 3127 P.
911 3061 1013 3128 Sestio
1027 3058 1172 3126 laborare
1188 3060 1326 3135 debere,
1348 3057 1403 3124 sed
1418 3057 1555 3124 Sestium

233 3159 326 3226 etiam
352 3178 412 3244 pro
440 3155 575 3223 Albinio.
631 3137 685 3238 1.(
690 3160 751 3221 Res
773 3164 878 3222 autem
900 3164 948 3220 est
968 3143 1118 3244 baemla
1139 3160 1180 3221 bl.
1202 3153 1336 3220 Laberio
1359 3156 1392 3220 C.
1413 3151 1555 3220 Albinius
1603 3119 1662 3214 tls

232 3253 361 3341 praedia
380 3251 414 3318 in
436 3249 683 3316 aestimationem
704 3249 841 3334 aceepit,
873 3270 954 3337 qnae
975 3247 1105 3335 praedia
1125 3247 1279 3316 Laberius
1300 3255 1420 3313 emerat
1440 3267 1459 3312 a
1481 3251 1557 3312 Cae-

233 3367 304 3411 sare
326 3345 365 3410 de
387 3343 478 3410 bonis
498 3343 655 3409 Plotianis.
705 3346 751 3408 Ea
772 3342 799 3410 si
821 3341 923 3409 dicam
944 3364 1008 3408 non
1030 3363 1099 3409 esse
1121 3365 1139 3409 e
1160 3365 1197 3409 re
1219 3342 1342 3430 pubbca
1364 3339 1477 3416 dividi,
1500 3338 1556 3406 do

233 3460 306 3506 cere
328 3448 357 3506 te
379 3437 502 3514 videar,
524 3460 588 3504 non
609 3457 733 3524 rogare.
776 3436 838 3504 Sed
859 3447 964 3503 umen
985 3457 1057 3502 curn
1079 3440 1192 3504 Caesar
1207 3436 1348 3504 Sullanas
1361 3432 1595 3500 venditionessa

234 3542 266 3600 et
286 3533 511 3619 assignationes
532 3541 616 3598 ratas
637 3552 706 3597 esse
727 3530 814 3604 velit,
837 3553 901 3618 quo
922 3530 1080 3597 firmiores
1102 3531 1320 3596 existimentur
1341 3549 1433 3604 suae,
1470 3527 1497 3593 si
1519 3547 1557 3592 ea

233 3627 362 3716 praedia
383 3625 580 3700 dividentur,
603 3645 683 3712 quae
705 3624 772 3712 ipse
794 3629 908 3692 Caesar
929 3624 1189 3717 vendidit,(qtme
1204 3623 1330 3691 tandem
1344 3623 1377 3688 in
1392 3623 1460 3688 eius
1481 3642 1557 3688 ven·

234 3720 405 3790 ditionibus
437 3741 506 3786 esse
532 3719 650 3806 poterit
670 3707 866 3877 auctoritas?
905 3718 968 3786 Sed
989 3720 1049 3786 boc
1070 3720 1162 3806 quale
1185 3719 1244 3794 sit,
1273 3727 1307 3785 tu
1327 3738 1387 3804 pro
1409 3725 1461 3782 tua
1481 3736 1558 3802 pru·
1580 3669 1629 3772 ‘i

235 3814 341 3882 dentia
361 3813 583 3881 considerabis.
626 3817 657 3879 3.
679 3818 746 3898 Ego
769 3823 798 3877 te
820 3833 911 3899 pane
932 3833 1012 3898 rogo
1034 3821 1128 3900 atque
1149 3813 1209 3888 ita,
1235 3820 1270 3877 ut
1290 3815 1410 3876 maiore
1432 3809 1554 3887 studio,

233 3911 366 3979 iustiore
388 3906 427 3974 de
449 3929 563 3983 cansa,
585 3905 684 3994 magis
705 3927 745 3971 ex
767 3905 874 3972 animo
894 3925 1009 3991 rogare
1030 3904 1106 3972 nibil
1128 3905 1262 3993 possim,
1284 3913 1320 3971 nt
1339 3902 1464 3970 Albinio
1486 3921 1594 3990 par-ss

235 4027 304 4083 cas,
326 4003 454 4092 praedia
475 4001 648 4068 Laberiana
669 4022 708 4066 ne
729 3999 871 4085 attingas.
922 4005 1033 4086 Magna
1054 4021 1105 4065 me
1126 3999 1269 4066 affeceris
1290 4019 1354 4064 non
1375 3995 1471 4063 modo
1492 3997 1558 4063 lae-

235 4100 301 4167 titia
323 4097 493 4164 sedetiam
515 4093 748 4183 quodammodo
768 4093 889 4181 gloria,
912 4094 939 4160 si
960 4097 993 4160 P.
1016 4094 1135 4160 Sestius
1156 4093 1276 4160 bomini
1297 4091 1435 4158 maxime
1451 4111 1558 4158 neces·

236 4193 321 4260 sario
343 4189 529 4258 satisfecerit
548 4211 606 4277 per
627 4210 694 4262 me,
726 4195 762 4253 ut
790 4207 850 4274 ego
870 4187 916 4253 illi
937 4187 993 4254 uni
1013 4187 1184 4274 plurimum
1211 4185 1354 4252 debeam.
1408 4184 1501 4263 Quod
1523 4193 1558 4251 ut

236 4285 345 4362 iacias,
381 4294 411 4351 te
440 4282 641 4349 vehementer
663 4282 755 4348 etiam
777 4290 871 4370 atque
892 4281 985 4347 etiam
1006 4300 1097 4365 rogo.
1146 4280 1246 4346 Maius
1267 4279 1345 4345 mibi
1366 4278 1442 4346 dare
1464 4278 1559 4346 bene·

235 4379 341 4448 ficium
362 4379 483 4447 nullum
502 4387 602 4466 potes.
644 4376 680 4442 ld
701 4375 778 4442 mibi
799 4375 952 4462 intelliges
973 4395 1041 4440 esse
1063 4373 1284 4459 gratissimum.
1482 4408 1483 4412 =
1567 4382 1595 4426 ⁴⁰

1449 4513 1559 4526 σω

306 4600 333 4651 3.
362 4600 426 4650 mill
443 4598 588 4650 arbitranti
605 4595 759 4662 &firmanti
776 4595 814 4646 ld.
847 4619 876 4632 -
926 4595 954 4646 5.
972 4607 1017 4646 aec
1035 4594 1155 4646 loliorum
1174 4594 1222 4644 bic
1240 4609 1320 4660 nepus
1338 4595 1458 4646 laborum
1475 4593 1506 4646 1.
1527 4617 1560 4632 -

238 4671 281 4722 10.
299 4671 518 4722 convictisaimum
536 4667 574 4720 ld.
601 4689 633 4704 -
670 4666 712 4716 te.
733 4667 858 4730 guentam
874 4664 921 4716 bl:
948 4679 1027 4730 quum
1045 4663 1076 4714 ll.
1103 4687 1134 4700 -
1169 4665 1214 4718 et.
1234 4664 1345 4716 Surium
1362 4665 1412 4717 ld:
1442 4664 1560 4717 81111111

238 4741 276 4801 Ε,
296 4741 406 4804 ubique.
426 4763 457 4775 -
494 4737 539 4788 11.
557 4733 626 4803 pitu]
644 4735 749 4802 [emilia
765 4734 804 4788 11.
826 4758 854 4770 -
891 4734 936 4785 er.
954 4733 1062 4785 abacto
1078 4733 1116 4784 11.
1139 4759 1167 4771 -
1204 4735 1326 4787 abactas
1343 4735 1380 4784 11.
1401 4733 1560 4787 -35,α1-

237 4810 316 4861 ienta
334 4811 372 4861 u.
392 4833 424 4846 -
458 4807 503 4860 18.
519 4805 578 4871 per]
595 4821 648 4871 pra
664 4806 701 4859 11.
722 4825 755 4844 -
789 4819 847 4857 curn
863 4829 874 4842 ·
891 4829 902 4842 ·
920 4829 932 4844 ·
948 4804 1053 4857 micam
1077 4805 1235 4858 Cratander.
1272 4805 1340 4859 cnm
1357 4804 1483 4857 Ernestte
1502 4817 1560 4856 ma·

239 4879 320 4932 limus
338 4887 368 4932 ut
385 4903 397 4918 ·
413 4904 425 4917 ·
444 4878 531 4931 debeo.
