3662 5908
583 429 657 492 lle.
689 429 771 494 KVl.
813 431 872 494 ΕΡ.
894 433 924 494 d.
946 431 976 492 d.
998 423 1028 493 7.
1051 431 1082 496 3.
1104 432 1133 494 9.

669 588 748 652 vrrr.
790 587 843 668 (A.
869 590 901 653 u.
924 590 956 653 c.
977 589 1064 668 ros.)

599 688 660 820 (Q.
684 711 826 777 crosno
848 711 984 775 rmom
1005 713 1036 775 s.
1058 695 1126 822 o.)

287 819 585 906 saragocensis
614 831 661 888 est
690 821 890 888 sollicitudini
918 822 1063 916 valetudo
1085 834 1146 890 tua.
1200 828 1293 900 Nam,
1324 827 1444 892 tametsi
1465 827 1519 913 qui

202 920 347 992 veniunt,
377 920 533 985 ἀκίνδυνα
561 930 636 1002 μέν,
672 917 871 1005 χρονιώτερα
894 918 1102 993 denuntiant,
1140 927 1242 984 manen
1262 919 1295 984 in
1316 939 1425 1004 magna
1446 940 1521 986 eon·

203 1013 354 1082 solatione
374 1011 483 1095 ingens
504 1011 586 1077 inest
606 1010 796 1084 sollicitudo,
819 1010 846 1075 si
868 1008 984 1076 diutius
1005 1033 1024 1076 a
1044 1011 1135 1077 nobis
1154 1012 1297 1078 afuturus
1313 1022 1360 1078 est
1373 1014 1408 1089 is,
1430 1013 1544 1079 cuiuss

203 1131 294 1177 usum
316 1113 348 1170 et
373 1106 557 1172 suavitatem
587 1102 793 1171 desiderando
821 1105 981 1170 sentimus.
1034 1110 1174 1172 Attamen
1204 1127 1390 1193 quamquam
1412 1105 1519 1172 videre

204 1217 234 1272 te
253 1212 317 1270 tota
338 1196 527 1282 cogitatione
550 1203 656 1288 cupio,
689 1209 793 1264 tamen
815 1207 845 1264 te
866 1198 990 1285 ponitus
1010 1220 1107 1285 rogo,
1137 1222 1176 1265 ne
1199 1211 1228 1264 te
1251 1210 1312 1266 tam
1333 1201 1444 1286 longae
1466 1223 1521 1266 na-

203 1296 352 1383 vigationi
373 1309 404 1364 et
430 1296 498 1362 viae
525 1315 584 1381 per
611 1294 748 1359 hiemem
769 1293 829 1358 nisi
850 1291 931 1356 bene
954 1291 1077 1358 lirmum
1100 1296 1272 1360 committas
1295 1315 1372 1359 neve
1394 1295 1519 1380 naviges

203 1401 263 1466 nisi
285 1401 456 1487 explorate.
498 1403 530 1462 2.
551 1397 612 1465 Vix
633 1397 666 1462 iu
686 1397 762 1484 ipsis
785 1395 872 1461 tectis
896 1405 927 1461 et
947 1395 1070 1482 oppidis
1091 1398 1191 1483 frigus
1206 1397 1328 1462 infirma
1345 1398 1518 1465 valetudine

203 1495 334 1573 vitatur3
357 1492 472 1559 nedum
491 1493 526 1559 in
546 1491 626 1557 mari
646 1501 678 1556 et
697 1495 749 1556 via
768 1491 809 1556 sit
829 1489 919 1556 facile
940 1489 1049 1556 abesse
1071 1490 1110 1555 ab
1132 1491 1245 1557 iniuria
1266 1492 1428 1578 temporis.
1531 1495 1557 1534 ¹⁰

375 1610 485 1685 Ψῦχος
510 1610 545 1670 δὲ
567 1611 669 1686 λεπτῷ
687 1616 787 1690 χρωτὶ
805 1604 1060 1688 πολεμιώτατον,

202 1717 304 1806 inquit
324 1717 502 1804 Euripides.
556 1715 668 1784 Cultu
690 1725 839 1801 quantum
861 1716 986 1790 medas,
1018 1716 1133 1782 nescio.
1175 1721 1242 1802 Ego
1269 1726 1353 1783 certe
1380 1717 1519 1803 singulos

203 1811 272 1877 eius
300 1833 411 1880 versus
440 1811 561 1895 singula
590 1809 689 1891 †eius
719 1810 896 1878 testimonia
924 1819 1011 1897 puto.
1053 1809 1167 1886 Effice,
1204 1811 1230 1876 si
1253 1833 1304 1876 me
1326 1811 1448 1897 diligis,
1484 1820 1520 1877 ut

204 1905 307 1970 valeas
340 1913 371 1970 et
398 1912 433 1970 ut
459 1904 499 1970 ad
523 1925 581 1970 nos
611 1903 718 1972 firmus
747 1924 784 1969 ac
806 1904 911 1970 valens
933 1926 1026 1991 quam
1047 1905 1184 1992 primum
1205 1905 1322 1974 venias.
1364 1911 1442 1972 Ama
1462 1926 1519 1970 nos

203 2008 236 2064 et
258 1999 337 2066 vale.
381 2001 419 2077 Q.
438 2002 477 2092 K
496 1996 554 2064 tibi
576 1997 707 2064 salutem
729 1996 813 2064 dicit.
1530 2020 1556 2058 ra

676 2142 731 2204 rx.
774 2140 825 2220 (n.
851 2141 883 2204 u
905 2140 937 2203 c.
959 2139 1046 2218 rot.)

448 2261 610 2327 TULLIUS
628 2263 683 2326 ·ET
705 2262 847 2327 CICERO
870 2262 1005 2325 TIRONI
1027 2263 1102 2326 SUO
1124 2263 1155 2327 S.
1177 2265 1210 2326 P.
1231 2266 1269 2328 I).

289 2378 318 2440 1.
346 2376 410 2438 Nos
437 2380 528 2446 ate,
557 2381 592 2438 ut
613 2373 691 2448 scis,
724 2372 923 2439 discessimus
944 2393 972 2438 a.
994 2372 1025 2437 d.
1047 2391 1093 2438 1v.
1114 2377 1193 2438 Non.
1214 2373 1381 2442 Novembr.
1404 2379 1520 2442 Leuea-

204 2469 276 2538 dem
297 2469 440 2535 venimus
461 2487 489 2531 a.
511 2465 540 2536 d.
562 2465 939 2542 v111.1dusNovembr.,
968 2488 996 2532 a.
1019 2465 1049 2533 d.
1071 2467 1290 2547 v11.Actium;
1325 2468 1370 2534 ibi
1390 2480 1521 2557 propter

205 2569 420 2650 tempestatem
442 2582 470 2626 a.
492 2559 522 2624 d.
545 2580 592 2625 vr.
614 2560 686 2628 ldus
708 2561 822 2628 morati
844 2581 961 2626 sumus.
1004 2560 1079 2626 lude
1101 2580 1128 2626 a.
1151 2560 1181 2626 d.
1203 2580 1235 2626 v.
1258 2560 1330 2628 Idus
1352 2565 1519 2652 Corcyram
1529 2580 1557 2619 *υ

204 2656 372 2722 bellissime
406 2653 630 2738 navigavimus.
683 2658 837 2744 Corcyrae
859 2652 975 2720 luimus
997 2675 1096 2740 usquc
1117 2676 1144 2719 a.
1167 2654 1196 2720 d.
1218 2674 1288 2720 xvi.
1309 2657 1437 2724 Kalend.
1459 2659 1521 2722 De·

204 2749 322 2815 cembr.
358 2745 592 2834 tempestatibus
619 2749 742 2814 retenti.
793 2756 828 2815 A.
857 2748 888 2814 d.
918 2769 976 2814 xv.
1004 2748 1132 2815 Kalend.
1154 2747 1318 2815 Decembr.
1340 2751 1373 2817 iu
1394 2763 1520 2838 portum

205 2848 454 2930 Corcyraeorum
475 2839 515 2905 ad
537 2840 705 2926 Cassiopen
733 2842 830 2908 stadia
853 2862 934 2910 cxx.
956 2844 1176 2929 processimus.
1219 2843 1266 2908 lbi
1288 2850 1399 2910 retenti
1422 2844 1522 2911 ventis

204 2958 313 3003 sumus
334 2956 435 3022 usque
456 2955 484 3003 a.
505 2934 535 3000 d.
558 2954 607 3000 rx.
621 2935 784 3002 Kalendas.
827 2941 966 3008 Interea,
989 2937 1042 3022 qui
1059 2936 1170 3023 cupide
1184 2937 1317 3024 profecti
1331 2947 1411 3010 sunt,
1433 2938 1521 3003 multi

205 3029 368 3115 naufragia
389 3028 540 3094 lecerunt.
590 3033 620 3093 2.
641 3033 704 3094 Nos
726 3050 765 3095 eo
787 3028 837 3095 die
859 3030 981 3094 coenati
1002 3029 1161 3095 solvimus.
1204 3031 1279 3096 Inde
1304 3041 1410 3097 austro
1431 3031 1556 3096 lenis-⁹³

204 3125 304 3197 simo,
340 3123 428 3188 caelo
450 3143 582 3199 sereno,
615 3131 707 3188 nocte
728 3123 780 3188 illa
802 3133 833 3189 et
854 3122 904 3188 die
925 3131 1054 3209 postero
1075 3123 1108 3188 in
1130 3123 1247 3189 Italiam
1269 3124 1308 3189 ad
1329 3124 1521 3212 Hydruntem

205 3215 370 3284 ludibundi
390 3215 608 3302 pervenimus,
646 3214 821 3304 eodemque
852 3224 946 3282 vento
974 3217 1125 3301 postridie
1147 3253 1187 3264 -
1209 3217 1242 3282 id
1271 3227 1338 3285 erat
1359 3241 1386 3283 a.
1408 3216 1438 3283 d.
1460 3238 1521 3284 vrr.

205 3312 333 3378 Kalend.
354 3309 519 3377 Decembr.
542 3346 582 3358 -
603 3308 682 3375 hora
704 3321 814 3396 quarta
835 3309 1033 3377 Brundisium
1054 3310 1216 3384 venimus:
1252 3312 1425 3398 eodemque
1446 3322 1524 3378 tern-

205 3427 283 3496 pore
305 3405 397 3470 simul
418 3403 580 3470 nobiscum
602 3404 635 3469 in
657 3405 807 3493 oppidum
828 3405 949 3471 introiit
970 3409 1129 3481 Terentia,
1152 3426 1232 3488 quae
1254 3415 1284 3470 te
1298 3405 1371 3472 lacit
1385 3406 1522 3491 plurimi.

205 3506 241 3567 Α.
264 3499 294 3564 d.
316 3519 349 3565 v.
370 3497 501 3564 Kalend.
521 3498 686 3564 Decembr.
709 3521 819 3565 servus
841 3504 896 3568 Cn.
910 3499 1026 3565 Plancii
1044 3499 1199 3565 brundisii
1218 3500 1340 3564 tandem
1356 3500 1558 3587 aliquand0⁸⁰

205 3593 282 3660 mibi
304 3615 322 3658 a
343 3601 375 3657 te
396 3591 677 3679 exspectatissimas
698 3593 817 3660 litteras
831 3593 985 3668 reddidit,
1009 3592 1096 3658 datas
1114 3593 1219 3659 idibus
1238 3590 1420 3670 Novembr.‚
1443 3615 1523 3681 quae

98 3745 105 3764 ,
205 3709 257 3754 me
285 3685 427 3752 molestia
459 3684 550 3751 valde
582 3685 740 3764 levarunt;
773 3688 892 3754 utinam
926 3687 1055 3754 omnino
1089 3687 1287 3753 liberassentl
1324 3688 1385 3753 Sed
1420 3698 1524 3753 tamen

206 3782 338 3866 Asclapo
359 3777 499 3845 medicus
520 3779 611 3866 plane
633 3779 797 3846 conlirmat
816 3780 1000 3866 propediem
1022 3787 1052 3846 te
1074 3781 1225 3846 valentem
1246 3781 1327 3846 lore.
1380 3787 1410 3847 3.
1438 3786 1525 3846 Nunc

206 3875 281 3962 quid
305 3894 364 3958 ego
386 3881 417 3938 te
439 3872 564 3947 horter,
586 3882 622 3938 ut
643 3894 768 3939 omnem
789 3875 981 3960 diligentiam
1004 3873 1152 3939 adhibeas
1173 3873 1212 3940 ad
1227 3872 1523 3940 convalescendum?

207 3974 303 4034 Tuam
325 3966 539 4056 prudentiam,
561 3969 817 4054 temperantiam,
841 3989 979 4034 amorem
1002 3989 1077 4054 erga
1098 3990 1148 4033 me
1171 3969 1263 4046 novi;
1285 3967 1350 4033 scio
1373 3977 1402 4032 te
1419 3966 1561 4032 omnia⁸⁵

207 4053 380 4137 laesurum,
414 4071 452 4127 ut
471 4058 635 4126 nobiscum
657 4065 908 4149 quamprimum
930 4064 982 4128 sis.
1027 4062 1087 4128 Sed
1109 4073 1212 4127 tamen
1233 4062 1276 4127 ita
1296 4061 1410 4136 velim,
1429 4070 1464 4126 ut
1484 4081 1523 4125 ne

207 4155 283 4243 quid
311 4176 473 4241 properes.
530 4156 751 4243 symphoniam
783 4161 913 4244 Lysonis
939 4156 1050 4220 vollem
1079 4155 1224 4228 vitusscs,
1261 4175 1301 4220 ue
1328 4155 1361 4220 iu
1383 4164 1524 4241 quartam

207 4248 403 4315 bebdomada
424 4249 589 4315 incideres.
632 4250 710 4327 Sed,
740 4250 887 4334 quoniam
909 4249 1024 4336 pudori
1046 4259 1100 4313 tuo
1123 4249 1256 4314 maluisti
1278 4245 1409 4334 obsequi
1431 4269 1524 4334 quam

208 4344 395 4419 valetudini,
432 4343 552 4430 reliqua
584 4365 670 4409 cura.
728 4342 823 4409 Curio
852 4342 939 4416 misi,
976 4351 1011 4407 ul
1039 4341 1160 4406 medico
1182 4342 1282 4407 honos
1304 4341 1474 4407 baberetur
1494 4349 1525 4406 et

207 4438 265 4502 tihi
288 4438 391 4513 daret,
428 4436 513 4524 quod
535 4459 615 4524 opus
637 4447 733 4516 esset;
767 4457 834 4512 me,
857 4437 907 4502 cui
928 4436 1088 4509 iussisset,
1112 4445 1305 4500 curaturum.
1347 4439 1471 4522 Equum
1494 4443 1525 4499 et
1534 4447 1564 4488 ⁴⁰

208 4532 328 4597 mulum
358 4530 517 4597 Brundisii
546 4531 603 4598 libi
630 4530 756 4617 reliqui.
811 4536 927 4596 Itomae
954 4550 1070 4598 vereor
1098 4550 1137 4594 ne
1166 4550 1207 4594 ex
1233 4529 1301 4594 Kal.
1328 4533 1393 4597 Ian.
1421 4525 1525 4611 magni

209 4625 359 4690 tumultus
381 4625 452 4690 sint.
493 4630 556 4691 Nos
578 4645 707 4710 agemus
729 4625 835 4689 omnia
855 4623 988 4690 modice.
1030 4626 1061 4688 ll.
1084 4621 1248 4709 Reliquum
1270 4631 1331 4698 est,
1360 4629 1394 4687 ut
1414 4628 1446 4686 te
1466 4620 1526 4684 hoc

209 4738 319 4804 rogem
342 4727 464 4784 etate
485 4727 602 4805 petam,
625 4739 664 4783 nc
686 4726 803 4783 temere
824 4717 961 4802 naviges.
1004 4717 1111 4782 Solent
1131 4724 1241 4782 nauus
1263 4715 1409 4781 festinare
1431 4735 1526 4800 quae-

279 4937 308 4988 5.
332 4938 430 4987 &retius
446 4938 522 4988 nobis
543 4939 647 5002 {utum
669 4936 708 4988 Μ.
736 4959 767 4972 -
803 4937 847 4987 13.
866 4937 937 4988 Fert.
956 4937 1060 5002 singulo
1076 4933 1217 5003 ἀληθείας
1234 4936 1393 4985 testimonio.
1420 4935 1470 4986 On.
1492 4955 1523 4972 «-

209 5007 253 5057 22.
272 5010 425 5070 lopertum
442 5007 488 5058 Ma
519 5013 635 5069 oporto
653 5006 683 5057 x.
717 5029 748 5042 -
791 5007 836 5056 33.
857 5008 997 5058 medem
1014 5007 1052 5058 Μ.
1082 5031 1112 5042 -
1148 5019 1209 5056 oens
1234 5005 1271 5056 Μ.
1298 5029 1329 5043 -
1365 5007 1408 5057 33.
1435 5006 1525 5069 plurari

210 5077 247 5128 Μ.
269 5101 298 5114 -
336 5077 381 5127 37.
399 5078 488 5130 vellem
505 5077 664 5129 Sebtltriurr
683 5075 759 5128 celion
777 5077 835 5128 ΜΕ.
857 5103 884 5116 -
923 5077 967 5128 33.
986 5079 1109 5142 quantem
1127 5077 1169 5129 ll:
1188 5089 1267 5140 quum
1288 5075 1317 5128 ll.
