3666 5874
24 647 26 652 ’
146 617 178 730 ί

305 395 345 458 to
734 389 1010 456 aalsrolaatut
1031 391 1083 454 AD
1105 391 1197 456 aaa.

301 547 410 624 rideo,
432 568 512 624 non,
533 555 570 616 ut
589 545 720 614 antebac
738 545 903 632 putabam,
925 546 1056 612 uoumti
1073 567 1143 612 essa
1155 545 1291 612 inviarm
1305 565 1410 612 meae:
1433 545 1515 617 late
1527 545 1631 622 enim,

303 639 428 728 bomine
460 641 601 710 omnium
631 639 841 716 nobilissimo,
874 639 987 706 similia
1015 640 1195 706 invidorum
1223 640 1299 706 vitia
1331 641 1495 726 perspexi3
1528 662 1630 728 quern

303 745 406 804 manen
425 736 471 803 illi
492 756 562 802 esse
581 735 616 800 in
636 733 831 822 principibus
845 733 935 800 facile
950 742 1022 799 sunt
1034 733 1133 820 passi,
1155 734 1283 800 evolare
1297 733 1388 801 altius
1407 743 1494 800 certa
1514 733 1632 800 nolue-

303 839 385 896 runt.
429 829 558 897 Gaudeo
579 837 665 894 tuam
688 827 870 894 dissimilem
890 825 988 894 luisse
1008 825 1183 906 lortuuam;
1215 827 1347 896 multam
1368 827 1452 894 euim
1473 828 1627 906 interest,

280 935 409 990 sumum
440 923 508 989 laus
535 922 738 988 imminuatur
765 943 804 988 an
832 921 915 988 salas
937 921 1111 988 deseratur.
1161 927 1211 988 lle
1233 943 1322 987 meac
1343 929 1447 987 tamen
1469 943 1509 987 ne
1530 922 1628 988 nimis

303 1017 494 1103 poeniteret,
525 1024 580 1082 tua
606 1016 722 1083 virtute
749 1015 924 1103 perfectum
950 1023 1007 1080 est
1063 1015 1186 1082 Curasti
1207 1015 1306 1092 cuim,
1335 1015 1462 1102 utplus
1483 1015 1626 1082 additum

303 1110 343 1175 ad
370 1109 555 1176 memoriam
587 1108 722 1175 nominis
756 1109 872 1185 nostri,
908 1129 1002 1195 quam
1037 1107 1196 1195 demptum
1229 1107 1269 1174 de
1297 1108 1423 1174 lcrtuna
1450 1107 1624 1175 videretur.

303 1207 334 1270 a.
356 1209 400 1270 Te
427 1224 506 1270 vero
532 1223 665 1269 emoneo
694 1223 765 1268 cum
791 1199 950 1268 beneficiis
971 1202 1049 1278 tuis,
1081 1210 1149 1268 tum
1170 1223 1277 1268 amore
1298 1201 1442 1269 incitatus
1463 1223 1554 1278 meo,
1588 1211 1624 1268 ut

303 1317 430 1362 omnem
451 1295 599 1382 gloriam,
620 1297 660 1362 ad
681 1318 814 1385 quama
835 1295 969 1384 pueritia
990 1294 1196 1364 inflammatus
1217 1295 1319 1372 inisti,
1342 1295 1428 1362 omni
1441 1317 1518 1362 cura
1530 1304 1624 1383 atquc

267 1415 295 1457 aa
304 1389 457 1457 industria
488 1411 696 1479 consequare,
725 1391 1031 1478 magnitudinemque
1065 1391 1160 1456 animi
1186 1391 1245 1465 tui,
1281 1411 1375 1478 quam
1407 1411 1467 1476 ego
1499 1411 1625 1477 semper

304 1506 375 1566 pum
396 1485 567 1550 admiratus
588 1506 775 1573 semperque
797 1485 913 1561 amavi,
934 1506 974 1550 ue
995 1505 1133 1572 unquam
1147 1483 1285 1550 iullectas
1303 1485 1486 1572 cuiusquam
1499 1485 1624 1552 iuiuda.

237 1621 240 1630 ,
292 1582 416 1663 lblagna
445 1587 496 1666 cst
524 1579 686 1646 bominum
715 1580 823 1667 opinio
856 1579 896 1645 de
927 1588 976 1655 te,
1006 1599 1118 1664 magna
1150 1578 1380 1646 commendatio
1415 1578 1625 1654 liberalitatis,

304 1693 416 1758 magna
436 1674 589 1739 memoria
610 1674 788 1740 consulatus
809 1667 874 1749 tui.)
906 1677 993 1738 llaec
1012 1672 1155 1760 prolecto
1176 1673 1264 1739 rides
1286 1682 1402 1760 quanto
1424 1673 1625 1759 expressiora

305 1763 484 1855 quantoque
511 1768 684 1834 illustriora
709 1767 815 1833 lutura
840 1767 918 1842 sint,
954 1787 1026 1832 cum
1054 1767 1245 1854 aliquantum
1274 1789 1314 1832 ex
1341 1765 1503 1854 provincia
1531 1774 1625 1852 atquc

268 1882 347 1926 saer
366 1860 501 1947 imperio
522 1861 622 1928 laudis
643 1861 819 1928 accesserit
873 1864 1069 1948 Quamquam
1090 1869 1122 1926 tc
1143 1861 1187 1927 ita
1208 1879 1321 1946 gerere
1341 1860 1430 1936 volo,
1465 1880 1546 1946 quae
1568 1879 1627 1945 per

305 1955 480 2022 exercitum
509 1964 602 2042 atque
630 1956 799 2043 imperium
820 1954 956 2041 gerenda
977 1962 1069 2032 sunt,
1090 1962 1126 2020 ut
1145 1955 1223 2020 baec
1243 1956 1342 2021 multo
1363 1962 1435 2019 ante
1455 1952 1624 2027 meditere,

304 2047 366 2114 buc
386 2056 417 2113 te
439 2070 545 2136 pares,
582 2049 659 2114 baec
680 2049 815 2136 cogites,
844 2048 884 2115 ad
905 2047 982 2114 baec
1001 2056 1034 2114 te
1054 2069 1203 2114 exerceas
1225 2050 1402 2136 sentiasque
1423 2047 1519 2112 -id
1540 2045 1627 2133 quod

304 2141 379 2230 quia
400 2161 525 2228 semper
545 2143 692 2228 sperasti,
724 2165 789 2209 non
810 2141 921 2208 drabito
942 2143 1018 2228 quin
1039 2141 1169 2229 adeptus
1189 2142 1344 2228 intelligas
1366 2175 1405 2190 ·-
1428 2151 1459 2207 te
1480 2140 1627 2206 facillime

304 2255 398 2320 posse
418 2234 563 2302 obtinere
590 2257 745 2302 summum
767 2245 860 2322 atque
885 2235 1068 2301 altissimum
1097 2235 1229 2322 gradum
1250 2237 1393 2303 civitatis.
1441 2238 1530 2312 Quae
1557 2234 1628 2321 qui·

267 2329 377 2399 odem
398 2349 469 2394 mea
489 2331 665 2396 cohortatio
687 2351 726 2396 nc
748 2329 804 2395 tibi
825 2329 926 2395 inanis
947 2339 1001 2394 aut
1022 2330 1089 2394 sine
1110 2351 1203 2396 causa
1224 2339 1367 2417 suscepta
1388 2329 1545 2404 videatur,
1572 2328 1627 2394 illa

305 2443 356 2488 me
377 2423 459 2488 ratio
480 2425 598 2499 morit,
626 2432 713 2489 utta
735 2445 776 2488 ex
797 2423 912 2488 nostris
934 2423 1053 2488 creatis
1074 2424 1291 2491 communibus
1317 2423 1548 2490 admonendum
1568 2444 1628 2509 pu-

305 2523 419 2590 tarem,
440 2523 476 2580 ut
496 2516 728 2591 considerares,
755 2515 789 2582 in
817 2517 903 2581 omni
924 2517 1045 2604 reliqna
1067 2517 1129 2583 rita
1151 2518 1265 2605 quibus
1287 2518 1448 2594 crederes,
1476 2537 1555 2604 quos
1576 2537 1629 2582 ca·

305 2629 409 2676 rores.
463 2615 512 2676 10.
549 2610 644 2690 Quod
675 2609 786 2676 scribis
814 2619 845 2675 tc
872 2610 952 2676 velle
969 2599 1085 2687 (scire,
1119 2611 1177 2703 ῳ·
1202 2611 1243 2678 sit
1273 2613 1322 2678 rei
1349 2610 1491 2699 publicae
1513 2601 1633 2691 status)
1760 2651 1767 2666 ·
1823 2563 1824 2584 Χ

306 2725 427 2770 marma
447 2704 601 2771 dissensio
623 2712 685 2779 est,
707 2704 764 2770 sed
785 2704 942 2770 contentio
964 2704 1081 2791 dispar.
1124 2710 1201 2770 Nam
1215 2705 1269 2793 qui
1283 2705 1354 2791 plus
1369 2705 1498 2792 opibus,
1520 2705 1626 2778 armis,

269 2798 445 2886 upotcntia
466 2799 582 2874 valam,
610 2797 781 2885 profecisse
803 2806 921 2863 tantum
950 2798 1028 2864 mibi
1053 2799 1200 2865 videntur
1221 2800 1350 2867 stultitia
1371 2807 1402 2865 et
1423 2798 1627 2865 inconstantia

305 2891 569 2968 adversariorum,
590 2901 626 2958 ut
647 2892 741 2958 etiam
762 2891 946 2958 auctoritate
967 2892 1030 2958 iam
1050 2893 1120 2979 plus
1141 2894 1291 2960 valerent
1333 2898 1441 2981 ltaque
1462 2892 1628 2980 perpaucis

305 2985 543 3054 adversantibus
573 2986 701 3064 omnia,
737 3007 817 3074 quae
847 3005 889 3051 na
915 3006 974 3072 per
1001 2987 1154 3074 populum
1181 2986 1307 3075 quidem
1330 2987 1398 3054 siae
1419 2987 1570 3053 seditione
1591 3005 1627 3052 se

259 3087 264 3097 '
305 3081 430 3167 assequi
455 3080 709 3158 arbitrabantur,
745 3089 967 3168 pectenatum
988 3080 1148 3147 consecuti
1169 3090 1254 3160 suut;
1286 3103 1359 3146 nam
1386 3090 1419 3147 et
1438 3080 1626 3168 stipendium

306 3173 432 3240 Caesari
452 3175 613 3241 decretum
635 3184 682 3242 est
703 3183 735 3241 et
756 3174 865 3241 decem
885 3174 979 3259 legati
1000 3182 1048 3249 et,
1076 3195 1116 3239 aa
1137 3175 1207 3260 lege
1234 3175 1418 3261 Sempronia
1445 3174 1628 3240 succedere-

269 3276 374 3344 aatur,
397 3266 487 3334 lacile
509 3268 684 3355 perlectum
705 3277 763 3335 est.
806 3267 900 3346 Quod
921 3288 961 3333 eo
982 3267 1023 3334 ad
1043 3277 1075 3333 te
1088 3267 1217 3334 brevius
1231 3267 1352 3344 scribo,
1375 3268 1448 3355 quia
1463 3289 1513 3334 me
1530 3276 1628 3334 status

306 3360 357 3426 bic
377 3361 427 3426 rei
447 3361 590 3448 publicae
612 3383 675 3427 non
697 3362 845 3427 delectat:
868 3359 974 3427 scribo
992 3369 1111 3436 mmen,
1134 3371 1170 3427 ut
1183 3370 1213 3426 tc
1228 3361 1429 3436 admoneam,
1451 3361 1537 3448 quod
1549 3361 1628 3447 ipse,

305 3454 418 3521 litteris
449 3455 596 3521 omnibus
631 3476 650 3520 a
677 3455 813 3543 pueritia
846 3453 992 3530 deditus,
1029 3453 1224 3541 experiendo
1263 3463 1366 3521 tamm
1400 3455 1499 3540 magis
1534 3476 1628 3542 quam

306 3547 457 3614 discendo
485 3549 635 3634 cognovi,
667 3557 703 3615 tu
731 3549 794 3614 tuis
824 3547 920 3614 rebus
948 3548 1078 3633 integris
1097 3539 1211 3614 'discas
1241 3571 1344 3636 neque
1373 3550 1481 3616 salutis
1502 3559 1627 3614 nostrae

304 3641 460 3708 rationem
482 3641 655 3709 habendam
676 3641 767 3708 nobis
789 3661 858 3706 esse
880 3641 947 3706 sina
969 3641 1118 3726 dignitate
1138 3663 1241 3730 neqw
1263 3643 1420 3728 dignitatis
1435 3643 1502 3708 sine
1519 3643 1627 3708 salute.

270 3739 359 3803 sall.
383 3735 476 3814 Quod
497 3736 575 3802 mibi
599 3737 639 3801 de
658 3735 721 3802 lilia
748 3745 780 3801 et
800 3735 840 3802 de
867 3735 1051 3824 Crassipede
1078 3737 1259 3821 gratularis,
1294 3757 1430 3822 agnosco
1457 3735 1629 3802 humanita-

307 3837 371 3894 tem
400 3839 501 3904 tuam,
534 3850 692 3916 speroque
719 3838 750 3894 et
776 3837 852 3916 opto
879 3828 971 3895 nobis
997 3829 1077 3894 banc
1105 3831 1356 3914 coniunctionem
1376 3828 1527 3917 voluptati
1549 3829 1627 3895 lore.

306 3923 473 3989 Lentulum
492 3923 607 3988 eximia
627 3945 683 4010 spe
710 3945 849 3990 summae
870 3923 995 3990 virtutis
1016 3923 1244 3990 adolescentem
1265 3945 1336 3990 cum
1358 3926 1470 3990 ceteris
1491 3923 1628 3999 artibus,

307 4013 423 4102 quibus
443 4017 588 4084 studuisti
609 4039 734 4105 semper
755 4017 839 4104 ipse,
871 4029 938 4084 tum
959 4019 991 4084 in
1013 4018 1123 4104 primis
1156 4018 1329 4084 imitatione
1351 4020 1396 4084 tui
1416 4020 1466 4086 lac
1487 4017 1627 4096 erudias;

307 4111 391 4177 nulla
424 4111 507 4176 onim
530 4112 590 4177 erit
611 4111 669 4176 bac
689 4112 899 4198 praestantior
920 4111 1098 4196 disciplina:
1134 4133 1228 4199 quem
1249 4135 1324 4187 nos,
1357 4122 1388 4177 et
1410 4114 1483 4200 quia
1506 4121 1576 4178 tuus
1598 4120 1629 4176 et

269 4206 381 4292 soquia
403 4214 433 4270 tc
455 4205 567 4291 dignus
589 4215 637 4271 est
657 4205 739 4270 filius
760 4215 793 4270 et
812 4205 886 4292 quia
906 4227 965 4272 nos
986 4205 1088 4292 diligit
1108 4227 1296 4294 semperque
1318 4206 1442 4282 dilexit,
1464 4205 1497 4272 in
1518 4205 1629 4293 primis

307 4321 447 4366 amamus
469 4320 639 4386 carumque
661 4297 822 4365 babemus.

376 4502 403 4552 3.
432 4509 520 4552 tameo
545 4502 593 4552 atel
619 4500 703 4552 Codd.
731 4501 759 4551 ln
778 4513 865 4564 marg.
886 4501 970 4563 llcpp.
991 4499 1086 4549 bamb.
1106 4499 1162 4551 Clr.
1184 4500 1371 4550 llermannum
1398 4499 1628 4564 Sclalztp.1829.

307 4585 334 4634 p.
364 4571 426 4622 ⁸132.
456 4601 484 4611 -
523 4572 549 4622 8.
576 4571 746 4622 mansell:
774 4585 865 4621 moneo
884 4570 915 4620 Ε.
936 4593 967 4606 ·-
1003 4570 1173 4634 beraaficcats'a's
1195 4571 1233 4620 Μ.
1262 4591 1293 4606 ·
1329 4571 1374 4621 m.
1392 4583 1419 4620 aa
1445 4571 1547 4634 assequi
1582 4569 1628 4620 lle

307 4655 333 4692 aa
348 4655 423 4704 posse
448 4644 550 4707 msaqul
575 4643 606 4692 ll.
634 4667 666 4678 -
696 4642 741 4692 39.
759 4655 792 4691 aa
809 4642 833 4690 et
850 4641 904 4704 laga
926 4640 1083 4689 Lambinus.
1104 4667 1132 4677 -
1171 4640 1214 4689 30.
1234 4641 1304 4703 qaod
1321 4655 1351 4691 eo
1370 4640 1391 4689 V
1409 4653 1471 4690 cum
1491 4654 1562 4689 corr.
1583 4639 1628 4691 ll:

307 4713 376 4774 quod
400 4725 447 4777 ego
465 4727 505 4776 pr.
526 4711 571 4772 ld,
590 4715 660 4776 qasod
679 4712 710 4761 ll.
729 4733 763 4746 -
798 4712 842 4761 ³2.
861 4711 955 4760 litteris
981 4712 1094 4774 optumis
1119 4710 1249 4773 Excerpta
1268 4711 1385 4761 Caesae.
1422 4710 1516 4759 llalim
1536 4711 1631 4759 litteris

307 4783 492 4832 commonibus.
512 4781 562 4832 alr.
582 4782 616 4832 da
642 4784 716 4833 Orat.
743 4783 761 4832 a
786 4778 816 4843 C.
841 4780 890 4830 ¹12.
931 4781 983 4830 Oa.
1012 4805 1045 4814 -
1081 4780 1125 4830 33.
1157 4777 1197 4843 ta]
1226 4781 1297 4830 l'ort.
1321 4788 1351 4830 ta
1368 4787 1408 4830 at.
1438 4781 1488 4831 Oa.
1510 4805 1541 4816 -
1578 4780 1630 4830 aaa

307 4851 382 4900 rebar
399 4850 443 4903 lda
462 4853 609 4902 arbustula
628 4853 658 4902 Ε.
685 4877 714 4890 -
753 4849 797 4902 37.
817 4851 954 4901 ιοηωὶιιηι
974 4851 1020 4902 lla
1041 4850 1176 4902 Latmum
1193 4857 1312 4900 acstmm
1331 4851 1361 4900 a.
1380 4849 1473 4902 Malim
1493 4849 1630 4900 Lactantem

308 4927 405 4982 taam,
423 4923 550 4987 absorpto
567 4937 593 4976 r.
616 4929 690 4974 taam
707 4936 724 4973 a
743 4921 793 4974 lltt.
819 4921 913 4972 mam.
931 4917 983 4974 on.
1011 4945 1041 4958 -
1077 4921 1175 4972 mimia
1200 4933 1266 4985 apa,
1296 4935 1412 4973 mmmm
1428 4920 1594 4972 cirtattsll.
