3680 5944
689 425 763 488 Llll.
785 423 864 488 Vlll.
906 426 965 490 ΕΡ.
990 423 1038 487 13.
1459 431 1520 494 itu

203 581 292 649 ribce
323 590 354 648 et
385 582 470 667 large
503 579 690 667 responderi
722 579 876 656 viderem,
898 581 985 660 ,duxi
1015 603 1117 648 meam
1145 583 1313 660 rationem:
1350 609 1442 674 quam
1464 588 1520 654 tibi

204 676 294 742 facile
316 697 366 740 me
387 673 592 761 probaturum
619 696 678 761 pro
707 683 762 741 tuo
791 676 824 740 in
846 697 895 742 me
917 675 1070 744 beneficio
1094 677 1277 746 arbitrabar.
1320 685 1519 748 Memineram

205 793 257 836 me
279 791 347 836 esse
369 791 483 844 unum,
518 768 572 854 qui
594 789 653 854 pro
675 769 753 834 meis
774 769 922 836 maximis
943 770 976 835 in
997 793 1065 836 rem
1086 771 1241 857 publicam
1264 775 1383 841 meritis
1404 776 1522 862 suppli-

204 864 252 928 cia
273 863 448 928 miserrima
471 871 502 926 et
523 863 738 928 crudelissima
761 863 972 950 pertulissem3
995 887 1045 930 me
1067 887 1135 932 esse
1153 889 1265 942 unone,
1289 869 1359 954 qui,
1382 870 1409 935 si
1423 870 1522 936 olien-

204 957 318 1022 dissom
341 955 409 1020 eius
431 955 585 1031 animum,
608 956 674 1028 cui,
697 977 768 1021 cum
790 957 851 1020 iam
874 961 905 1022 iu
927 958 1022 1024 armis
1044 980 1199 1034 essemus,
1222 963 1398 1028 consulatus
1419 971 1542 1028 tannen-i

203 1050 283 1116 alter
304 1057 335 1114 et
357 1049 533 1135 triumphus
554 1051 762 1136 amplissimus
792 1049 1010 1126 deserebatur,
1043 1051 1216 1118 subiicerer
1237 1053 1354 1118 eisdem
1377 1056 1519 1142 procliis:

203 1153 238 1209 ut
258 1164 326 1208 mea
353 1163 488 1228 persona
517 1165 641 1229 semper
662 1143 702 1208 ad
724 1143 941 1229 improborum
963 1145 1077 1210 civium
1100 1147 1233 1232 impetus
1261 1147 1378 1234 aliquid
1399 1147 1522 1213 sidere·

203 1235 393 1302 turbabere
416 1238 577 1323 populare.
620 1243 720 1324 Atque
741 1236 818 1302 haec
839 1259 902 1304 non
924 1257 983 1322 ego
1005 1239 1093 1323 prius
1114 1261 1184 1305 sum
1205 1242 1398 1327 suspicatus,
1428 1262 1519 1328 quarn

202 1331 279 1396 mihi
300 1330 402 1416 palam
425 1329 602 1396 denuntiata
624 1340 715 1408 sunt;
739 1351 841 1416 neque
863 1353 899 1395 ea
921 1341 984 1396 tam
1003 1333 1164 1418 pertimui,
1187 1334 1214 1401 si
1229 1334 1390 1402 subeunda
1408 1347 1519 1410 essent,

202 1446 296 1513 quam
331 1423 513 1490 declinanda
541 1424 664 1509 putavi,
701 1424 727 1488 si
755 1421 885 1489 honeste
917 1425 1015 1490 vitare
1036 1446 1171 1511 possem.
1215 1433 1244 1494 8.
1268 1431 1369 1510 Quam
1390 1427 1519 1494 brevem
1530 1438 1555 1474 ¹⁰

201 1519 284 1584 illius
305 1518 477 1604 temporis,
510 1516 583 1583 dum
605 1518 637 1582 in
660 1537 715 1602 spe
736 1537 797 1602 pax
820 1515 894 1591 suit,
936 1516 1089 1583 rationem
1112 1530 1249 1586 nostram
1271 1522 1375 1601 vides3
1405 1521 1519 1608 reliqui

201 1614 378 1680 facultatem
400 1633 451 1677 res
473 1611 598 1677 ademit.
642 1616 683 1676 Iis
704 1621 826 1684 autom,
849 1610 962 1696 quibus
985 1633 1047 1677 nou
1069 1613 1245 1690 satisfacio,
1278 1615 1368 1682 facile
1390 1636 1519 1700 respon·

201 1707 279 1774 deo:
310 1727 411 1792 neque
440 1705 522 1772 enim
556 1726 615 1790 ego
637 1704 769 1770 amicior
791 1708 823 1772 C.
847 1704 970 1770 Caesari
993 1727 1129 1792 unquam
1150 1707 1198 1773 fui
1220 1728 1311 1794 quam
1334 1709 1395 1786 illi;
1418 1730 1518 1795 neque

200 1801 245 1866 iili
266 1799 431 1866 amiciores
452 1799 500 1864 rei
521 1798 784 1885 publicae.quam
812 1818 881 1883 ego.
924 1802 992 1865 Hoc
1017 1799 1099 1865 inter
1129 1821 1179 1866 me
1206 1813 1237 1868 et
1267 1802 1338 1870 illos
1373 1802 1514 1874 interest,

200 1892 300 1978 quod.
323 1914 394 1958 cum
417 1901 448 1958 et
468 1892 512 1957 illi
535 1893 620 1958 cives
641 1891 752 1978 optimi
774 1891 837 1956 sint
858 1901 890 1956 et
910 1912 970 1976 ogo
992 1891 1031 1958 ab
1053 1894 1110 1958 ista
1133 1895 1225 1960 laude
1243 1917 1304 1962 non
1320 1895 1436 1970 absim,
1458 1916 1518 1980 ego
1531 1909 1554 1947 ¹⁵

200 1985 453 2062 condicionibus,
491 1987 576 2073 quod
606 1987 689 2052 idem
720 1999 749 2050 te
783 1986 998 2052 intellexeram
1029 1987 1122 2063 velle,
1158 1989 1202 2054 illi
1231 1991 1325 2056 armis
1354 1990 1516 2076 disceptari

200 2080 386 2147 maluerunt.
430 2084 518 2159 Quae
541 2082 687 2168 quoniam
709 2080 790 2145 ratio
813 2079 902 2152 vicit,
925 2079 1084 2165 perficiam
1106 2082 1282 2168 prosecto,(
1288 2094 1321 2149 ut
1343 2106 1444 2171 neque
1465 2106 1517 2150 res
1606 2145 1614 2160 ,

200 2173 324 2260 publica
346 2173 421 2240 civis
443 2197 462 2241 a
484 2196 535 2240 me
557 2175 694 2240 animum
716 2195 818 2261 neque
841 2183 874 2240 tu
895 2174 984 2240 amici
1007 2174 1195 2278 desideres.)
1566 2144 1639 2224 ΙΨ

667 2319 738 2380 rii.
780 2315 831 2398 (A.
858 2317 890 2380 u.
912 2317 944 2380 o.
966 2315 1051 2402 705.)

675 2439 817 2504 ClCERO
839 2439 984 2503 ATTICO
1008 2440 1040 2504 S.
1524 2464 1552 2506 eo

281 2556 310 2619 1.
332 2549 409 2618 Mihi
429 2549 594 2616 molestior
615 2547 769 2635 lippitudo
798 2559 865 2614 erat
885 2548 996 2622 ctiam,
1025 2571 1119 2636 quam
1140 2560 1210 2617 ante
1232 2551 1345 2620 lucrat.
1388 2555 1515 2624 llictare

197 2657 299 2712 tamen
320 2646 399 2712 hanc
420 2644 583 2731 epistolam
612 2643 707 2708 malui
740 2663 832 2729 quam
864 2643 951 2709 Gallo
973 2643 1088 2718 Fadio,
1119 2647 1330 2712 amantissimo
1352 2648 1515 2736 utriusque

196 2746 356 2813 nostrum.
378 2739 455 2805 nihil
477 2738 516 2804 ad
538 2747 568 2804 le
590 2738 763 2802 litterarum
786 2736 871 2801 dare.
913 2741 989 2801 Nam
1011 2738 1113 2823 pridie
1136 2738 1261 2826 quidem
1277 2762 1404 2826 quoquo
1420 2744 1514 2808 modo

195 2843 374 2920 potueram,
407 2833 593 2920 scripseram
627 2831 693 2916 ipsc
722 2851 774 2895 eas
804 2828 937 2905 litteras,
971 2852 1105 2916 quarum
1135 2832 1382 2899 vaticinationem
1405 2834 1511 2900 salsam

196 2948 264 2992 esse
292 2927 395 3012 cupio.
437 2926 538 2992 Huius
563 2935 666 2990 autem
688 2923 838 3010 epistolae
860 2944 923 2988 non
944 2923 1046 2988 solum
1068 2947 1104 2988 ea
1127 2946 1218 2990 causa
1241 2935 1302 2998 est,
1325 2937 1359 2992 ut
1381 2949 1420 2991 ne
1442 2929 1550 3022 quista
1653 2897 1670 3028 d

196 3041 213 3084 a
235 3041 286 3086 me
309 3019 375 3086 dies
396 3019 634 3092 intermittatur,
657 3017 733 3104 quin
755 3017 825 3082 dem
848 3017 887 3081 ad
909 3028 939 3082 te
961 3016 1095 3092 litteras,
1117 3019 1173 3083 sed
1192 3020 1284 3083 etiam
1299 3018 1375 3084 haec
1390 3019 1511 3096 iustior,
1752 3019 1754 3023 ’

196 3121 231 3180 ut
253 3136 270 3180 a
292 3123 322 3180 te
344 3114 557 3201 impetrarem,
582 3121 617 3176 ut
637 3131 778 3176 sumeres
799 3109 916 3198 aliquid
939 3115 1107 3196 temporis;
1130 3133 1194 3198 quo
1216 3113 1287 3199 quia
1310 3112 1365 3177 tibi
1386 3114 1512 3198 perexi-

195 3229 258 3294 guo
280 3229 360 3295 opus
382 3215 441 3280 est,
478 3205 628 3292 explicari
650 3203 725 3268 mihi
748 3213 835 3269 tuum
858 3203 1020 3269 consilium
1043 3205 1133 3289 plane
1154 3206 1243 3280 volo,
1266 3218 1300 3272 ut
1320 3207 1443 3292 penitus
1465 3208 1511 3272 in-

195 3301 340 3387 telligam.
383 3305 412 3365 2.
436 3302 548 3365 Omnia
569 3308 641 3364 sunt
662 3298 782 3382 integra
811 3297 911 3363 nobis.
954 3297 1035 3362 b'ihii
1064 3300 1316 3386 praetermissum
1340 3309 1403 3375 est,
1426 3299 1508 3386 quod

194 3416 257 3461 nou
279 3394 391 3460 habeat
410 3395 582 3481 sapientem
605 3392 859 3466 excusationem,
883 3412 945 3456 non
967 3389 1061 3457 modo
1081 3391 1285 3478 probabilem.
1328 3400 1403 3460 Nam
1426 3405 1549 3460 certe-³n

194 3509 296 3574 neque
318 3498 382 3555 tum
404 3487 545 3575 peccavi,
577 3507 648 3551 cum
669 3485 851 3572 imparatam
881 3489 1033 3569 Capuam,
1063 3507 1126 3550 non
1155 3485 1255 3552 solum
1287 3487 1427 3574 ignaviae
1456 3490 1510 3553 de-

194 3582 305 3658 decus,
341 3583 512 3648 sedetiam
534 3579 684 3668 perfidiae
706 3579 913 3665 suspicionem
936 3578 1075 3662 lugiens,
1109 3579 1249 3665 accipere
1271 3581 1372 3660 nolui;
1406 3605 1508 3668 nequo

193 3697 262 3741 cum
284 3685 355 3762 post
376 3677 575 3744 condiciones
596 3673 681 3760 pacis
702 3694 759 3760 per
782 3677 816 3738 L.
839 3677 1003 3738 Caesarem
1026 3683 1057 3738 et
1077 3672 1224 3740 Fabatum
1240 3675 1344 3739 allatas
1360 3677 1440 3751 cavi,
1467 3699 1506 3741 ne

193 3769 331 3836 animuin
354 3769 422 3837 eius
444 3767 654 3842 offenderem,
677 3766 727 3833 cui
748 3765 914 3852 Pompeius
936 3765 998 3831 iam
1020 3777 1156 3834 armatus
1178 3779 1298 3833 armato
1313 3770 1505 3836 consulatum

191 3865 447 3952 triumphumque
479 3862 625 3928 deferret.
682 3865 712 3927 3.
740 3865 803 3925 Nec
832 3881 908 3925 vero
940 3860 1017 3925 haec
1046 3871 1186 3927 extrema
1209 3863 1373 3950 quisquam
1405 3876 1545 3950 potestas

191 3959 260 4024 iure
282 3955 531 4044 reprehendere,
554 3953 638 4044 quod
660 3976 747 4020 mare
769 3975 831 4018 non
853 3953 1040 4020 transierim.
1083 3955 1118 4020 ld
1140 3955 1239 4032 enim,
1263 3957 1320 4021 etsi
1336 3967 1401 4022 erat
1423 3959 1505 4038 †de·

191 4051 401 4126 liberationis,
424 4061 526 4117 tamen
549 4049 639 4116 obire
661 4071 724 4114 non
746 4047 842 4134 potui.
885 4051 991 4133 Neque
1013 4047 1095 4113 enim
1112 4049 1263 4135 suspicari
1278 4047 1392 4122 debui,
1416 4071 1506 4136 prae-

191 4149 299 4210 sertim
321 4167 392 4210 cum
414 4167 455 4210 ex
476 4143 574 4230 ipsius
594 4143 735 4229 Pompeii
756 4141 884 4216 litteris,
918 4139 1000 4206 idein
1024 4141 1109 4228 quod
1130 4143 1222 4207 video
1245 4152 1273 4207 te
1295 4143 1503 4223 existimasse,

262 4338 286 4386 1.
313 4333 395 4401 torpe]
423 4336 498 4386 tarde
529 4334 574 4385 Ill.
602 4360 631 4372 -
668 4346 752 4384 meam
770 4339 851 4381 tecum
876 4334 1006 4382 rationem
1033 4331 1056 4380 1.
1085 4357 1114 4368 -
1152 4331 1178 4382 3.
1204 4334 1232 4382 in
1250 4335 1399 4396 republica
1417 4335 1448 4385 11.
1472 4359 1499 4371 -

190 4407 217 4457 5.
236 4408 294 4466 eui,
313 4420 458 4457 cumcorr.
477 4405 520 4456 bl:
552 4406 716 4456 euttucum
735 4415 774 4465 pr.
795 4401 839 4461 M,
863 4403 995 4462 eutium,
1020 4415 1077 4450 eum
1095 4401 1163 4452 utu.
1185 4427 1213 4439 -
1252 4403 1278 4454 3.
1301 4401 1418 4466 proeliis]
1441 4419 1503 4469 pre·

190 4476 258 4526 cellis
277 4476 393 4528 malebat
411 4477 504 4528 nescio
523 4475 583 4540 quis
602 4473 671 4536 apud
691 4471 850 4522 corradum.
872 4495 902 4507 -
940 4473 983 4520 ia.
1004 4471 1161 4533 respondebo
1181 4472 1213 4521 tt.
1235 4499 1263 4509 -
1302 4473 1343 4523 13.
1364 4476 1500 4526 estimem.

191 4561 230 4610 pr·
251 4547 286 4597 Μ.
309 4570 339 4582 -
376 4548 419 4597 15.
439 4547 529 4596 obsum
548 4559 588 4608 pr·
608 4545 646 4595 Μ.
666 4564 696 4577 -
734 4540 777 4591 13.
796 4541 974 4592 intellexeram
993 4548 1017 4591 te
1035 4541 1066 4590 u.
1089 4567 1115 4577 -
1155 4541 1197 4591 17.
1217 4541 1288 4606 vicit]
1309 4545 1378 4592 misit
1398 4543 1443 4605 bi,
1462 4547 1501 4595 in·

189 4616 272 4678 siti,
298 4619 446 4668 omiseoest
465 4618 497 4666 lt.
546 4610 1001 4674 (correctumaxmg.bietmg.
1022 4611 1233 4671 3131111311.)-
1274 4613 1316 4662 18.
1338 4611 1410 4676 ciuis]
1430 4617 1501 4664 euius

190 4701 230 4749 pr.
249 4686 286 4738 Μ.
305 4709 339 4722 -
356 4688 401 4736 21.
421 4687 551 4750 lippitudo
570 4697 625 4734 om.
645 4683 696 4732 ΜΙ.
716 4681 801 4739 (Fert.
820 4681 878 4729 eiua
897 4677 957 4730 loco
975 4686 1033 4730 erat
1051 4681 1183 4731 Graecum
1203 4695 1261 4730 voc.
1281 4681 1369 4748 λήμη.
1390 4683 1453 4748 On.)
1472 4709 1498 4718 --

188 4758 233 4806 2⁸2.
253 4757 335 4806 Fadio
354 4756 489 4809 Orellius:
521 4755 603 4806 Fabio
621 4751 716 4804 11111111.
746 4775 775 4787 -
814 4748 858 4799 33.
878 4746 949 4813 haee]
968 4751 1015 4800 boc
1034 4765 1073 4814 pr.
1094 4751 1130 4801 Μ.
1162 4775 1192 4787 -
1229 4751 1273 4800 37.
1293 4767 1342 4815 quo
1361 4755 1423 4817 quio
1442 4755 1500 4816 tibi]

187 4828 256 4890 quod
274 4827 322 4877 tibi
339 4834 363 4878 et
380 4829 443 4891 quia
461 4838 502 4890 pr.
522 4825 560 4876 Μ.
580 4825 650 4874 Fort.
671 4833 722 4886 quo
740 4819 786 4868 tibi
798 4822 871 4882 quio.
892 4821 971 4872 bair.
991 4844 1022 4856 ··
1057 4823 1197 4886 pereriquo
1217 4828 1329 4884 ternpore
1348 4838 1411 4886 opus
1426 4825 1447 4874 Ι.
1469 4850 1497 4862 -

187 4897 231 4948 31.
251 4899 413 4961 imparatam
430 4898 459 4947 1:
479 4899 636 4958 imperatum
654 4891 713 4951 zu,
732 4891 893 4952 imparatam
911 4894 965 4942 inm
983 4891 1013 4942 ti.
1051 4891 1101 4946 (lle
1120 4891 1146 4941 Μ
1165 4905 1219 4940 nou
1239 4893 1303 4941 satis
1321 4891 1447 4958 constet.)
1469 4918 1496 4928 -

186 4966 447 5018 dedemoretttns:
466 4961 682 5022 dehortatum,
702 4961 811 5010 detectam
830 4959 851 5010 1.
870 4984 904 4995 -
940 4959 983 5011 33.
1004 4960 1113 5010 Fabium
1131 4961 1165 5010 ttt
1184 4966 1210 5011 et
1229 4975 1283 5024 mg.
1303 4962 1341 5014 Μ.
1379 4963 1421 5019 tUt
1440 4977 1499 5024 nos,

187 5035 256 5097 ΖΜ.)
266 5063 296 5072 -
318 5037 362 5089 33.
376 5029 581 5097 deliberationis]
591 5035 663 5084 t‘ort.
676 5031 827 5084 deliberatio
838 5031 930 5094 omnis,
941 5038 969 5082 ut
981 5031 1040 5082 Lib.
1050 5031 1078 5092 8,
1091 5031 1117 5090 3,
1131 5032 1157 5082 1.
1176 5031 1227 5084 On.
1243 5058 1271 5069 -
1292 5032 1337 5084 33.
1357 5040 1382 5086 te
1393 5035 1466 5086 uideo
1478 5036 1500 5085 t.
