3658 5930
682 449 755 510 LlB.
777 448 831 510 IX.
873 448 933 510 ΕΡ.
955 446 985 510 8.
1008 448 1037 508 9.
1444 451 1506 514 617

190 605 290 674 xime,
327 615 362 670 ut
390 602 429 667 de
456 623 507 668 me
535 600 671 668 scribant
692 624 785 689 quam
807 602 1051 687 diligentissime.
1096 607 1322 691 oppugnamur
1343 607 1441 683 enim,
1472 619 1508 675 ut

188 699 301 773 audio,
324 708 355 763 et
376 718 393 762 a
415 695 631 783 praesentibus
652 695 838 781 quibusdam
855 706 885 761 et
899 716 957 782 per
975 697 1103 763 litteras.
1147 698 1188 764 lis
1209 699 1252 764 ita
1267 701 1503 777 ocanrendum
1607 777 1611 786 ¹

188 802 223 857 ut
243 793 291 858 rei
313 790 494 876 magnitudo
516 791 661 877 postulat.
705 794 734 854 1.
757 788 863 856 Fufius
885 789 1031 865 estillic,
1055 791 1131 857 mibi
1146 791 1386 865 inimicissimus.
1410 795 1508 872 Quin·
1585 787 1607 865 25

187 897 237 951 tus
264 885 347 951 misit
372 884 470 949 lilium
498 905 561 950 non
593 883 693 950 solum
726 883 776 948 sui
808 881 1044 968 deprecatorem
1078 885 1135 952 sed
1171 885 1271 952 etiam‘
1294 898 1506 955 accusatorem

188 983 259 1045 mei.
303 978 428 1044 Dictitat
456 999 489 1042 se
519 998 608 1042 ame
630 976 712 1063 apud
735 979 899 1042 Caesarem
929 980 1121 1064 oppugnari:
1136 971 1238 1072 (quod
1258 980 1374 1048 refellit
1394 986 1530 1048 Caesare
1572 981 1642 1070 his

188 1077 253 1158 ipsc
275 1093 447 1155 omnesque
468 1072 536 1137 eius
557 1055 682 1152 amici.)
711 1075 819 1157 Neque
841 1091 919 1136 vero
941 1070 1077 1148 desistit,
1109 1074 1289 1162 ubicunque
1312 1067 1373 1150 est,
1404 1077 1507 1141 omnia
1576 1103 1582 1114 ·

187 1166 219 1231 in
241 1186 292 1230 me
320 1165 482 1232 maledicta
509 1166 664 1232 conferre.
722 1165 805 1231 Nibil
826 1165 903 1231 mibi
925 1187 1063 1253 unquam
1085 1177 1147 1233 tam
1171 1168 1356 1234 incredibile
1379 1170 1506 1245 accidit,

187 1258 264 1324 nihil
294 1257 327 1322 in
359 1257 408 1324 bis
440 1260 529 1326 malis
555 1269 617 1326 tam
639 1257 796 1325 acerbum.
842 1262 904 1338 Qui
927 1281 968 1325 ex
990 1262 1060 1348 ipso
1082 1261 1256 1338 audissent,
1279 1284 1351 1329 cum
1374 1264 1507 1351 Sicyone

186 1352 288 1437 palam
322 1351 427 1418 multis
458 1353 654 1418 audientibus
682 1353 885 1439 loqueretur,
920 1354 1040 1420 nefaria
1062 1355 1214 1442 quaedam
1237 1357 1275 1422 ad
1298 1379 1348 1422 me
1370 1357 1507 1443 pertule-

187 1455 270 1511 runt.
313 1451 398 1512 Nosti
420 1469 535 1532 genus,
558 1447 651 1512 etiam
673 1457 822 1533 expertus
844 1469 878 1512 es
899 1447 1047 1527 lortasse;
1070 1450 1103 1515 in
1125 1471 1175 1515 me
1196 1450 1229 1515 id
1251 1460 1298 1516 est
1320 1471 1411 1516 omne
1433 1468 1545 1516 con-⁸⁰

187 1560 323 1604 versum.
367 1541 428 1606 Sed
449 1561 549 1626 augeo
570 1541 847 1607 commemorando
870 1542 1013 1609 dolorem
1035 1554 1067 1608 et
1088 1543 1169 1610 facio
1192 1545 1285 1609 etiam
1300 1542 1369 1608 tibi.
1401 1547 1507 1622 Quare

187 1631 227 1697 ad
255 1634 333 1700 illud
364 1634 479 1701 redeo:
509 1656 600 1709 cura,
634 1646 669 1700 ut
699 1634 791 1702 buius
819 1637 867 1702 rei
888 1657 982 1704 cansa
1003 1639 1106 1704 dedita
1128 1661 1225 1726 opera
1247 1640 1348 1705 mittat
1369 1641 1505 1727 aliquem

187 1727 312 1794 Balbus.
354 1729 401 1796 Ad
422 1751 502 1816 qnos
524 1727 692 1806 videbitur,
713 1729 807 1796 velim
830 1751 922 1796 cures
943 1732 1061 1800 litteras
1080 1753 1151 1800 meo
1169 1734 1306 1800 nomine.
1348 1735 1434 1801 Vale.
1457 1753 1503 1800 vr.

186 1823 254 1888 llal.
278 1829 399 1890 lannar.

663 1959 719 2021 IX.
762 1957 812 2038 (Α.
838 1959 871 2022 U.
894 1959 926 2022 C.
948 1957 1034 2038 70⁷.)
1518 1993 1544 2032 aa

667 2081 809 2144 crunno
831 2083 976 2146 ATTICO
998 2083 1031 2146 S.

277 2196 305 2258 1.
336 2195 404 2275 Ego
432 2211 510 2257 vero
538 2202 570 2257 et
596 2191 740 2264 incaute,
773 2198 808 2255 ut
829 2190 956 2265 scribis,
990 2201 1021 2256 et
1048 2192 1198 2268 celerius,
1231 2215 1326 2281 mam
1348 2193 1506 2280 oportuit,

187 2287 248 2352 leci
269 2285 380 2351 necin
400 2284 464 2350 ulla
485 2305 556 2350 sum
577 2304 650 2369 spe;
687 2284 803 2370 quippe
818 2285 874 2372 qni
896 2285 1134 2371 exceptionibus
1157 2285 1330 2353 edictorum
1352 2287 1505 2352 retineas:

187 2401 267 2466 quae
288 2378 315 2443 si
336 2399 399 2444 non
421 2390 523 2444 essent
554 2377 718 2443 sedulitate
747 2377 877 2444 effectae
899 2389 930 2443 et
961 2377 1178 2445 benevolentia
1201 2389 1270 2456 tua,
1301 2380 1409 2446 liceret
1430 2379 1507 2444 mibi

185 2473 274 2539 abire
294 2473 327 2538 in
349 2471 532 2538 solitudines
553 2471 683 2556 aliquas.
726 2475 814 2536 Nunc
836 2493 875 2536 ne
897 2471 930 2537 id
951 2472 1078 2558 quidem
1099 2473 1180 2539 licet.
1226 2474 1310 2552 Quid
1332 2484 1435 2539 autem
1457 2483 1545 2538 me²⁰

185 2571 287 2642 iuvat,
319 2565 405 2653 quod
425 2575 495 2630 ante
517 2566 628 2630 initum
655 2562 848 2630 tribunatum
877 2566 970 2640 reni.
1007 2567 1035 2632 si
1056 2569 1178 2652 ipsum,
1207 2567 1293 2654 quod
1313 2568 1402 2641 reni,
1431 2566 1508 2632 nibil

184 2661 292 2726 iuvat?
327 2665 408 2735 lam,
439 2657 516 2746 quid
537 2679 662 2744 speram
684 2658 724 2723 ab
751 2679 808 2735 eo,
845 2660 898 2746 qui
920 2659 998 2724 mibi
1019 2661 1137 2726 amicus
1160 2683 1318 2748 nunquam
1340 2661 1411 2738 luit;
1435 2681 1506 2726 cum

185 2755 248 2820 iam
269 2755 337 2839 lege
359 2754 451 2818 etiam
474 2753 533 2818 sim
555 2751 715 2818 conlectus
737 2761 768 2817 et
789 2760 980 2840 oppressus?
1020 2755 1170 2833 Quotidie
1199 2756 1261 2821 iam
1287 2754 1375 2820 Balbi
1397 2753 1434 2819 ad
1456 2775 1507 2819 me

185 2850 306 2915 litterae
328 2847 553 2934 languidiorem
576 2847 757 2932 multaeque
779 2847 950 2914 multorum
971 2847 1011 2912 ad
1033 2847 1139 2922 illum,
1162 2849 1294 2914 fortasse
1315 2859 1424 2914 contra
1445 2869 1506 2912 me.

186 2947 258 3008 ileo
287 2940 363 3007 vitio
384 2961 493 3026 pereo.
548 2941 631 3006 Nihil
652 2941 729 3007 mihi
751 2941 825 3004 mali
847 2963 937 3007 casus
965 2941 1082 3018 attulit;
1114 2943 1219 3007 omnia
1240 2942 1329 3028 culpa
1351 2951 1545 3008 contractans

187 3044 267 3102 sunt.
322 3038 388 3118 Ego
411 3034 510 3108 enim,
533 3055 604 3100 cum
625 3054 723 3119 genus
746 3034 821 3101 belli
843 3034 1002 3110 viderem,
1029 3035 1181 3121 imparata
1203 3043 1235 3100 et
1255 3035 1378 3101 infirma
1401 3034 1507 3102 omnia

187 3139 295 3196 contra
316 3128 545 3214 paratissimos,
582 3129 765 3213 quieveram
787 3165 828 3176 -
851 3129 927 3215 quid
948 3130 1107 3194 facerent
1131 3165 1170 3176 -
1203 3149 1411 3215 ceparumque
1433 3149 1507 3194 con·

187 3224 289 3290 silium
312 3243 376 3287 non
397 3233 459 3285 tam
480 3221 562 3287 lorte
577 3243 671 3308 quam
693 3222 772 3287 mibi
792 3232 918 3309 praeter
938 3233 1060 3288 ceteros
1081 3222 1324 3292 concedendum.
1368 3227 1399 3287 2.
1422 3220 1507 3288 Cessi

187 3317 266 3383 mnis
287 3316 338 3381 vel
367 3316 471 3402 potius
492 3316 599 3402 parni;
637 3337 677 3382 ex
700 3316 814 3404 quibus
835 3337 916 3382 unus
938 3337 1000 3403 qua
1021 3327 1125 3381 mente
1147 3315 1256 3390 luerit,
1291 3316 1335 3388 is,
1358 3337 1452 3400 quem
1473 3322 1506 3380 tu

187 3411 263 3476 mihi
290 3409 505 3485 commendas,
532 3429 704 3494 cognosces
733 3432 774 3476 ex
803 3410 902 3497 ipsius
929 3409 1057 3484 litteris,
1091 3431 1168 3496 quas
1197 3409 1236 3474 ad
1264 3419 1294 3474 te
1316 3420 1347 3474 et
1369 3409 1409 3474 ad
1429 3408 1547 3474 aliosan

188 3505 285 3582 misit;
319 3524 397 3591 quas
420 3524 479 3589 ego
507 3525 666 3590 nunquam
694 3504 904 3591 aperuissem,
941 3504 1002 3570 nisi
1023 3525 1074 3569 res
1097 3513 1163 3568 aeta
1184 3504 1229 3570 sic
1251 3513 1348 3570 esset:
1387 3503 1507 3568 delatus

187 3609 234 3664 est
255 3598 294 3664 ad
315 3619 366 3663 me
387 3597 567 3676 fasciculum
589 3597 685 3674 solvi,
714 3599 740 3664 si
763 3599 838 3686 quid
860 3598 900 3664 ad
920 3619 972 3664 me
994 3608 1076 3664 esset
1097 3599 1291 3664 litterarum:
1321 3597 1398 3663 nibil
1421 3605 1507 3674 erat;

187 3693 317 3779 epistola
338 3691 461 3758 Vatinio
489 3701 521 3757 et
541 3691 670 3777 Ligurio
693 3692 809 3770 altera;
838 3693 914 3758 iussi
935 3692 974 3757 ad
997 3713 1052 3758 eos
1075 3692 1212 3767 deferri:
1242 3692 1287 3757 illi
1316 3693 1355 3757 ad
1377 3713 1427 3757 me
1448 3699 1510 3756 sta-

186 3787 242 3852 tim
263 3787 409 3852 ardentes
431 3786 540 3851 dolore
562 3795 733 3860 venerunt,
768 3787 869 3852 scelus
891 3785 1025 3852 bominis
1048 3787 1234 3866 clamantes;
1264 3787 1411 3872 episimas
1432 3784 1509 3850 mibi

133 3885 137 3892 '
185 3881 329 3966 legerunt
357 3880 464 3966 plenas
492 3881 632 3946 omnium
659 3886 692 3946 in
720 3903 771 3946 me
807 3880 1009 3967 probrorum.
1068 3881 1126 3946 llic
1148 3881 1294 3968 Ligurius
1317 3880 1439 3946 furere:
1474 3895 1546 3944 sess

187 3975 269 4042 enim
291 3974 372 4040 scire
393 3994 516 4040 summo
538 3974 625 4040 illum
647 3975 679 4040 in
701 3975 777 4042 odio
797 3975 894 4041 luisse
916 3975 1060 4052 Caesari3
1091 3974 1180 4040 illum
1202 3983 1306 4040 tamen
1328 3994 1390 4040 non
1412 3971 1508 4038 modo

187 4067 317 4143 lavisse,
353 4068 408 4134 sed
437 4077 468 4133 et
494 4077 608 4134 tantam
636 4069 682 4134 illi
710 4073 874 4155 pecuniam
903 4067 1025 4134 dedisse
1052 4067 1181 4134 honoris
1210 4068 1272 4133 mei
1295 4088 1398 4133 causa.
1441 4070 1509 4131 llos

257 4233 285 4283 2.
314 4239 338 4281 et
363 4245 381 4281 a
406 4233 591 4294 praesentibus
619 4233 700 4283 tatu:
735 4238 760 4282 et
776 4232 960 4296 praesentibus
979 4239 1038 4296 post
1056 4233 1165 4285 linaium
1195 4233 1225 4283 Ε.
1260 4258 1290 4270 -·
1324 4245 1374 4294 per
1392 4245 1447 4282 om·
1467 4244 1508 4294 pr·

188 4301 226 4352 lt.
248 4327 277 4338 -
315 4302 368 4350 His
385 4303 436 4352 ldl.
457 4325 488 4336 -
523 4305 566 4351 iso
583 4308 621 4352 est
638 4304 829 4353 aeramendum
847 4303 1005 4353 Cratander.
1034 4328 1064 4340 -
1100 4305 1126 4352 3.
1145 4303 1239 4367 Fufius
1259 4308 1370 4352 auctore
1388 4300 1510 4353 ldsnutio

189 4371 367 4423 Schuetziuas
394 4371 513 4422 Furnius
531 4373 629 4422 llllilll.
662 4397 688 4406 -
729 4375 977 4435 inimicissimique
1001 4374 1074 4423 misit
1104 4389 1144 4436 pr.
1165 4375 1208 4433 M,
1239 4374 1436 4422 inimicissimus
1466 4373 1511 4433 qui

187 4444 260 4491 misit
289 4442 323 4491 ttt
354 4449 381 4491 et
406 4456 476 4492 corr·
506 4444 542 4492 11.
579 4443 754 4506 (Emendssit
780 4441 937 4504 Victorius.)
967 4467 998 4478 -
1036 4445 1077 4492 10.
1099 4455 1181 4506 panus
1204 4442 1353 4492 huiusmodi
1377 4443 1511 4491 bominum

188 4514 268 4562 etiam
288 4512 307 4561 l.
339 4537 369 4549 -
405 4510 444 4574 iss]
463 4512 492 4562 id
510 4512 562 4562 ldl.
590 4537 618 4550 -·
653 4515 740 4563 maid
759 4519 797 4562 est
815 4527 889 4563 osane
907 4525 1069 4562 consutum.
1106 4511 1167 4575 Sed]
1197 4514 1227 4562 id
1244 4513 1308 4560 mibi
1327 4514 1415 4563 deest:
1435 4523 1511 4560 omae

189 4593 341 4632 resumam
367 4587 405 4632 est
430 4585 587 4632 consilium:
614 4583 659 4632 sed
679 4585 699 4634 l.
735 4611 760 4622 -
799 4583 842 4633 13.
863 4579 1079 4644 s1.]xm.Mst.
1110 4597 1171 4634 xrss.
1193 4583 1215 4633 1.
1254 4581 1342 4645 (Cora.
1363 4596 1393 4631 er
1413 4582 1458 4638 Y.)
1476 4607 1508 4617 -

189 4653 231 4702 ld.
253 4650 377 4715 lenaeo]
396 4653 456 4701 lusa.
477 4655 508 4702 fl.
539 4678 569 4688 -
606 4654 650 4702 23.
670 4667 728 4702 suns
747 4656 775 4704 li.
807 4679 838 4686 -
876 4649 1007 4715 Quotidie]
1027 4653 1134 4714 diali,
1155 4667 1209 4704 orn.
1229 4654 1253 4702 1.
1285 4677 1312 4688 -
1351 4653 1395 4702 25.
1420 4646 1509 4712 cosas]

188 4736 284 4772 cousus
310 4738 349 4787 pr.
374 4724 419 4780 Μ,
448 4737 532 4772 cassan
559 4724 593 4772 lll
621 4730 647 4773 et
670 4737 740 4774 corr.
772 4726 809 4774 Μ.
846 4723 937 4783 (Coss.
964 4723 1080 4774 eCodd.
1102 4724 1228 4786 lllalaap.)
1261 4747 1288 4760 -
1329 4724 1401 4772 Fort.
1421 4722 1512 4770 omnin

186 4807 245 4843 aneo
263 4793 351 4856 culpo.
372 4794 422 4844 Oa.
459 4817 487 4827 -
525 4795 569 4843 27.
590 4795 740 4856 quieveram
760 4794 882 4844 Manutio
902 4799 1013 4842 auctore
1031 4793 1194 4844 Lambinus:
1216 4794 1331 4842 domam
1350 4794 1390 4849 Y.
1418 4795 1453 4842 sit
1469 4803 1512 4839 na·

186 4877 303 4926 sempr.
325 4865 368 4920 bl.
399 4866 527 4914 adseram
546 4865 602 4914 lllli
622 4871 646 4913 et
665 4878 737 4913 corr.
757 4863 793 4915 ll.
826 4889 856 4900 -
894 4864 937 4913 28.
959 4864 1029 4913 Cassi
1046 4861 1118 4926 meis]
1139 4865 1279 4913 camisiis
1297 4863 1337 4922 1,
1365 4863 1454 4912 cessim
1471 4862 1512 4910 iis

187 4935 221 4987 Ζ.
242 4937 364 4984 cessimus
381 4935 455 4984 11111.
494 4935 690 4987 tlimendamnt
709 4934 857 4984 Lambinus
876 4940 902 4983 et
922 4933 1039 4986 linaiusi
1061 4959 1089 4970 -
1126 4935 1409 4984 ³5.snmeomnmm
1427 4933 1510 4984 li.-

186 5005 229 5054 3'l.
250 5003 358 5068 favisse]
378 5004 459 5066 [aisse
478 5005 489 5054 l
509 5012 535 5055 et
556 5021 596 5069 pr.
617 5005 654 5057 ll.
673 5029 707 5042 -
743 5005 788 5055 sed
807 5006 927 5056 statium
950 5005 981 5054 ll.
1020 5002 1076 5053 Cir.
1097 5003 1175 5054 lland
1194 5005 1273 5054 Tura.
1294 5003 1330 5052 ll.
1351 5017 1377 5067 p.
1398 5001 1459 5054 bid.
1481 5023 1511 5038 -

183 5077 327 5136 pecaniam
345 5077 386 5124 illi
405 5077 427 5125 l.
