3628 5876
347 446 411 510 tto
776 447 1049 514 trlsvotnntot
1070 449 1122 514 Al)
1143 450 1234 514 Fau.

349 629 470 670 cennos
490 603 628 670 durando
648 605 705 670 e'sl.
761 607 807 668 lle
829 605 936 672 coctio
957 605 1033 671 mihi
1054 615 1177 692 gratum
1199 615 1260 684 cst;
1298 625 1369 670 nam
1390 603 1537 672 idolium
1558 607 1658 674 actim

349 697 539 764 mandaram.
582 698 677 764 Tusi
698 697 859 764 minusad
881 719 957 774 uos,
980 721 1258 768 uosaceurremus
1279 700 1318 766 ad
1340 707 1380 766 te.
1425 700 1459 766 si
1479 699 1606 766 hortum
1627 698 1661 764 id

348 790 537 858 bibliotheca
557 789 671 868 hahes,
690 791 794 858 deerit
812 792 899 858 nihil.

835 951 1177 1037 emnem)

325 1105 339 1143 a
827 1076 969 1140 CICERO
991 1076 1175 1142 VARRONI.

433 1190 462 1250 l.
483 1184 559 1250 Mihi
590 1205 668 1251 vero
697 1183 737 1250 ad
764 1189 868 1250 Nonas
896 1185 976 1251 hene
998 1197 1152 1252 maturum
1176 1185 1300 1252 videtur
1320 1185 1404 1261 lore,
1435 1207 1537 1273 neque
1559 1186 1658 1252 solum

346 1289 476 1367 propter
487 1279 535 1345 rei
558 1279 701 1365 publicae
723 1279 891 1345 sedetiam
912 1291 1043 1368 propter
1064 1281 1135 1345 anni
1158 1291 1290 1368 tempus.
1334 1284 1439 1359 Quare
1459 1280 1552 1344 istum
1575 1279 1656 1344 diem

346 1375 463 1462 probo;
485 1374 589 1462 itaque
610 1374 741 1439 eundem
764 1374 831 1460 ipsc
852 1395 973 1460 sequar.
1016 1379 1046 1440 2.
1069 1375 1196 1441 Consilii
1212 1375 1327 1447 nostri,
1350 1396 1389 1438 ne
1407 1375 1433 1439 si
1448 1395 1503 1438 eos
1522 1373 1658 1460 quidem,

347 1470 401 1555 qui
429 1468 461 1533 id
493 1467 591 1533 secuti
622 1488 685 1533 uon
717 1477 802 1538 sunt,
839 1487 900 1532 non
922 1467 1113 1554 poeniteret,
1150 1468 1241 1533 nohis
1262 1467 1485 1554 poenitendum
1506 1476 1658 1554 putarem.

311 1573 337 1613 ¹⁰
348 1563 451 1628 Secuti
480 1561 561 1626 enim
584 1581 690 1626 sumus
710 1581 774 1626 non
796 1580 883 1647 spem
909 1561 963 1627 sed
990 1561 1142 1638 ellicium3
1169 1561 1355 1649 reliquimus
1376 1570 1479 1626 autem
1502 1581 1564 1624 uon
1593 1559 1660 1625 odi-

346 1656 428 1722 cium
457 1655 511 1721 sed
540 1654 800 1741 desperationem.
850 1659 895 1719 lta
917 1655 1160 1720 verecundiores
1181 1655 1297 1720 luimus
1319 1675 1410 1741 mam
1433 1655 1486 1741 qui
1509 1675 1543 1719 se
1564 1653 1659 1718 domo

342 1772 408 1817 non
429 1759 679 1824 commoverunt,
701 1748 841 1814 saniores
863 1770 955 1835 quam
977 1749 1033 1836 qui
1054 1749 1174 1838 amissis
1197 1748 1310 1836 opibus
1332 1748 1460 1814 domum
1475 1770 1538 1814 non
1552 1769 1660 1814 rever·

344 1851 457 1908 terunt
506 1843 568 1909 Sed
588 1843 666 1908 nihil
686 1842 789 1908 minus
810 1841 879 1908 loro
901 1863 994 1929 quam
1016 1843 1211 1909 severitatem
1234 1843 1423 1918 otiosorum,
1453 1851 1500 1918 et,
1530 1862 1659 1930 quoquo

343 1936 439 2002 modo
460 1958 494 2002 se
514 1957 566 2002 res
586 1937 699 2011 habet,
730 1935 829 2020 magis
850 1935 921 2002 illos
942 1957 1072 2012 vereor,
1104 1937 1158 2024 qui
1179 1937 1212 2000 in
1233 1936 1317 2001 hello
1338 1936 1535 2012 occiderunt,
1565 1955 1658 2022 quam

310 2028 401 2098 nhos
423 2051 517 2106 curo,
550 2030 664 2117 quihus
685 2051 749 2095 nou
770 2029 991 2104 satisfacimus,
1027 2031 1101 2118 quia
1122 2031 1266 2097 vivimus.
1321 2034 1352 2095 3.
1379 2029 1456 2095 Mihi
1477 2029 1503 2095 si
1525 2026 1658 2115 spatium

343 2122 440 2188 laverit
467 2123 499 2188 iu
534 2124 742 2190 Tusccvlauum
774 2131 845 2190 ante
873 2129 975 2190 Nonas
997 2123 1158 2200 veniendi,
1195 2121 1469 2196 istictevideho,
1492 2120 1657 2194 siminus,

342 2237 517 2305 persequar
537 2217 570 2282 in
591 2221 762 2284 Gumamm
785 2227 906 2284 etanta
927 2225 958 2283 te
979 2218 1147 2284 certiorem
1161 2216 1289 2292 luciam,
1311 2225 1347 2284 ut
1360 2215 1473 2282 lavatio
1487 2223 1594 2302 parata
1609 2213 1657 2279 sit

823 2385 1182 2470 monem)

825 2507 968 2574 CICERO
994 2509 1179 2575 VARRONI.

306 2653 336 2692 ι.
432 2621 461 2684 1.
485 2615 630 2685 Caninius
649 2625 757 2684 noster
777 2638 828 2682 mc
848 2617 910 2684 tuis
931 2616 1037 2684 verbis
1058 2618 1234 2696 admonuit,
1256 2627 1291 2684 ut
1312 2616 1481 2684 scriberem
1502 2615 1542 2684 ad
1564 2627 1610 2694 te,
1632 2619 1659 2684 si

343 2710 420 2800 quid
440 2720 539 2788 osset,
568 2713 653 2799 quod
679 2723 822 2799 putarem
844 2720 875 2777 te
896 2712 977 2778 scire
1004 2723 1164 2799 oportere.
1206 2717 1261 2779 Est
1282 2713 1378 2798 igitur
1398 2712 1549 2778 adventus
1571 2711 1659 2796 [Cae-

342 2807 422 2873 saris
443 2803 571 2890 scilicet]
594 2805 626 2872 lu
648 2807 896 2893 exspectatione,
933 2827 1034 2894 neque
1057 2818 1090 2873 tu
1111 2807 1144 2873 id
1166 2805 1302 2892 ignoras.
1356 2806 1417 2872 Sed
1439 2815 1558 2881 tamen,
1586 2827 1656 2871 cum

340 2899 394 2965 ille
414 2900 606 2987 scripsisset,
627 2909 661 2967 ut
681 2900 811 2988 opinor,
834 2920 868 2965 se
889 2899 922 2964 iu
943 2901 1083 2966 Alsiense
1104 2909 1289 2976 venturum,
1312 2900 1502 2988 scripserunt
1522 2899 1561 2965 ad
1584 2921 1656 2965 eum

341 2993 407 3068 sui,
445 3015 485 3059 ue
511 2993 544 3059 id
573 2993 704 3072 laceret;
740 2994 854 3060 multos
876 2993 906 3058 ei
927 2995 1076 3061 molestos
1104 2995 1174 3060 lore
1195 2995 1361 3081 ipsumque
1393 2995 1513 3071 multis;
1551 2992 1657 3059 Ostiae

304 3121 332 3164 ss
342 3088 441 3153 videri
463 3088 657 3154 commodius
686 3108 759 3152 eum
785 3086 874 3153 exire
902 3109 1005 3174 posse.
1054 3088 1089 3154 ld
1116 3109 1175 3175 ego
1198 3110 1261 3154 nou
1282 3088 1490 3175 intelligebam
1512 3086 1588 3175 quid
1608 3087 1658 3152 in-

340 3191 481 3249 teresset.
537 3181 598 3247 Sed
627 3191 729 3246 tamen
757 3181 877 3249 Hirtius
904 3181 981 3248 mihi
1010 3181 1090 3248 dixit
1119 3193 1150 3248 et
1175 3204 1208 3248 sc
1236 3182 1276 3248 ad
1305 3204 1377 3248 eum
1405 3191 1436 3247 et
1468 3180 1597 3246 Balbum
1627 3190 1658 3246 et

341 3277 476 3362 Oppium
505 3275 681 3362 scripsisse,
716 3283 753 3340 ut
780 3275 823 3340 ita
845 3275 977 3352 laceret,
1014 3275 1173 3363 homines,
1204 3284 1240 3341 ut
1260 3275 1411 3361 cognovi,
1441 3283 1578 3339 amantes
1599 3273 1656 3339 tui.

241 3375 244 3384 “
340 3371 370 3434 2.
392 3371 461 3435 lloc
482 3388 541 3455 ego
563 3367 681 3434 idcirco
702 3389 795 3433 nosse
816 3377 847 3434 te
868 3368 971 3444 volui,
992 3379 1028 3435 ut
1049 3371 1161 3444 scires,
1184 3369 1352 3457 hospitium
1375 3367 1431 3434 tihi
1448 3367 1503 3433 uhi
1517 3387 1656 3454 parares,

339 3461 390 3528 vel
411 3463 515 3549 potius
540 3470 576 3528 ut
601 3461 784 3549 utrobique3
822 3462 897 3549 quid
919 3463 1002 3528 enim
1023 3462 1076 3528 ille
1098 3463 1237 3529 lecturus
1259 3464 1317 3538 sit,
1354 3464 1508 3528 incertum
1529 3470 1592 3526 est:
1625 3466 1658 3525 et

303 3554 432 3630 „simul
453 3555 606 3622 ostentavi
626 3553 684 3621 tibi
704 3577 755 3620 me
775 3555 843 3622 istis
864 3577 933 3622 esse
954 3555 1138 3622 familiarem
1155 3567 1186 3622 et
1207 3556 1344 3622 masiliis
1366 3577 1476 3622 eorum
1490 3556 1651 3620 interesse.

341 3648 434 3727 Quod
456 3669 516 3734 ego
536 3669 593 3713 cur
615 3649 728 3724 nolim,
765 3649 843 3715 nibil
863 3649 966 3717 video.
1016 3651 1189 3717 Nouenim
1211 3649 1379 3725 estidem,
1401 3649 1509 3723 lcrrc,
1531 3643 1653 3734 siquid

340 3740 505 3808 serendum
526 3750 586 3816 est,
609 3752 641 3807 et
660 3742 813 3829 probare,
835 3742 862 3808 si
883 3742 959 3830 quid
980 3764 1044 3809 non
1063 3743 1261 3830 probandum
1282 3752 1338 3809 est.
1387 3743 1473 3818 Etsi,
1496 3740 1580 3828 quid*¹
1593 3759 1654 3804 nou

340 3834 492 3922 probem,
514 3834 659 3922 equidem
681 3837 743 3901 iam
764 3835 887 3910 nescio,
909 3845 1034 3923 praeter
1054 3838 1143 3904 initia
1164 3859 1289 3915 rerum;
1312 3857 1383 3902 nam
1404 3837 1481 3902 haec
1502 3833 1655 3901 involun-

341 3939 403 3995 tate
423 3928 559 3995 fuerunt
614 3929 687 3998 Vidi
709 3930 791 3995 enim
818 3961 849 3974 -
876 3951 947 3996 nam
976 3941 1010 3996 tu
1037 3931 1148 3997 aberas
1169 3967 1210 3979 -
1231 3940 1355 3996 nostros
1391 3930 1507 3996 amicos
1539 3945 1654 4011 cupere

303 4022 474 4102 ubellum;
511 4022 592 4088 huuc
620 4032 724 4089 autem
752 4044 815 4089 nou
842 4033 904 4090 um
933 4044 1049 4110 cupere
1070 4047 1163 4114 quun
1185 4044 1248 4091 nou
1269 4025 1395 4104 timere;
1418 4059 1456 4070 -
1480 4041 1557 4106 argo
1579 4018 1655 4084 baec

343 4117 467 4184 consilii
493 4117 635 4190 luerunt,
671 4116 791 4204 reliqua
823 4118 997 4184 necessaria
1019 4155 1057 4167 -
1080 4119 1207 4185 vincere
1234 4126 1338 4184 autem
1358 4125 1411 4185 aut
1431 4116 1490 4182 hos
1511 4125 1564 4180 aut
1584 4113 1655 4178 illos

341 4229 467 4275 necesse
489 4230 567 4274 esse.
623 4215 653 4276 3.
683 4211 756 4277 Scio
784 4219 815 4275 te
836 4231 960 4297 semper
981 4233 1104 4278 mecum
1124 4216 1157 4278 in
1185 4211 1270 4278 luctu
1290 4211 1403 4285 luisse,
1440 4230 1512 4276 cum
1533 4207 1656 4272 videre·

341 4324 426 4377 mus,
462 4323 555 4388 quam
583 4302 661 4370 illud
681 4303 791 4389 ingens
815 4305 930 4371 melum
954 4304 1081 4371 alterius
1102 4306 1203 4372 utrius
1236 4307 1393 4370 exercitus
1421 4312 1452 4368 et
1473 4302 1588 4368 ducum
1608 4299 1656 4364 in-

343 4397 453 4463 teritu:
475 4405 542 4462 tum
564 4417 641 4463 vero
663 4407 840 4464 extremum
860 4400 1013 4465 malorum
1035 4399 1176 4465 omnium
1189 4421 1258 4467 esse
1272 4399 1372 4465 civilis
1385 4396 1459 4463 hclli
1474 4393 1653 4472 victoriam;

412 4602 437 4653 1.
458 4603 560 4654 Coccsto
586 4603 730 4656 corradus.
759 4629 790 4642 -
825 4608 853 4657 2.
880 4609 916 4658 od
939 4623 1004 4671 nos,
1031 4622 1080 4659 nos
1096 4623 1257 4661 oeconomus
1274 4609 1314 4660 V:
1346 4609 1382 4660 od
1398 4621 1462 4664 nos.
1493 4611 1653 4658 amonem

338 4671 403 4722 ΜΕ.
423 4698 451 4729 -,-
489 4675 517 4724 ’1.
535 4675 615 4724 tatum
631 4677 699 4726 diem
716 4677 761 4726 bl:
792 4679 859 4728 diam
876 4681 956 4729 tatum
973 4679 1004 4729 tt.
1026 4704 1056 4716 -
1092 4680 1119 4730 8.
1137 4687 1261 4745 aspector
1278 4679 1316 4732 hl.
1336 4705 1366 4716 -
1404 4679 1447 4729 lo.
1467 4677 1546 4727 locuti
1564 4675 1600 4725 bl·
1621 4691 1651 4702 ··

341 4743 484 4806 1aq=um
501 4745 525 4794 s
542 4747 676 4796 caecatam
695 4748 750 4797 osto
767 4747 851 4798 sotum
867 4749 904 4800 u.
935 4775 964 4786 -
1003 4750 1046 4800 aa.
1065 4751 1169 4801 taceo
1188 4751 1225 4803 ιι.
1246 4773 1277 4787 -
1313 4749 1360 4800 cuo
1378 4748 1415 4808 u,
1434 4773 1468 4783 -
1505 4746 1546 4797 aa·
1565 4741 1588 4788 e·
1605 4737 1652 4788 Μι

341 4814 382 4862 sin
402 4813 482 4862 11-
519 4815 563 4864 et.
583 4816 700 4867 cessuria
717 4818 811 4868 scillcet
829 4831 884 4868 uon
903 4819 1013 4870 seclusit
1031 4821 1061 4872 lt.
1081 4846 1116 4856 —
1151 4820 1195 4871 es.
1215 4822 1303 4884 opttoa
1321 4819 1357 4871 bl.
1377 4840 1409 4854 -·
1446 4819 1488 4870 29·
1507 4819 1537 4862 *tl
1554 4807 1653 4858 ulmi·

341 4895 388 4944 puc
406 4882 757 4952 Schuutusaamruotqus
774 4887 818 4948 bl,
837 4889 881 4938 ubl
898 4892 1001 4953 otrtqoa
1019 4891 1049 4943 E.
1071 4918 1100 4928 -
1138 4891 1181 4941 ³0.
1205 4891 1325 4941 tths'del.
1345 4889 1500 4938 Lambinus.
1536 4880 1578 4928 An
1595 4878 1652 4926 lbi?

341 4951 392 5001 Οιι.
412 4973 445 4988 -
480 4954 525 5004 31.
543 4969 598 5004 non
613 4955 779 5019 probandum
796 4957 841 5008 ltl:
872 4961 1036 5022 probandum
1060 4975 1115 5010 nun
1140 4961 1171 5010 ll.
1198 4981 1231 4998 -
1266 4959 1310 5010 33.
1327 4961 1448 5023 proheta,
1467 4951 1581 5018 mm
1598 4950 1653 4996 ''ai’‘

340 5021 424 5070 nancto
449 5021 595 5075 Lambinus
615 5023 673 5088 (sed
692 5040 747 5076 om.
767 5025 849 5090 iomla
878 5030 983 5092 probem
1009 5033 1109 5094 quictem
1137 5033 1192 5080 ιάιιι
1208 5031 1260 5080 scio
1278 5029 1326 5089 bl,
1347 5023 1478 5093 probem?
1506 5019 1569 5086 Μ
1585 5019 1653 5069 m

340 5091 394 5140 lom
411 5093 464 5142 selo
482 5093 511 5144 E.
533 5120 561 5133 -
599 5095 643 5147 117.
662 5099 802 5148 υἰάιῆιιιω
820 5098 857 5149 bl.
878 5122 908 5135 -
945 5100 989 5150 88.
1009 5101 1097 5165 poam]
1116 5115 1173 5151 cum
1190 5100 1346 5151 hamblnus.
