3666 5874
1434 440 1525 492 m!

198 595 284 678 tum,
314 591 405 681 qnod
433 593 646 684 praestabat,
678 610 722 660 cx
749 589 837 662 Itoln
866 583 1117 675 Stephanlana,
1148 587 1355 676 pauciaaimla
1378 588 1414 656 ln
1440 589 1526 658 locta

198 699 345 764 abeunte
375 717 398 764 a
426 697 621 766 Victoriana
661 689 781 783 prima,¹
820 697 1013 763 contextum
1047 694 1258 780 repetitionIa
1290 694 1526 762 LambInlanae

198 800 407 888 emendavlt3
440 802 519 869 inde
556 800 742 889 Graevius,
779 800 874 868 caios
907 799 1010 866 multo
1046 801 1127 866 aunt
1160 799 1336 885 praeclara
1371 801 1527 886 inventa3

198 906 305 973 ceteri
332 905 501 992 deinceps.
542 901 613 972 Seu
646 906 700 991 qui
727 905 784 970 vel
816 903 957 977 omnium
988 903 1128 971 mammo
1155 903 1365 993 gloriabatur
1385 904 1527 970 reatitu-

198 1013 266 1074 tam
288 1027 366 1076 eeae
392 1027 455 1077 oua
479 1027 584 1098 opera
604 1027 719 1076 veram
745 1008 917 1077 ciceronis
942 1024 1091 1093 manum,
1121 1005 1467 1096 Martynl-Laguoa,
1497 1005 1528 1074 Ia

196 1131 282 1180 vcro
301 1113 460 1199 lmprlmlo
487 1114 522 1180 ln
547 1132 588 1181 eo
617 1113 788 1200 peccavit,
821 1110 908 1200 quod
928 1107 1014 1180 cdd.
1038 1113 1110 1180 aula
1131 1114 1166 1180 et
1186 1109 1274 1178 iiic
1298 1112 1445 1199 antiquis
1471 1111 1528 1178 ni-

198 1218 296 1282 mium
316 1219 472 1303 quantam
488 1218 620 1304 tribuit,
642 1218 755 1301 inque
770 1217 964 1301 saeptaaIme
978 1219 1130 1302 corrupit
1142 1216 1256 1303 potina
1274 1214 1337 1283 lina
1353 1213 1529 1302 Epistulae

198 1339 296 1407 qnam
318 1321 517 1390 emendavit.
559 1320 782 1390 Nlliilomlnua
802 1318 979 1388 dolendum
1003 1323 1073 1405 cat,
1094 1319 1365 1410 commentarios,
1387 1339 1472 1407 quoa
1492 1320 1529 1386 Iu

198 1443 258 1492 eaa
287 1429 538 1512 composuerat,
567 1425 743 1493 absolutos
763 1444 831 1492 non
858 1442 951 1501 eoae3
986 1443 1062 1492 nam
1090 1425 1125 1492 ln
1151 1425 1268 1512 paucio
1291 1425 1358 1492 illle
1378 1425 1527 1515 paginis,

199 1547 286 1616 quae
307 1532 461 1620 exeunt,
482 1531 586 1598 multo
608 1531 680 1596 eiua
700 1529 832 1604 nomina
850 1526 954 1620 iligna
974 1529 1124 1617 repperi,
1146 1547 1301 1622 magnam
1321 1527 1528 1620 diligentiam

197 1632 233 1699 ln
254 1635 386 1702 rollone
409 1653 476 1702 non
497 1634 621 1720 optima
642 1654 713 1701 eum
735 1632 927 1700 ailmlratus.

282 1733 356 1806 Sed
369 1757 481 1806 eorum
503 1757 650 1826 quoque,
672 1738 791 1826 qulbus
806 1736 1010 1824 persuadere
1031 1756 1100 1803 non
1118 1740 1238 1823 potero
1253 1753 1273 1804 a
1287 1731 1348 1806 cd.
1368 1735 1526 1806 Medioeo

197 1843 346 1929 reliquos
365 1860 479 1910 omnes
498 1861 671 1928 manasse,
692 1861 787 1910 nemo
802 1845 895 1910 certe
909 1841 1120 1929 initiabitur,
1142 1838 1282 1908 eundem
1301 1845 1340 1907 ut
1359 1842 1529 1930 antiquis-

196 1947 329 2032 aimom,
351 1947 399 2014 lta
413 1949 555 2014 omnium
572 1948 676 2036 longa
691 1947 1009 2033 praestantissimum
1024 1963 1110 2014 casa.
1152 1945 1199 2012 III
1211 1945 1317 2033 igitur
1332 1947 1367 2012 in
1382 1964 1423 2013 eo
1437 1963 1527 2016 nnuc

196 2052 432 2142 acquiescant,
455 2050 542 2138 quod
558 2055 715 2138 quantum
727 2050 798 2118 ieri
810 2053 946 2138 poterat
959 2048 1044 2118 haec
1057 2066 1131 2116 mea
1144 2049 1298 2117 recenslo
1313 2047 1396 2116 illud
1409 2067 1527 2118 exem-

196 2155 274 2240 plar
293 2156 465 2242 exprimit,
485 2155 550 2242 Ipsi
564 2157 693 2245 autem,
715 2157 755 2221 ut
767 2155 902 2243 volent,
924 2156 1044 2241 postea
1063 2171 1135 2220 cam
1157 2151 1334 2220 emendent
1348 2155 1526 2221 coniectu.

196 2261 261 2344 rte,
296 2263 511 2347 corrumpant
535 2259 807 2347 interpolentque
835 2275 878 2326 ex
908 2257 1152 2327 cottanorum
1180 2259 1215 2324 et
1242 2254 1329 2324 niu
1350 2252 1429 2328 Soc.
1449 2255 1528 2327 XV.

195 2364 351 2432 colluvie.

692 2439 721 2497 ta
849 2471 880 2530 ἦ
1005 2440 1035 2499 n

281 2631 353 2698 Iam
366 2617 409 2695 ¹in
423 2627 488 2697 hac
502 2629 609 2696 altera
622 2627 781 2696 Ediiione
803 2627 1010 2715 accuratius,
1032 2645 1128 2716 quam
1143 2628 1179 2696 in
1193 2625 1305 2716 priore
1319 2627 1391 2696 fieri
1405 2629 1525 2720 potuit,

196 2735 239 2804 da
256 2734 420 2825 Manutii,
454 2733 566 2826 opttmi
590 2735 778 2800 etlamnunc
795 2733 1007 2818 interpretis,
1039 2733 1165 2800 meritis
1188 2734 1223 2800 ln
1245 2734 1417 2802 ciceronis
1436 2734 1525 2821 Epi-

195 2841 303 2907 stulas
331 2839 458 2907 criticis
488 2841 628 2905 tractem
658 2854 798 2904 necesso
823 2838 895 2920 cst,
927 2834 1012 2904 duce
1042 2837 1240 2922 pracsertim
1267 2832 1390 2906 christ.
1416 2837 1524 2907 Gottl.

194 2943 357 3012 Iticlitero
381 2941 416 3007 ln
434 2937 557 3027 Pracf.
580 2943 628 3008 ad
646 2937 767 3009 Paulli
782 2939 940 3007 Marione
963 2933 1260 3008 commentorium
1286 2945 1325 3008 tn
1346 2939 1397 3009 M.
1414 2939 1524 3010 rictu

197 3043 377 3116 &abacta
388 3043 484 3135 Epp.
496 3045 544 3112 od
558 3045 723 3114 diversos.
765 3042 842 3111 Vol
854 3043 901 3110 11.
922 3063 956 3129 p.
970 3043 1031 3130 V„
1051 3046 1215 3113 correctis
1235 3045 1406 3112 nonnullis
1420 3049 1523 3134 atqua

194 3149 335 3220 addltlai

282 3257 494 3324 «instaurato
515 3253 622 3341 patria
643 3249 793 3340 oiicirra,
816 3268 902 3338 quae
918 3251 1046 3338 aliquot
1065 3269 1173 3319 annos
1190 3252 1349 3343 neglecta
1362 3254 1523 3341 lacuerat,

195 3351 382 3453 primast]
405 3378 449 3427 ex
469 3359 542 3425 eina
562 3356 695 3426 officina
715 3350 889 3424 Ciceronis
902 3355 1078 3442 Epistolae
1099 3355 1144 3423 ad
1159 3355 1355 3425 Familiares
1372 3376 1403 3425 a.
1421 3357 1523 3425 MD.

193 3465 367 3534 XXXIII.
385 3461 581 3550 prodierunt
606 3463 697 3529 Iacto
727 3461 821 3547 quael
851 3461 1018 3548 auspicIo,
1050 3460 1125 3526 fore
1153 3459 1347 3548 aliquando,
1380 3466 1417 3528 ut
1444 3460 1521 3530 huic

193 3572 350 3639 librorum
368 3563 659 3637 Ciceronianorum
684 3565 773 3652 parti
795 3566 1007 3652 praecipuam
1024 3582 1158 3650 operam
1183 3569 1335 3632 navaret.
1376 3565 1521 3650 Poatea,

192 3678 331 3743 remotio
349 3673 500 3740 omnibns
519 3669 777 3757 impedimentis,
800 3669 886 3734 omni
901 3686 982 3736 cura
997 3671 1098 3756 atquc
1113 3670 1320 3758 cogitatione
1334 3670 1369 3735 in
1384 3671 1520 3737 littera-

193 3800 266 3847 rom
280 3777 391 3846 atudia
404 3777 554 3844 incubuit
575 3777 791 3861 veterumque
810 3773 1022 3859 scriptorum,
1040 3774 1082 3838 et
1098 3774 1133 3837 In
1155 3772 1208 3838 lits
1223 3774 1403 3860 praecipue
1417 3768 1519 3842 cice-

193 3885 287 3951 ronIa
304 3884 409 3950 libros
428 3878 605 3948 emendare
629 3881 730 3964 atque
752 3896 773 3944 a
794 3876 1057 3962 corruptelarum
1073 3875 1184 3959 vitiis,
1206 3877 1324 3963 quibua
1339 3879 1519 3946 etiamtunc

193 3986 410 4064 luborabunt,
438 4000 586 4071 purgare
613 3979 785 4049 indefesso
814 3979 925 4047 studio
948 3980 1146 4048 elaboravlt.
1188 3976 1286 4061 Quoi
1321 3980 1451 4068 quidem
1480 3985 1519 4048 ut

263 4201 287 4274 ¹)
305 4201 425 4257 (lornarii
442 4203 514 4255 buno
531 4197 651 4264 Apostoli
667 4199 781 4251 Iunonia
800 4210 915 4252 errorem
934 4197 1079 4252 Raaouarrl
1095 4195 1211 4250 ianua
1229 4197 1261 4251 «le
1280 4199 1457 4264 ttnprtarerta
1470 4200 1516 4252 ulai

193 4281 260 4337 Alata
277 4283 318 4336 bt.
337 4284 389 4336 111.
409 4297 436 4348 p.
449 4282 512 4334 628.
532 4269 630 4334 decant
648 4281 762 4343 primum
779 4279 894 4340 librum,
913 4282 961 4341 oui
980 4292 1010 4332 ar
1028 4281 1175 4331 ioataurata
1193 4277 1298 4332 oifloiaa
1311 4278 1407 4332 Aldina
1424 4291 1515 4334 manaa

192 4365 291 4420 llartio
308 4377 334 4418 a.
353 4363 392 4418 ii.
406 4363 440 4416 it.
453 4361 583 4413 mlii.
603 4359 749 4426 prodierit,
773 4359 855 4414 ioiaaa
874 4359 1009 4411 ciceronio
1027 4358 1108 4412 libror
1126 4361 1274 4416 oratorios,
1295 4370 1355 4412 anm
1374 4360 1511 4423 Iiplotolaa

194 4447 282 4501 atltae
301 4449 355 4499 aint
373 4445 479 4500 damam
497 4454 588 4496 manaa
606 4439 725 4493 Octobri.
761 4439 793 4493 In
811 4439 974 4503 praelatione
992 4446 1082 4492 autem
1099 4440 1180 4492 trulua
1199 4440 1345 4504 edtiiouta,
1366 4451 1446 4505 quam
1465 4453 1514 4505 apo

194 4540 330 4591 nonquam
347 4526 420 4589 riui,
449 4524 543 4578 audam
560 4520 721 4575 Ilanooardo
739 4524 826 4582 tarta,
856 4519 997 4572 duodecim
1017 4521 1089 4574 libris
1107 4522 1293 4594 manuaeriptlr
1311 4533 1340 4574 oo
1357 4532 1436 4572 utum
1455 4533 1514 4576 etia

194 4608 268 4660 uicit.
304 4607 407 4660 Itodam
426 4606 580 4670 pertineat.
605 4613 675 4668 quaa
694 4600 816 4666 leguntur
834 4602 861 4652 io
877 4599 993 4653 Maeotii
1012 4601 1131 4665 Ilpiatoia
1147 4601 1181 4655 ad
1199 4600 1332 4654 Auitum
1349 4599 1514 4666 Burpouium

194 4691 288 4752 mitra,
325 4691 353 4740 in
382 4686 497 4742 muntii
526 4683 706 4748 Ilpiatoirrum
735 4680 842 4746 quidam
869 4679 1015 4733 editiorem
1044 4679 1169 4733 Altinum
1198 4679 1237 4734 ii.
1250 4681 1285 4732 u.
1299 4679 1411 4733 LXXX.
1441 4681 1513 4734 haud

192 4775 320 4833 recepta,
346 4767 394 4821 aad
420 4771 522 4820 renata
546 4767 573 4816 tn
597 4761 747 4815 rumorum
773 4765 798 4811 at
813 4760 950 4812 docmata
965 4763 1085 4813 eamn
1101 4761 1193 4826 Epp,
1222 4760 1329 4825 compti
1344 4759 1374 4814 s.
1391 4759 1425 4814 Δ.
1445 4761 1514 4816 Gap-
1624 4812 1627 4823 Ι

192 4851 277 4904 tuto.
312 4848 470 4915 Horiiapoe.
495 4845 534 4900 ii.
553 4843 610 4896 iic.
628 4841 726 4894 LXIX.
753 4853 781 4905 p.
798 4839 851 4892 aa:
879 4841 1011 4895 ctutum
1037 4841 1237 4905 Epistularum,
1271 4853 1341 4905 pout
1365 4840 1513 4905 puniam

192 4929 347 4997 oppalient,
363 4930 475 4995 maa
489 4926 553 4977 libri
568 4926 624 4976 tom
640 4927 718 4976 arom
735 4919 854 4984 eoap‘aett.
892 4919 966 4984 Qooo
981 4921 1027 4973 obt
1039 4923 1158 4986 prinum
1175 4925 1254 4974 arunt
1269 4919 1424 4987 monta,
1442 4921 1512 4976 iloto

191 5023 233 5062 no
248 5009 466 5074 raeopaoacanttio
491 5007 545 5066 itt,
575 5015 643 5070 quoa
668 5007 730 5054 tunt
754 5001 791 5053 ott
813 5001 929 5053 Atticam
953 5004 1109 5068 caepim.
1143 5003 1228 5056 loro·
1254 5001 1404 5054 omnilotoa
1429 5003 1512 5060 tabeo

192 5105 275 5160 opto
291 5091 332 5146 tta
348 5089 419 5144 roua
434 5092 460 5145 rt
477 5083 642 5151 complana
657 5083 837 5138 canuam
854 5087 985 5151 poenam
1001 5089 1130 5150 ratpoto.
1149 5080 1198 5153 (ii.
1211 5084 1247 5140 o·
1259 5079 1400 5152 miii.)
