3668 5936
723 433 796 495 LlB.
819 435 870 497 lv.
912 435 972 498 ΕΡ.
996 434 1045 498 15.
1497 435 1560 498 457

238 595 542 678 τριςαρειοιιαγίτας
570 585 742 664 ambitum,
771 587 920 666 comitia,
953 590 1191 677 interregnum,
1218 592 1433 668 maiestatem,
1463 600 1560 659 totam

237 685 375 772 denique
395 703 463 748 rem
485 680 642 769 publicam
656 680 747 748 flocci
761 703 824 748 non
838 680 954 750 iacere.
995 683 1154 752 Debemus
1175 696 1296 772 patrem
1316 684 1450 752 familias
1474 685 1560 752 domi

237 797 313 844 suae
346 775 491 843 occidere
520 775 617 849 nolle,
648 796 750 862 neque
781 784 884 842 tamon
913 776 945 842 id
973 777 1075 864 ipsum
1105 778 1244 858 abunde;
1267 802 1338 845 nam
1359 778 1561 846 absolverunt

236 889 338 944 uu„
369 868 616 936 condemnarunt
650 889 757 936 xxrrx.
814 869 943 937 Publius
976 893 1049 938 sane
1080 873 1198 940 diserto
1235 872 1360 960 epilogo
1393 873 1560 939 criminans

237 973 357 1030 mentes
385 962 523 1028 iudicum
556 971 708 1029 moverat.
763 965 912 1030 Hortalus
939 965 972 1030 in
1000 986 1036 1031 cs
1058 987 1151 1032 causa
1171 965 1246 1043 suit,
1274 967 1448 1034 cuiusmodi
1470 969 1584 1034 sotus

237 1063 301 1124 Nos
324 1055 456 1122 verbum
477 1056 607 1123 nullum.
665 1057 773 1124 Verita
801 1069 849 1125 est
877 1059 960 1124 enim
981 1059 1111 1145 pusilla,
1148 1081 1228 1146 quae
1250 1080 1331 1124 nunc
1353 1059 1489 1134 laborat,
1520 1083 1561 1126 ne

237 1151 371 1235 'sanimi
399 1152 432 1217 in
458 1149 570 1217 Publio
598 1151 783 1218 offenderet.
835 1158 865 1220 5.
894 1153 950 1220 His
979 1152 1075 1220 rebus
1103 1154 1194 1228 actis,
1230 1153 1350 1220 Reatini
1371 1176 1421 1221 me
1444 1153 1483 1220 ad
1504 1176 1561 1222 sua

238 1262 338 1332 τέμπη
361 1245 539 1320 duxerunt,
569 1254 605 1311 ut
626 1266 754 1332 agerem
775 1267 900 1314 causam
921 1257 1030 1314 eontra
1052 1253 1275 1314 Interamnates
1296 1247 1380 1334 apud
1400 1248 1561 1316 consulem

238 1353 270 1408 et
299 1340 409 1406 decem
436 1340 572 1424 legatos,
605 1339 691 1427 quod
711 1341 797 1408 lacus
818 1340 964 1414 Velinus,
1000 1346 1090 1408 aM'.
1113 1341 1209 1408 Curio
1231 1341 1379 1417 emissus,
1411 1341 1560 1410 interciso

238 1442 358 1510 monte,
391 1434 425 1498 in
445 1440 508 1499 Nar
529 1433 657 1514 delluit3
690 1455 730 1502 ex
752 1456 817 1522 quo
849 1445 896 1502 est
925 1436 978 1502 illa
1006 1436 1118 1502 siccata
1147 1445 1178 1502 et
1204 1435 1331 1502 humida
1361 1444 1465 1502 tamen
1493 1460 1561 1504 mo-
1571 1451 1597 1491 ¹⁰

238 1529 307 1594 dice
336 1529 439 1594 Rosia.
497 1528 569 1596 Vixi
598 1550 669 1594 cum
698 1531 790 1600 Axio.
844 1530 1042 1608 Quinetiam
1063 1551 1114 1596 mc
1135 1529 1174 1596 ad
1197 1533 1321 1616 Septem
1343 1551 1439 1618 aquas
1460 1531 1560 1600 duxit.

238 1628 269 1688 6.
290 1623 380 1690 Rodii
395 1627 526 1688 Romam
547 1623 668 1689 Fonteii
689 1644 783 1690 causa
804 1645 831 1688 a.
854 1623 885 1690 d.
906 1644 966 1690 v11.
988 1623 1061 1691 lclus
1077 1624 1203 1704 Quinct.
1245 1625 1325 1691 Veni
1346 1625 1380 1690 in
1401 1639 1561 1712 spectacu-

238 1719 321 1792 lum,
344 1717 499 1803 primum,
521 1727 688 1801 magnust
716 1716 871 1805 aequabili
900 1719 1012 1804 plausu
1031 1717 1151 1784 -sed
1182 1719 1243 1784 hoc
1270 1739 1310 1784 ne
1331 1721 1466 1799 curaris3
1499 1742 1560 1807 ego

237 1812 371 1897 ineptus,
394 1811 447 1897 qui
469 1811 649 1895 scripserim
666 1833 717 1891 -3
739 1811 862 1888 deinde,
883 1811 1065 1898 Antiphonti
1080 1832 1220 1900 operam.
1262 1817 1292 1878 Is
1314 1822 1381 1878 erat
1402 1824 1474 1880 ante
1495 1837 1560 1881 ma-

237 1906 394 1970 numissus
416 1926 510 1991 quam
531 1904 713 1990 productus.
755 1911 800 1970 Ne
817 1907 933 1972 diutius
950 1905 1102 1992 pendeas,
1125 1907 1259 1994 palmam
1277 1907 1357 1974 tulit.
1399 1909 1460 1974 Sed
1482 1910 1597 1977 nihilis

237 2009 300 2064 tam
330 2000 497 2086 pusillum,
532 1997 609 2066 nihil
637 2009 701 2064 tam
728 2000 795 2065 sine
822 2021 913 2076 soce,
952 1999 1029 2067 nihil
1058 2008 1120 2067 tam
1143 2049 1151 2064 .
1174 2049 1183 2067 .
1205 2049 1245 2068 ..
1288 2006 1407 2068 Verum
1428 2004 1504 2070 haec
1525 2013 1560 2072 tu

239 2106 339 2160 tecum
373 2091 497 2158 habeto.
554 2098 589 2158 ln
621 2092 836 2160 Andromacha
868 2104 972 2160 tamen
1001 2094 1101 2159 maior
1129 2094 1189 2160 luit
1210 2115 1303 2180 quam
1326 2100 1498 2185 Astyaoa13
1527 2099 1560 2164 in

238 2187 351 2253 ceteris
372 2208 480 2273 parem
502 2185 611 2253 habuit
631 2188 798 2254 neminem.
853 2188 988 2266 Quaeris
1009 2207 1091 2252 nunc
1112 2186 1152 2252 de
1173 2185 1361 2254 Arbuscula:
1384 2190 1474 2256 valde
1494 2191 1560 2278 pla·

238 2281 315 2350 cuit.
354 2280 434 2346 Ludi
464 2281 619 2367 magnifici
645 2292 676 2348 et
703 2286 793 2367 grati.
836 2281 968 2348 Venatio
998 2286 1030 2346 in
1058 2279 1143 2346 aliud
1164 2289 1286 2367 tempus
1308 2280 1410 2348 dilata.
1452 2288 1482 2348 7.
1505 2289 1561 2350 Se-

239 2395 338 2462 quere
359 2395 441 2440 nunc
462 2395 513 2439 me
540 2375 574 2439 iu
594 2396 748 2462 campum.
792 2373 887 2441 Ardet
909 2373 1062 2453 ambitus;
1084 2379 1175 2458 σῆμα
1198 2380 1235 2440 δέ
1255 2402 1305 2440 τοι
1326 2386 1414 2460 ἐρέω.
1457 2382 1559 2444 Fenus
1569 2396 1597 2437 το

238 2489 279 2534 ex
300 2469 412 2534 triente
439 2467 518 2535 idib.
541 2467 665 2547 Quinct.
687 2468 801 2535 lactum
823 2478 891 2534 erat
913 2467 1066 2534 bessibus.
1107 2467 1217 2543 Dices,
1246 2467 1327 2533 istuc
1348 2468 1475 2556 quidem
1497 2491 1560 2537 non

237 2564 369 2629 moleste
390 2562 470 2628 fero.
513 2566 540 2628 0
562 2563 682 2629 virumt
705 2583 725 2628 o
747 2564 862 2628 civemt
905 2566 1086 2628 Memmium
1109 2561 1250 2627 Caesaris
1265 2583 1374 2628 omnes
1388 2585 1464 2650 opes
1486 2585 1561 2629 con-

238 2657 372 2723 firmant.
416 2660 493 2723 Cum
518 2677 556 2722 eo
578 2656 748 2722 Domitium
771 2655 915 2723 consules
936 2657 1123 2734 munerum
1145 2676 1207 2742 qua
1229 2655 1388 2742 pactione,
1411 2657 1560 2745 epistolae

238 2751 434 2816 committere
456 2771 519 2816 nou
541 2749 653 2816 audeo.
706 2751 873 2837 Pompeius
893 2748 1013 2826 fremit,
1040 2751 1203 2838 queritur,
1226 2754 1344 2816 Scauro
1366 2750 1483 2829 studet;
1505 2751 1560 2817 sed

238 2854 343 2909 utrum
365 2843 470 2909 fronte
491 2865 530 2910 an
552 2851 673 2918 mente,
696 2842 866 2911 dubitatur.
905 2846 1025 2925 Ἔξοχὴ
1043 2845 1077 2909 in
1090 2845 1177 2910 nullo
1189 2853 1252 2922 est;
1273 2845 1404 2932 pecunia
1420 2846 1597 2911 omniumss

238 2937 419 3022 dignitatem
452 2947 616 3026 exaequat.
669 2937 799 3004 Messala
830 2937 1071 3028 languet;(non
1100 2959 1164 3025 quo
1190 2946 1243 3003 aut
1265 2939 1385 3003 animus
1408 2936 1488 3003 desit
1508 2947 1562 3002 aut
1588 2931 1683 3002 *²2¹⁹

238 3032 328 3097 amici
336 3024 357 3134 ,)
367 3032 422 3098 sed
435 3021 539 3134 (coitio
561 3031 724 3098 consulum
747 3040 778 3096 et
798 3031 964 3118 Pompeius
986 3023 1121 3136 obsunt.)
1152 3037 1196 3097 Ea
1218 3031 1360 3107 comitia,
1382 3038 1458 3117 puto
1479 3029 1559 3106 lore,
1593 2982 1610 3082 1
1619 3037 1676 3120 ,qi--

309 3197 335 3247 1.
364 3203 415 3246 tras
439 3191 648 3266 ἁρειοπαγὶτας
672 3197 722 3257 Μ,
754 3202 807 3245 tres
832 3209 1038 3262 αρειοπαγιται
1065 3195 1108 3254 R,
1139 3203 1191 3245 tres
1224 3197 1350 3259 (spatium
1378 3195 1506 3252 vacuum)
1537 3194 1559 3243 1.

240 3265 344 3325 (Tacite
363 3266 516 3316 emendavit
534 3267 652 3322 Rosius.)
683 3290 715 3304 -
751 3266 777 3314 2.
803 3267 926 3317 ostanus
953 3279 1015 3314 cum
1043 3265 1125 3315 Codd.
1148 3266 1263 3330 Malasp.
1283 3265 1382 3316 delevit
1400 3265 1508 3314 Brutus.
1529 3289 1556 3300 —

239 3336 343 3399 [omitto
369 3337 406 3387 Μ.
438 3363 467 3372 -
506 3337 534 3387 3.
552 3338 633 3387 occidi
652 3335 817 3386 Schuetzius·
850 3361 878 3372 -
916 3335 943 3385 t.
962 3335 1197 3386 condemnaverunt
1217 3337 1235 3386 l.
1264 3359 1297 3370 -
1332 3337 1429 3386 desem
1447 3335 1492 3396 M,
1522 3335 1561 3384 di·

239 3413 305 3455 scrtc
332 3408 372 3467 R,
403 3408 503 3456 deceno
527 3405 549 3456 1.
581 3431 609 3442 -
647 3407 791 3457 cmmioou'
810 3420 850 3469 pr.
869 3404 913 3464 M,
932 3407 1086 3455 criminatus
1103 3406 1214 3456 Ascens.
1236 3419 1290 3456 sec.
1327 3406 1464 3466 (Nostrum
1485 3416 1560 3468 prae-

241 3476 305 3526 bent
329 3477 364 3527 Rt
391 3482 417 3527 et
444 3490 515 3526 corr.
540 3477 589 3528 M.)
616 3501 647 3514 ·-
681 3478 708 3527 5.
734 3483 830 3526 mantes
852 3477 908 3526 uidi
930 3482 1103 3525 commoverat
1122 3489 1256 3539 superscr.
1275 3478 1388 3526 tosticum
1405 3476 1447 3536 M,
1465 3482 1561 3525 mentes

238 3548 352 3597 iudicum
370 3554 543 3598 commoveret
559 3547 606 3596 Rl.
626 3573 655 3584 -
693 3547 806 3598 Hotutus
823 3547 890 3608 MR,
912 3546 1093 3596 0161161.-
1130 3547 1157 3596 6.
1179 3548 1280 3598 Veritus
1292 3547 1431 3597 XYZMRl.
1451 3545 1561 3604 (Emen-

240 3617 312 3666 davit
336 3615 496 3680 Manutius.)
523 3639 555 3652 -
590 3631 622 3666 uc
640 3617 724 3668 uuimi
740 3618 769 3666 in
787 3617 878 3666 Publio
898 3617 1033 3681 offenderat
1052 3616 1091 3666 l':
1123 3631 1155 3667 ue
1178 3619 1295 3667 culmum
1313 3617 1405 3668 Patbtio
1424 3617 1561 3683 offenderet

239 3686 368 3746 xzusl,
399 3701 431 3737 oa
457 3688 540 3736 outms'
565 3689 595 3736 iu
617 3687 709 3738 Publio
735 3687 877 3752 offusdcrer
901 3693 1011 3736 auctora
1028 3685 1109 3736 Roaio
1129 3687 1159 3736 R.
1188 3687 1260 3738 Fort·
1279 3701 1311 3738 ua
1328 3689 1407 3738 utmts
1423 3689 1452 3736 iu
1469 3686 1561 3737 Publio

240 3758 401 3822 offenderam·
420 3757 472 3808 Oa.
506 3779 536 3792 -
572 3757 599 3807 7.
619 3758 724 3808 Rcuts'ot
740 3753 790 3819 me]
809 3763 867 3808 unt
884 3757 964 3807 inians
981 3757 1027 3816 Μ,
1053 3763 1111 3808 erut
1128 3758 1233 3809 minima
1257 3757 1281 3809 1.
1313 3781 1344 3794 ·-
1381 3758 1417 3807 od
1434 3770 1483 3806 suu
1500 3764 1562 3808 tuu-

240 3836 311 3885 cru.
329 3837 452 3886 dicemus
471 3836 515 3896 M,
542 3837 578 3885 ecl
594 3850 643 3886 suo
662 3837 784 3886 iimmot
802 3836 841 3896 R,
870 3837 906 3886 ott
923 3849 972 3886 suo
990 3842 1119 3898 temporo.
1154 3837 1377 3887 1116116611.-
1412 3835 1440 3887 8·
1458 3831 1562 3886 inmun·

240 3906 275 3954 tta
292 3905 330 3956 Μ.
367 3929 394 3941 -
432 3907 458 3956 o.
481 3903 593 3969 l'clc'uus]
618 3907 658 3956 uel
675 3920 749 3955 mma
768 3919 808 3969 pr.
829 3907 866 3957 Μ.
897 3929 925 3941 -
963 3903 1078 3969 emissus]
1104 3907 1226 3966 omisssis,
1254 3908 1298 3971 qut
1317 3906 1338 3955 1.
1363 3933 1389 3942 -
1425 3907 1462 3959 M.
1483 3907 1562 3957 Curio

240 3975 278 4026 M.
311 4001 339 4012 —
377 3977 498 4026 interciso
515 3983 602 4026 monte
620 3973 658 4038 io]
689 3977 758 4027 tuter
776 3975 1041 4040 montisaperti.
1072 4001 1101 4012 -
1139 3977 1183 4027 16.
1203 3977 1260 4026 Nur
1277 3975 1366 4043 defluit
1391 3975 1414 4025 R
1439 3982 1466 4026 et
1489 3989 1560 4026 corr.

240 4045 284 4096 Mc
313 4047 396 4096 nurus
413 4047 472 4112 ptuit
492 4061 532 4108 pr.
552 4047 593 4106 M,
632 4047 729 4098 liorem
746 4045 835 4111 depluit
852 4054 963 4098 auctore
981 4046 1113 4098 lumbino
1141 4045 1173 4098 E.
1210 4043 1265 4096 Clr.
1285 4046 1410 4096 vossium
1428 4046 1462 4097 da
1480 4046 1560 4096 ltnal.

243 4115 266 4174 l,
294 4117 337 4166 to.
367 4131 393 4181 p.
412 4116 474 4166 tta.
498 4142 525 4152 -
563 4118 679 4166 siccato:
705 4116 749 4166 scat
766 4117 874 4167 tumido
892 4118 1045 4180 quaudoque
1061 4117 1159 4166 modice
1176 4115 1264 4181 &ituit
1283 4118 1311 4166 tu
1330 4115 1456 4167 Cumuuo.
1494 4117 1563 4180 Quin

243 4184 263 4233 1.
289 4209 316 4223 -
351 4187 395 4237 11.
415 4186 544 4236 rosioutnt
561 4186 605 4243 M,
627 4187 764 4236 Rosiooiei
780 4186 812 4236 11.
842 4185 1034 4248 (Emendatum
1053 4191 1094 4235 est
1112 4187 1139 4235 iu
1163 4186 1319 4236 Manutiana
1341 4186 1432 4244 1551.)
1467 4186 1561 4238 Malim

207 4291 211 4301 .
242 4257 340 4317 Rosea,
371 4261 400 4306 nt
418 4263 458 4306 est
475 4257 545 4321 apud
566 4256 642 4306 Vara.
662 4257 694 4305 R.
713 4258 745 4306 R.
764 4257 840 4316 1,’1,
862 4257 904 4307 lt).
944 4257 1015 4319 virg.
1044 4257 1112 4304 Aen.
1141 4254 1174 4316 7,
1205 4257 1267 4306 712.
1304 4257 1413 4306 Festum
1433 4257 1460 4305 iu
1479 4257 1562 4307 Rosau

242 4339 268 4387 p.
288 4327 350 4376 282.
382 4327 476 4377 Muell.
508 4327 559 4377 Oa.
592 4353 621 4362 -
661 4323 740 4389 Ouio]
770 4328 816 4390 qui
842 4327 989 4378 Manutius.
1016 4347 1046 4360 -
1083 4325 1126 4374 12.
1148 4325 1241 4375 Rhodii
1259 4326 1368 4376 Romam
1385 4327 1467 4389 sostei
1485 4326 1506 4375 1.
1529 4349 1561 4364 -·

242 4395 345 4456 Quioct.
373 4399 441 4447 ocul.
467 4396 638 4460 spectaculum
661 4396 733 4456 MR,
766 4397 855 4458 Quint.
886 4402 1010 4447 vaserunt
1027 4395 1201 4457 spectaculum
1219 4395 1240 4446 1.
1277 4396 1450 4456 (Emendavlt
1478 4396 1561 4447 Mala-

242 4466 342 4526 spioa.)
371 4490 401 4502 -
438 4467 480 4517 tt.
510 4481 615 4528 operum
637 4469 754 4516 miserat.
781 4475 842 4516 autc
868 4466 942 4519 MRl.
962 4491 994 4501 -
1031 4465 1073 4514 16.
1097 4465 1322 4518 utilitum...
1345 4499 1352 4513 .
1393 4467 1484 4516 Varum
1501 4467 1563 4517 tuac

242 4535 354 4585 Rosius:
378 4537 445 4586 citit
463 4545 631 4586 tumueram.
669 4537 740 4585 Haec
759 4535 854 4586 1111111.
881 4561 908 4573 -
948 4536 991 4586 17.
1011 4535 1157 4598 Astpuucm
1174 4537 1203 4586 tu
1220 4535 1301 4595 XYZ,
1321 4535 1413 4600 Astpo.
1449 4537 1518 4587 Nom
1534 4537 1564 4586 tu

243 4619 283 4668 pr.
303 4607 346 4668 M,
365 4611 450 4660 tustra
469 4621 517 4671 pro
535 4613 612 4670 oatya
630 4620 684 4668 mg.
703 4606 771 4663 M.),
791 4606 956 4668 Astyanacta.
977 4607 1005 4654 tu
1023 4605 1243 4669 R‚Astpoouctc.
1279 4605 1347 4656 Nom
1363 4609 1392 4656 tu
1408 4607 1431 4655 1.
1469 4607 1563 4665 (Recta

242 4676 322 4728 lectio
350 4685 390 4728 est
414 4677 441 4726 ln
472 4676 537 4728 Cod.
558 4676 664 4725 Ralliot.
684 4675 883 4725 atviuortana
903 4677 1010 4738 prima.)
1032 4697 1062 4709 -
1099 4675 1358 4728 161161611-
1394 4676 1439 4726 20.
1459 4676 1562 4726 Graeca

242 4759 297 4795 om.
318 4747 349 4796 R.
370 4772 400 4783 -
437 4747 481 4796 21.
502 4747 599 4797 tostius
617 4759 657 4808 pr.
677 4745 724 4805 M,
754 4745 847 4796 Resioct
866 4759 937 4796 corr.
957 4745 994 4796 M·
1022 4769 1055 4778 -
1091 4747 1171 4795 istum
1194 4746 1267 4797 MRl.
1293 4769 1327 4779 -
1363 4745 1564 4811 2216611616-

241 4823 304 4865 ruut
322 4817 353 4866 R.
377 4839 404 4851 ·-
425 4817 469 4867 23.
484 4817 612 4867 consulam
630 4815 704 4866 MRl.
723 4838 758 4849 -
775 4817 915 4866 virtues-unt
935 4816 1002 4864 1.-
1022 4815 1157 4876 epistolum
1175 4815 1212 4866 M.
1234 4813 1369 4879 (epistolas
1386 4831 1441 4879 mg.
1459 4817 1510 4876 Μ.)
1530 4843 1559 4854 -

242 4887 287 4935 25.
307 4885 382 4935 nullu
402 4887 447 4936 Rl.
480 4911 510 4924 -
558 4886 603 4934 26.
622 4887 726 4934 unimus
744 4887 767 4935 ei
784 4887 850 4935 desit
874 4887 905 4935 R.
932 4912 959 4923 -
997 4885 1041 4933 27.
1061 4887 1152 4935 amicis
1169 4886 1242 4941 MR,
1270 4887 1360 4936 amicis
1377 4894 1468 4939 cursui
1486 4888 1509 4938 1.
1531 4910 1561 4923 -

242 4955 286 5004 27.
305 4957 385 5005 culcio
404 4957 515 5007 consutis
533 4955 587 5016 Ml,
606 4955 718 5006 consulta
735 4956 814 5004 cottio
833 4955 864 5005 R.
892 4980 925 4990 -
943 4962 969 5005 ct
986 4968 1041 5004 orn.
1061 4955 1092 5004 R.
1116 4981 1142 4991 -
1163 4969 1256 5019 pompe
1275 4957 1329 5007 cius
1347 4970 1388 5019 pr.
1407 4957 1444 5009 Μ.
1465 4983 1496 4994 -
1518 4957 1563 5007 oli-

242 5033 302 5075 sunt
322 5025 357 5074 Rt
376 5031 402 5076 et
420 5040 460 5089 pr.
481 5027 523 5084 M,
550 5027 639 5075 Maean
663 5033 699 5076 cst
718 5040 789 5077 corr.
809 5025 846 5076 M.
867 5049 898 5062 -
936 5027 976 5076 Eu
994 5021 1110 5088 comitio]
1130 5041 1162 5077 cu
1186 5027 1294 5077 comitio
1312 5041 1353 5091 pr.
1372 5027 1415 5085 M,
1434 5041 1466 5080 ce
1483 5029 1564 5079 comt-

244 5098 288 5146 tits
306 5109 377 5146 corr.
397 5095 444 5159 M,
463 5111 496 5147 sc
513 5097 655 5149 comitiutis
674 5097 720 5148 Rl.
