3662 5892
321 447 382 508 rto
825 445 884 507 ΕΡ.
906 445 958 508 ΑΙ)
981 445 1153 508 ATTICUM

318 604 380 668 isse
401 603 510 668 laetor.
553 606 600 666 Tu
622 601 699 688 quid
724 599 826 684 egeris
847 611 900 668 tna
936 622 1006 666 cum
1028 601 1124 674 tristi,
1155 610 1222 666 tum
1244 599 1338 665 etiam
1360 599 1476 667 difficili
1502 601 1543 666 ad
1565 623 1652 667 con-

319 695 484 761 siliandum
505 696 677 781 legatione,
708 695 907 762 vehementer
928 704 1087 782 exspecto.
1130 699 1184 758 Est
1205 693 1288 759 enim
1313 693 1551 781 inexplicabilis.
1596 702 1649 761 lta

318 789 584 855 circumsedemur
605 789 704 875 copiis
725 789 880 855 omnibus.
922 794 973 855 Me
995 788 1119 876 quidem
1135 787 1223 853 Bruti
1244 787 1378 864 litterae,
1401 810 1477 875 quas
1498 791 1649 856 ostendis

317 894 381 948 ate
395 882 505 958 lectas,
528 884 569 948 ita
583 882 820 970 perturbarunt,
842 891 893 957 ut,
916 904 1103 970 quamquam
1125 889 1195 948 ante
1213 881 1342 968 egebam
1365 885 1510 960 consilio,
1534 895 1648 949 tamen

298 976 412 1041 sanimi
442 976 553 1042 dolore
580 978 639 1042 sim
668 977 797 1043 tardior.
842 977 903 1043 Sed
931 977 1036 1062 plura,
1065 998 1136 1043 cum
1165 977 1223 1042 ista
1250 996 1400 1061 cognoro.
1443 982 1510 1043 Hoc
1531 991 1648 1046 autem

317 1079 474 1154 tempore,
497 1071 582 1158 quod
604 1071 790 1145 scriberem,
812 1071 890 1137 nihil
912 1080 997 1149 erat,
1019 1091 1121 1157 eoque
1143 1070 1261 1142 miuus,
1284 1071 1369 1157 quod
1384 1070 1581 1146 dubitabam,
1604 1081 1647 1136 tu

318 1162 373 1228 bas
395 1164 477 1249 ipsas
498 1165 617 1231 litteras
638 1186 763 1230 essesne
785 1175 978 1250 accepturus.
1021 1169 1095 1229 Erat
1116 1163 1200 1227 enim
1221 1162 1393 1238 incertum,
1419 1164 1584 1230 visurusne
1607 1174 1647 1228 te

317 1268 400 1324 esset
421 1257 610 1325 tabellarius.
652 1263 720 1344 Ego
742 1268 810 1326 tuas
831 1260 950 1325 litteras
974 1258 1174 1324 vehementer
1195 1267 1353 1343 exspecto.

796 1407 1160 1493 rucuma

285 1569 310 1612 ,ο
798 1533 941 1599 arcano
963 1531 1108 1598 arnico
1131 1534 1162 1595 s.

402 1657 429 1719 0
451 1655 539 1720 Bruti
562 1663 701 1720 amanter
722 1655 852 1740 scriptas
874 1653 1005 1718 litterasl
1038 1653 1064 1716 0
1086 1651 1228 1739 iniquum
1251 1662 1338 1718 tuum
1361 1661 1498 1739 tempus,
1521 1655 1573 1741 qui
1596 1655 1637 1721 ad

315 1768 387 1813 eum
409 1749 457 1814 ire
479 1769 542 1813 uon
564 1749 682 1834 possisl
705 1752 772 1832 Ego
794 1758 897 1813 autem
920 1747 995 1834 quid
1010 1744 1163 1812 scribant
1185 1751 1222 1811 Ut
1235 1745 1387 1812 beneficio
1401 1747 1531 1813 istorum
1547 1759 1637 1814 umn-

316 1848 388 1908 turl
419 1843 502 1920 Quid
524 1843 667 1928 turpius?
698 1845 736 1907 Ut
757 1843 926 1907 moliantur
946 1839 1085 1926 aliquid‘l
1115 1844 1177 1904 Nec
1198 1841 1313 1906 audent
1333 1863 1391 1906 nec
1412 1842 1473 1904 iam
1496 1853 1635 1926 possunt

314 1941 395 2021 Age,
419 1937 580 2024 quiescant
600 1933 782 2003 auctoribus
803 1935 912 2001 nobisl
946 1935 1025 2012 Quis
1046 1933 1288 1999 incolumitatem
1312 1939 1467 2020 praestat?
1504 1935 1635 2000 sivero

282 2029 433 2116 raaliquid
460 2030 499 2094 de
527 2030 657 2096 Decimo
688 2030 831 2113 gravius,
863 2049 943 2116 quae
973 2029 1087 2093 nostris
1108 2027 1191 2100 vita,
1222 2028 1340 2093 etiamsi
1370 2049 1462 2092 nemo
1487 2029 1636 2094 molestus

315 2122 377 2187 sit‘l
407 2123 510 2188 Ludos
532 2146 609 2189 vero
632 2145 695 2188 nou
718 2124 838 2195 lacere:
862 2115 936 2208 quid
959 2120 1103 2186 loedius‘l
1130 2125 1332 2185 Frumentum
1354 2121 1531 2206 imponere;
1555 2142 1635 2207 quae

315 2225 363 2280 est
384 2215 443 2280 alia
465 2217 574 2297 Dionis
596 2218 734 2303 legatio?
757 2226 810 2282 aut
831 2215 916 2303 quod
938 2236 1050 2280 munus
1072 2215 1105 2279 iu
1127 2212 1307 2299 republica
1329 2214 1507 2281 sordidius?
1542 2220 1636 2280 Pror-

315 2330 367 2374 sus
389 2309 516 2394 quidem
540 2311 668 2375 consilia
690 2310 744 2375 tali
773 2310 804 2373 in
827 2332 862 2374 re
891 2330 930 2373 ne
952 2309 990 2373 iis
1013 2308 1139 2395 quidem
1169 2318 1233 2373 tuta
1255 2319 1341 2385 sunt,
1373 2309 1427 2394 qui
1449 2309 1530 2374 dant.
1573 2309 1636 2374 Sed

315 2403 432 2488 possim
455 2401 487 2465 id
509 2403 670 2487 negligere
691 2401 868 2488 proficiens.
907 2406 1034 2466 Frustra
1055 2423 1133 2466 vero
1155 2408 1208 2486 qul
1229 2400 1410 2486 ingrediar?
1435 2405 1542 2468 Matris
1561 2424 1635 2467 con-

276 2495 386 2564 aosilio
415 2517 485 2560 cum
507 2505 613 2560 utatur
641 2497 692 2561 vel
714 2497 805 2561 etiam
828 2493 989 2580 precibus,
1020 2494 1096 2581 quid
1117 2516 1168 2559 me
1190 2494 1407 2580 interponunt
1450 2495 1512 2561 Sed
1533 2507 1634 2560 tamen

315 2587 476 2672 cogitabo,
508 2610 572 2674 quo
593 2610 708 2675 genere
730 2599 800 2654 utar
821 2589 1007 2655 litterarum.
1049 2591 1126 2652 Nam
1148 2589 1240 2655 silere
1263 2609 1324 2654 non
1346 2609 1483 2675 possum.
1527 2590 1632 2655 Statim

314 2681 411 2766 igitur
431 2681 550 2746 mittam
573 2683 768 2750 velantium
791 2684 841 2749 vel
864 2682 1011 2748 Circeios.

778 2827 834 2890 rr.
876 2825 936 2906 (A.
965 2828 998 2889 u
1022 2826 1054 2889 c,
1078 2826 1174 2906 710.)
1210 2793 1237 2808 ’“

793 2948 936 3014 crosno
958 2947 1102 3012 Arrrco
1126 2949 1177 3010 s·

277 3095 305 3138 as
401 3071 429 3155 ¹.·
458 3069 584 3134 Antium
610 3068 684 3134 veni
715 3077 786 3134 ante
817 3089 862 3134 vr.
891 3067 975 3134 ldus.
1029 3073 1127 3132 Bruto
1154 3067 1308 3133 iucundus
1339 3076 1447 3133 noster
1475 3068 1630 3133 adventus.

314 3158 447 3234 Deinde,
479 3162 584 3227 multis
613 3161 826 3235 audientibus,
858 3161 1007 3235 Servilia,
1037 3161 1188 3235 Tertulla,
1217 3162 1327 3226 Porcia
1357 3181 1525 3248 quaerere,
1559 3161 1630 3246 quid

313 3255 459 3340 placeret.
501 3255 618 3320 Aderat
646 3255 739 3320 etiam
767 3255 932 3320 Favonius.
974 3259 1060 3339 Ego,
1089 3254 1174 3340 quod
1203 3276 1289 3321 eram
1316 3256 1481 3322 meditatus
1508 3259 1540 3320 in
1570 3256 1631 3326 via,

313 3348 463 3422 suadere,
486 3358 520 3414 ut
541 3359 683 3416 uteretur
703 3349 835 3416 Asiatica
857 3349 1019 3414 curatione
1040 3347 1205 3427 frumenti;
1235 3350 1311 3415 nihil
1332 3371 1401 3415 esse
1422 3350 1484 3414 iam
1506 3349 1630 3436 reliqui.

313 3441 398 3527 quod
420 3462 601 3527 ageremus,
628 3443 688 3507 nisi
709 3453 744 3508 ut
765 3444 868 3508 salvus
891 3453 987 3508 esset:
1017 3442 1050 3506 in
1073 3463 1111 3508 eo
1137 3444 1230 3507 etiam
1252 3445 1311 3530 ipsi
1333 3443 1544 3530 reipublicae
1567 3464 1631 3507 esse

276 3533 512 3620 snpraesidium.
558 3538 659 3613 Quam
688 3537 862 3602 orationem
892 3557 963 3601 cum
985 3535 1144 3622 ingressus
1166 3559 1283 3611 essem,
1312 3538 1433 3603 Cassius
1460 3539 1631 3602 inlervenit.

313 3634 380 3714 Ego
403 3629 511 3694 eadem
534 3630 586 3694 illa
608 3631 752 3716 repetivi.
795 3634 863 3696 lloc
884 3630 954 3695 loco
976 3629 1112 3696 fortibus
1133 3652 1207 3695 sane
1229 3631 1326 3697 oculis
1349 3635 1471 3697 Cassius
1494 3667 1532 3678 -
1555 3637 1632 3696 Mar·

314 3733 376 3787 tem
400 3724 520 3809 spirare
543 3723 663 3789 diceres
683 3758 718 3768 -
735 3745 797 3799 „se
819 3725 850 3788 in
866 3724 1004 3788 Siciliam
1027 3745 1090 3789 non
1106 3725 1235 3790 iturum.
1273 3730 1380 3810 Egone
1395 3736 1429 3790 ut
1449 3723 1629 3790 beneficium

313 3819 502 3903 accepissem
517 3819 780 3883 contumeliaml”
803 3817 888 3895 Quid
904 3838 981 3902 ergo
996 3819 1084 3901 agis?
1104 3823 1240 3904 inquam.
1274 3825 1314 3884 At
1328 3819 1395 3894 ille,
1418 3819 1475 3892 „in
1490 3820 1631 3884 Achaiam

313 3932 346 3976 se
368 3912 514 3980 iturum.''
558 3911 641 3989 Quid
664 3925 713 3984 tu.
736 3911 877 3998 inquam,
901 3916 1017 3976 Brute?
1039 3916 1237 3986 „Romam”
1259 3913 1375 3999 inquit,
1397 3916 1449 3987 „si
1472 3912 1528 3975 tibi
1552 3911 1632 3976 vide-

276 4009 393 4075 ntur.''
436 4004 512 4070 Mihi
532 4026 612 4070 vero
633 4007 778 4084 minime;
801 4015 869 4071 tuto
891 4005 975 4070 enim
998 4025 1060 4070 uon
1083 4005 1156 4070 eris.
1199 4007 1331 4083 „Quid‘l
1353 4006 1380 4070 si
1401 4027 1526 4091 possem
1549 4025 1631 4075 esse.

381 4225 408 4274 2.
434 4225 592 4288 legationem
610 4225 646 4274 M.
666 4247 700 4258 -
737 4225 763 4275 6.
789 4225 943 4276 dubitabam
962 4239 998 4274 on
1016 4231 1046 4276 to
1063 4226 1096 4276 ll.
1117 4251 1145 4263 -
1184 4225 1211 4275 8.
1235 4231 1354 4286 exspecto
1370 4224 1532 4274 uehementer
1549 4225 1581 4275 ll.
1602 4249 1630 4261 —

313 4294 354 4345 13.
381 4295 431 4345 Nec
450 4296 558 4346 audient
576 4309 623 4344 nec
641 4297 820 4358 lamponem
839 4310 878 4360 pr.
897 4297 940 4356 M,
962 4309 1009 4346 nec
1027 4297 1136 4346 cudunt
1153 4308 1200 4345 nac
1217 4296 1271 4345 inm
1286 4299 1395 4357 possunt
1413 4295 1436 4344 a
1454 4300 1480 4344 ot
1499 4307 1569 4345 corr·
1588 4294 1632 4353 M,

311 4379 357 4415 nec
374 4368 431 4416 tom
445 4374 558 4427 possunt
576 4379 622 4416 nec
641 4367 742 4415 cudent
761 4366 782 4415 1.
812 4365 857 4429 (Ut
876 4381 941 4422 nos,
961 4362 1133 4430 Cratander.)
1152 4367 1247 4416 -15.
1267 4367 1298 4414 da
1316 4366 1349 4414 D.
1371 4361 1432 4428 (sic)
1453 4361 1634 4429 Graeceb'sqaa

311 4439 411 4485 nostru
435 4435 479 4495 Μ,
508 4437 540 4485 ds
557 4436 592 4485 D.
612 4432 750 4500 Graecisque
775 4437 810 4499 R,
839 4437 870 4487 de
888 4438 974 4486 Deciis
1002 4435 1175 4501 Gracchisque
1197 4436 1219 4486 l.
1257 4435 1387 4492 (Correxit
1410 4434 1581 4494 Lambinus.)
1602 4460 1631 4470 -

312 4504 355 4555 18.
377 4503 491 4570 quidem]
511 4507 575 4570 guid
593 4505 650 4556 darn
668 4519 738 4558 corr.
757 4506 794 4558 Μ.
817 4533 844 4544 -
878 4507 916 4556 bo
933 4508 985 4557 Ml.
1007 4534 1034 4544 -
1069 4508 1111 4558 to.
1128 4518 1238 4568 possum
1256 4507 1301 4555 lll.
1323 4531 1351 4544 -
1381 4507 1444 4569 guid
1461 4507 1492 4555 ll.
1515 4531 1543 4542 -
1574 4518 1635 4553 cort·

310 4576 404 4626 ellium
420 4578 495 4628 Mlti.
524 4575 656 4642 (Correxit
674 4577 835 4632 Manutius.)
857 4601 885 4614 ·-
914 4577 957 4626 20.
976 4577 1018 4626 cel
1035 4592 1089 4628 om.
1110 4577 1145 4626 ΕΙ
1164 4583 1191 4627 et
1209 4590 1278 4626 corr·
1298 4576 1335 4626 Μ.
1360 4598 1385 4608 -
1409 4576 1453 4625 21.
1472 4575 1540 4625 Nam
1557 4575 1634 4623 silero

311 4657 368 4697 om.
389 4647 464 4697 atur.
501 4647 652 4711 (Supplevit
671 4661 725 4709 rng.
746 4647 831 4699 Crat.)
852 4673 883 4683 -
920 4647 965 4696 22.
985 4648 1107 4698 Circaeos
1125 4646 1165 4697 Vb
1183 4653 1209 4696 at
1223 4647 1285 4698 lort-
1299 4646 1336 4697 Μ.
1374 4645 1502 4706 (lituos,
1523 4646 1581 4704 Rl.)
1602 4669 1632 4680 -

312 4715 357 4766 25.
377 4721 438 4768 onte
463 4731 518 4768 om.
538 4717 559 4768 l.
586 4743 617 4754 -
655 4718 718 4766 Μαι
737 4716 854 4768 Strothio
872 4724 966 4767 autore
985 4718 1157 4769 Schuetzius:
1185 4717 1247 4767 Kal.
1267 4715 1362 4766 Mlllll·
1391 4739 1422 4750 -
1459 4716 1502 4766 26.
1523 4715 1635 4765 audien-

311 4786 381 4836 riom
393 4787 611 4838 detodescroilc'o
630 4801 671 4852 pr.
684 4787 722 4838 Μ.
742 4813 776 4822 -
807 4787 925 4838 Tertullo
943 4787 965 4837 l.
985 4811 1014 4826 -
1043 4789 1088 4839 2⁵1.
1107 4788 1243 4838 Fcbonlos
1261 4801 1302 4851 pr.
1316 4785 1353 4836 Μ.
1374 4810 1405 4821 -
1436 4785 1480 4834 28.
1501 4783 1634 4848 Asiatica}

311 4855 360 4906 boc
371 4856 462 4906 Attico
475 4872 516 4921 pr.
526 4857 564 4908 Μ.
585 4881 619 4895 -
645 4859 688 4908 ab.
708 4857 797 4908 solvus
810 4863 873 4906 esset
886 4857 1005 4908 Corrado
1020 4865 1131 4910 auctore
1142 4857 1315 4908 Schuetzius:
1334 4855 1422 4905 saluos
1434 4867 1487 4906 essa
1499 4855 1631 4906 blm.-

311 4925 354 4976 ³1.
373 4931 484 4978 matrem
501 4929 534 4979 ll.
557 4952 584 4962 -
617 4928 660 4978 ³2.
680 4940 788 4990 merore
804 4927 861 4984 Ml,
881 4933 999 4990 sprctam
1017 4931 1049 4980 ll.
1071 4953 1101 4966 -
1132 4929 1216 4978 diem
1234 4928 1267 4978 a.
1289 4950 1319 4962 -
1348 4927 1377 4976 io
1395 4939 1450 4976 om.
1469 4925 1491 4975 l·
1512 4949 1544 4960 -
1577 4927 1632 4988 Epo

283 5031 285 5035 .
311 4995 333 5045 l.
355 5021 386 5032 -
414 4997 535 5062 bmpclo
554 4999 586 5049 R.
609 5021 639 5034 -
667 4998 711 5048 33.
731 5000 884 5058 conmotam
895 4999 1081 5050 contumeliam
1096 4999 1152 5052 Ml:
1172 4996 1540 5061 occcptssclncontunuliom
1553 4995 1630 5056 lel,

310 5068 438 5128 nemim
454 5070 484 5116 tn
501 5067 660 5118 contumelia
677 5081 740 5118 cum
759 5069 820 5118 Aac.
841 5081 881 5130 pr.
903 5067 932 5117 R.
