3628 5876
301 417 365 484 ens
730 415 1194 500 nrrsromnuunoaau.

300 574 497 664 periculique
517 572 667 640 seciemta
688 572 744 640 sed
765 573 859 639 etiam
880 571 973 640 buius
995 573 1146 660 temporis
1160 570 1266 640 studio
1287 579 1320 638 et
1332 572 1459 639 virtute.
1500 574 1639 640 Primus

301 669 385 736 enim
417 688 478 754 ego
510 667 596 754 leges
623 667 773 734 Antonias
805 666 901 752 sregi;
935 666 1058 754 primus
1090 666 1261 754 equitatum
1293 665 1473 732 Dolabellae
1495 667 1533 733 ed
1556 689 1638 734 rem

300 762 459 852 publicam
486 761 613 828 traduxi
640 760 809 847 Cassioque
836 759 968 838 tradidi;
1004 760 1126 847 primus
1155 758 1293 826 delectus
1319 758 1417 826 babui
1444 782 1504 848 pro
1525 763 1636 828 salute

302 857 442 924 omnium
465 863 573 922 contra
595 853 846 921 coniurationem
866 854 1153 932 sceleratissimam
1176 854 1262 920 solus
1284 853 1391 919 Cassio
1413 863 1445 918 et
1462 855 1510 920 rei
1524 855 1640 942 publi·

279 964 357 1016 ‘cae
379 950 501 1038 Syriam
524 949 761 1034 exercitusque,
790 953 844 1034 qui
866 947 911 1015 ibi
933 955 1036 1022 erant,
1070 947 1229 1014 coniunxi.
1282 952 1378 1022 Nam,
1399 949 1457 1014 nisi
1480 969 1540 1034 ego
1562 959 1640 1014 tan-

301 1054 365 1112 um
392 1049 556 1130 pecuniam
583 1051 728 1128 tantaque
756 1041 914 1128 praesidia
941 1050 1061 1107 ettam
1084 1041 1229 1106 celeriter
1250 1041 1357 1108 Cassio
1380 1040 1554 1117 dedissem,
1587 1064 1637 1108 ne

302 1159 396 1204 ausus
424 1137 549 1224 quidem
579 1145 661 1202 esset
688 1136 737 1202 ire
763 1136 797 1201 in
826 1136 967 1224 Syriam,
1004 1143 1036 1200 et
1063 1155 1145 1200 nunc
1173 1155 1236 1200 non
1265 1134 1387 1200 minora
1409 1135 1548 1221 pericula
1578 1135 1636 1201 rei

301 1231 445 1320 publicae
467 1253 485 1296 a
513 1229 674 1297 Dolabella
700 1231 852 1296 instarent
873 1251 967 1315 quam
988 1227 1028 1294 ab
1049 1228 1194 1294 Antonio.
1249 1233 1280 1295 7.
1300 1234 1401 1315 Atque
1422 1229 1635 1296 haecomnia

303 1325 418 1400 isleci,
439 1324 494 1412 qui
515 1323 630 1390 sodalis
644 1333 676 1390 et
691 1323 952 1390 familiarissimus
967 1321 1147 1388 Dolabellae
1159 1342 1256 1397 eram,
1273 1322 1544 1388 coniunctissimus
1558 1344 1636 1388 san-

268 1435 293 1480 tt
302 1421 396 1506 guine
408 1420 571 1495 Antoniis,
587 1419 783 1505 provinciam
796 1433 923 1506 quoque
935 1417 1061 1482 illorum
1072 1414 1225 1482 beneficio
1236 1415 1404 1490 habebam,
1419 1415 1632 1500 sedaarptda

301 1515 381 1600 ἐμὴν
400 1521 528 1600 μᾶλλον
550 1519 657 1595 φιλῶν
678 1510 824 1580 omnibus
838 1510 917 1578 meis
931 1509 1049 1576 bellum
1064 1510 1186 1598 primus
1200 1509 1310 1576 indixi.
1353 1513 1439 1575 llaec
1452 1515 1511 1576 etsi
1526 1509 1633 1578 adbuc

301 1630 366 1676 non
387 1628 500 1693 magno
522 1628 619 1694 opere
641 1606 717 1672 mibi
741 1606 848 1672 tulisse
868 1605 1006 1671 fructum
1027 1605 1259 1678 animadverto,
1281 1612 1385 1668 tamen
1407 1625 1470 1670 non
1492 1603 1631 1691 despero

302 1725 361 1770 nee
388 1700 586 1786 defetigabor
614 1721 799 1788 permanere
827 1720 891 1765 non
920 1698 1021 1765 solum
1043 1698 1076 1764 in
1097 1696 1202 1764 studio
1223 1695 1377 1762 libertatis
1399 1696 1570 1762 sedetiam
1592 1699 1630 1764 iu

301 1796 411 1864 labore
432 1805 464 1862 et
489 1795 648 1884 periculis.
688 1800 832 1862 Attamen
853 1797 879 1859 si
901 1798 994 1859 etiam
1015 1792 1118 1880 aliqua
1140 1791 1241 1877 gloria
1263 1791 1345 1856 iusta
1367 1797 1399 1855 et
1420 1790 1532 1856 merita
1552 1812 1631 1877 pro-

267 1905 294 1949 ¹⁵
302 1890 486 1958 vocabimur
513 1899 638 1956 senatus
665 1896 696 1956 et
724 1886 836 1975 optimi
863 1892 1014 1974 cuiusque
1042 1886 1167 1962 olliciis,
1204 1890 1324 1951 maiore
1351 1905 1421 1950 cum
1443 1883 1629 1950 auctoritate

302 1986 385 2073 apud
406 1994 528 2050 ceteros
549 1989 668 2050 erimus
690 1989 721 2046 et
741 2002 781 2047 eo
798 1978 868 2067 plus
889 1981 1040 2068 prodesse
1061 1980 1110 2046 rei
1131 1978 1274 2066 publicae
1296 1977 1482 2066 poterimus.
1525 1981 1555 2042 8.
1578 1977 1625 2044 Fi·

301 2079 378 2145 lium
400 2087 505 2152 tuum,
541 2076 582 2142 ad
603 2082 733 2142 Brutum
754 2094 825 2139 cum
847 2073 936 2150 veni,
965 2073 1074 2140 videre
1094 2094 1158 2139 non
1180 2073 1286 2160 potui,
1309 2071 1381 2137 ideo
1403 2069 1574 2156 quodiam
1595 2071 1629 2136 in

302 2171 433 2238 hiberna
454 2192 525 2237 cum
548 2168 706 2256 equitibus
728 2176 796 2234 erat
816 2167 989 2253 proiectum
1012 2167 1070 2234 sed
1090 2165 1306 2234 mediusfidius
1328 2187 1364 2230 ea
1387 2185 1456 2229 esse
1472 2185 1543 2230 eum
1559 2164 1629 2250 opi·

302 2266 398 2332 nione
419 2271 450 2330 et
471 2273 524 2331 tua
545 2274 577 2329 et
596 2263 696 2350 ipsius
718 2270 749 2326 et
769 2261 802 2326 in
823 2261 934 2348 primis
954 2283 1025 2326 mea
1045 2282 1138 2328 causa
1152 2259 1284 2348 gaudeo.
1326 2261 1444 2325 Fratris
1457 2258 1540 2322 enim
1555 2259 1628 2324 loco

264 2358 379 2424 amitt
412 2367 473 2434 est,
502 2357 557 2445 qui
584 2378 626 2423 ex
654 2363 685 2421 te
707 2363 796 2420 natus
818 2364 912 2443 teque
932 2355 1045 2442 dignus
1065 2365 1123 2422 est.
1166 2355 1252 2423 Vale.
1293 2359 1331 2420 D.
1354 2371 1421 2418 1111.
1443 2352 1512 2418 lial.
1533 2357 1624 2429 tun..

304 2456 433 2538 Pergae.

774 2592 838 2656 xv
883 2591 933 2670 (A.
959 2591 991 2655 o.
1014 2592 1046 2655 c.
1068 2592 1141 2655 an.

304 2718 337 2781 r.
358 2715 558 2780 cananeus
580 2717 613 2780 r.
634 2716 667 2778 r.
690 2714 810 2790 rnoo.
832 2713 972 2779 rnorn.
994 2713 1025 2776 s,
1047 2715 1085 2777 n.
1108 2587 1194 2778 cale.
1215 2689 1647 2807 aa.aa.rt.sauaau1,;

745 2807 900 2871 POPULO
929 2809 1124 2885 PLEBIQUE
1150 2812 1186 2873 a.

267 2943 296 2984 ss
390 2924 418 2986 1.
461 2923 493 2986 S.
515 2924 552 2986 V.
574 2921 609 2986 L.
630 2924 668 2988 V.
690 2924 728 2988 V.
749 2924 785 2985 Β.
806 2922 842 2984 E.
863 2922 901 2986 V.
950 2919 1076 2985 Scelere
1096 2916 1277 2985 Dolabellae
1299 2941 1449 3007 oppressa
1469 2921 1561 2996 Asia,
1595 2917 1628 2984 in

303 3013 481 3102 proximam
508 3013 703 3099 provinciam
730 3011 946 3079 Macedoniam
972 3010 1191 3100 praesidiaque
1213 3011 1261 3077 rei
1282 3013 1441 3100 publicae,
1477 3035 1559 3102 quae
1586 3018 1628 3078 bl.

302 3116 418 3176 Brutus
447 3114 484 3175 V.
513 3112 546 3175 C.
575 3106 717 3183 tenebat,
752 3128 804 3174 me
832 3106 948 3173 contuli
977 3113 1009 3170 et
1036 3105 1069 3170 id
1091 3105 1158 3190 egi,
1195 3112 1257 3182 ut,·
1282 3126 1341 3192 per
1362 3130 1442 3195 quos
1463 3109 1627 3175 celerrime

303 3213 446 3290 possent,
468 3202 542 3268 Asia
563 3202 724 3289 provincia
745 3200 970 3287 vectigaliaque
991 3199 1024 3265 in
1045 3207 1182 3265 vestram
1196 3206 1382 3285 potestatem
1398 3203 1626 3288 redigerentur.

305 3294 399 3376 Quod
421 3315 492 3360 cum
514 3296 724 3382 pertimuisset
744 3293 922 3368 Dolabella,
948 3301 1066 3358 vastata
1088 3291 1266 3379 provincie,
1294 3296 1448 3381 correptis
1470 3294 1628 3380 vectigali·

267 3389 379 3466 acbus,
415 3389 585 3475 praecipue
614 3386 736 3454 civibus
763 3388 911 3453 Romanis
933 3384 1079 3452 omnibus
1101 3383 1318 3452 crudelissime
1340 3387 1503 3456 denudatis
1525 3411 1562 3456 ac
1582 3388 1630 3454 di·

305 3483 456 3560 venditis,
478 3482 675 3570 celeriusque
697 3483 770 3548 Asia
787 3482 992 3556 excessisset,
1014 3501 1107 3567 quam
1122 3499 1161 3546 eo
1177 3481 1368 3566 praesidium
1384 3483 1495 3551 adduci
1511 3483 1630 3571 potuis·

305 3585 372 3652 set.
394 3575 512 3642 diutius
533 3577 652 3643 morari
673 3585 727 3642 aut
748 3586 932 3662 exspectare
946 3574 1139 3661 praesidium
1154 3595 1217 3640 non
1232 3597 1360 3642 necesse
1376 3578 1472 3644 babai
1488 3586 1518 3642 et
1536 3596 1629 3664 quam

306 3670 443 3756 primum
464 3669 505 3736 ad
525 3691 631 3737 meum
652 3670 789 3736 officium
811 3667 1034 3735 revertendum
1055 3667 1133 3733 mihi
1156 3690 1224 3734 esse
1240 3671 1432 3748 existimavi,
1454 3681 1489 3737 ut
1511 3679 1542 3735 et
1556 3669 1630 3734 reli-

306 3785 368 3850 qua
389 3763 553 3849 vectigalia
574 3765 735 3850 exigerem
757 3774 789 3830 et
810 3785 904 3850 quam
925 3761 1058 3849 deposui
1080 3762 1243 3848 pecuniam
1259 3763 1454 3850 colligerem,
1477 3761 1630 3852 quidquid

269 3879 348 3925 saex
380 3878 417 3922 ea
449 3868 630 3944 correptum
656 3867 740 3924 esset
769 3867 822 3923 aut
850 3877 987 3944 quorum
1012 3855 1046 3922 id
1077 3856 1169 3942 culpa
1191 3856 1369 3934 accidisset,
1406 3878 1630 3942 cognoscerem

307 3973 400 4039 quam
421 3952 558 4038 primum
580 3961 613 4019 et
633 3973 690 4018 vos
712 3951 751 4018 de
773 3955 859 4016 omni
880 3971 916 4016 re
930 3950 1065 4016 iacerem
1081 3949 1243 4017 certiores.
1285 3956 1316 4018 2.
1337 3950 1466 4017 lnterim
1484 3971 1555 4015 cum
1572 3970 1631 4036 per

306 4044 424 4112 insulas
455 4045 487 4111 in
514 4045 619 4112 Asiam
649 4045 807 4131 naviganti
838 4044 915 4111 mibi
945 4049 1120 4111 nuntiatum
1143 4054 1226 4110 essct
1246 4045 1376 4112 classem
1397 4042 1576 4111 Dolabellae
1597 4043 1631 4108 in

305 4138 400 4228 Lycia
428 4159 496 4205 esse
524 4139 727 4226 Rhodiosque
755 4159 850 4206 naves
875 4138 1054 4227 ¹complures
1085 4139 1251 4205 instructas
1282 4150 1314 4205 et
1340 4149 1463 4228 paratas
1495 4137 1529 4202 in
1550 4158 1630 4224 aqua
1702 4209 1705 4214 ,

306 4231 444 4309 habere,
467 4254 538 4298 cum
559 4233 597 4300 iis
619 4231 770 4310 navibus,
792 4253 869 4320 quas
891 4241 946 4298 aut
966 4253 1088 4298 mecum
1107 4230 1299 4298 adduxeram
1321 4243 1375 4299 aut
1395 4240 1631 4319 comparaverat

269 4325 444 4392 aoPatiscus
474 4347 583 4414 proq,
619 4326 716 4394 borno
744 4325 822 4392 mihi
848 4347 920 4392 cum
941 4325 1151 4392 familiaritate
1173 4335 1238 4392 tum
1260 4327 1353 4394 etiem
1376 4325 1520 4393 sensibus
1540 4325 1574 4390 in
1594 4346 1631 4390 re

305 4416 431 4506 publica
459 4419 751 4494 coniunctissimus,
788 4419 932 4487 ltbodum
971 4420 1109 4494 reverti,
1146 4419 1281 4487 confisus
1309 4421 1495 4487 auctoritate
1528 4428 1631 4484 vestra

305 4523 493 4601 senatusque
515 4515 678 4592 consulto,
716 4535 780 4602 quo
802 4513 924 4580 bostem
945 4511 1141 4578 Dolabellam
1160 4512 1360 4590 iudicaretis,
1399 4513 1529 4581 loedere
1552 4535 1631 4600 quo·

378 4722 420 4772 11.
447 4723 543 4774 todoat
560 4722 599 4774 bi.
627 4749 660 4760 -
697 4724 742 4774 1³.
761 4723 922 4789 defetigabor·
939 4723 986 4775 lta
1016 4723 1183 4788 defatigabor
1201 4725 1232 4776 ll.
1258 4748 1289 4761 -
1325 4726 1369 4775 20.
1400 4739 1458 4775 arra.
1485 4723 1552 4775 Neo.
1573 4725 1632 4773 loo.

307 4789 451 4842 Strotbiua.
483 4817 515 4829 -
551 4793 596 4843 21.
616 4793 688 4843 Fort.
708 4795 802 4859 Pergo.
823 4793 875 4844 Οι.
906 4817 938 4830 -
974 4794 1016 4844 25.
1034 4793 1061 4844 S.
1084 4795 1112 4844 V.
1132 4794 1164 4844 Ι..
1187 4795 1217 4845 V.
1239 4795 1269 4846 V.
1288 4795 1321 4845 Β.
1341 4797 1373 4845 Β.
1397 4795 1425 4845 V.
1445 4795 1492 4846 ld:
1512 4795 1631 4844 stoeb-

307 4863 342 4911 ta'a
360 4861 481 4925 tiberique
508 4863 539 4912 V.
568 4863 599 4914 V.
618 4864 650 4913 Β.
670 4863 704 4913 11.
725 4864 755 4914 V.
775 4863 814 4922 ll,
845 4863 874 4914 S.
896 4865 927 4914 V.
948 4864 979 4914 1..
1000 4863 1032 4927 Q.
1057 4865 1085 4915 V.
1107 4863 1137 4914 V.
1156 4865 1189 4915 Β.
1208 4865 1241 4916 11.
1262 4865 1294 4914 Β.
1315 4865 1346 4928 0.
1371 4865 1399 4915 V.
1419 4864 1578 4914 Lambinus.
1599 4885 1631 4900 -·

307 4929 352 4980 28.
369 4939 476 4993 possent
493 4932 540 4984 At:
557 4940 643 4995 posset
662 4931 696 4982 Β.
715 4957 743 4970 -
782 4933 827 4984 20.
847 4939 872 4984 ct
889 4941 998 4985 curtato
1015 4959 1027 4971 ·
1044 4957 1056 4971 ·
1073 4961 1084 4972 ·
1101 4933 1209 4985 adeatur
1225 4935 1289 4986 Arte
1305 4935 1452 4992 Danaum,
1474 4935 1631 4992 Lambinus,

308 4998 460 5062 Madvigius
486 5002 509 5052 1.
537 5016 565 5067 p.
591 5001 652 5053 tar.
684 5024 716 5039 -
751 5001 796 5054 80.
816 5015 848 5052 oe
864 5004 995 5055 diocactta
1012 5003 1173 5056 Lambtuus.
1205 5029 1237 5042 -
1272 5005 1430 5058 0210111
1449 5007 1489 5056 tta
1506 5003 1567 5057 tte.
1597 5027 1632 5042 «-

308 5068 352 5120 to.
369 5082 447 5136 prop·
468 5067 530 5135 (pra
548 5069 694 5138 panorm)
712 5070 759 5124 lt:
774 5080 952 5139 proqaeeator
968 5073 1000 5125 Β.
