3658 5930
682 441 756 502 LlB.
778 441 862 504 Xlll.
894 441 953 504 ΕΡ.
996 439 1047 502 ³2.
1070 441 1121 504 33.
1477 440 1539 506 otti

217 609 317 682 μείων
339 595 536 680 scripseram.
578 600 624 662 Ite
647 599 680 664 C.
702 594 857 662 Tuditano
876 596 960 664 enim
974 593 1178 681 quaerebam,
1200 617 1293 681 wem
1315 619 1355 664 ex
1369 596 1539 664 Hortensio

218 691 380 756 audieram
401 687 500 755 luisse
521 689 554 754 in
577 688 703 768 decem;
727 710 799 755 eum
820 688 915 756 rideo
936 690 968 755 iu
990 688 1119 756 Libonis
1139 701 1319 776 praetorem
1340 695 1372 762 P.
1394 693 1538 778 Popillio,

217 787 252 850 P.
281 784 407 868 Rupilio
444 781 660 867 [consulibusl.
703 783 798 848 Annis
826 803 920 850 xsus.
949 793 1035 857 anto,
1072 805 1165 870 quam
1192 792 1319 870 praetor
1345 784 1445 852 sactus
1474 795 1538 861 est,

218 880 339 965 legatus
360 897 429 942 esse
450 876 626 964 potuisset?
663 877 728 942 Nisi
749 876 919 944 admodum
941 898 1015 944 sero
1036 877 1214 964 †quaestor
1234 887 1282 943 est
1301 876 1417 956 sactus;
1451 877 1537 964 quod

218 993 282 1039 nou
304 971 452 1037 arbitror.
495 970 595 1038 Video
617 971 701 1037 enim
723 972 849 1038 curules
871 973 1069 1058 magistratus
1098 993 1170 1038 eum
1192 970 1337 1056 legitimis
1359 972 1448 1036 annis
1469 990 1563 1056 per-s

218 1065 310 1131 facile
339 1068 468 1149 cepisse.
524 1065 719 1131 Postumium
747 1078 864 1140 autem,
894 1066 983 1132 curius
1004 1075 1136 1132 statuam
1163 1070 1196 1132 in
1222 1064 1340 1130 Isthmo
1362 1064 1541 1132 meminisse

218 1171 249 1226 te
272 1159 368 1232 dicis,
401 1157 501 1223 iniis
533 1157 671 1224 sciebam
696 1159 804 1226 inisse.
861 1163 891 1225 Is
913 1169 1017 1224 autem
1040 1167 1099 1231 est.
1141 1159 1288 1246 quicum
1310 1155 1440 1222 Lucullo
1462 1155 1541 1236 satu

219 1274 314 1340 quem
340 1261 374 1316 tu
406 1252 483 1317 mihi
511 1251 658 1318 addidisti
694 1275 768 1320 sane
797 1252 835 1318 ad
864 1253 953 1319 illum
989 1253 1148 1338 σύλλογον
1182 1271 1348 1340 personam
1385 1248 1540 1318 idoneam.

219 1345 348 1416 Videbis
374 1345 487 1432 igitur,
515 1346 543 1412 si
571 1347 709 1434 poteris,
745 1357 888 1426 ceteros;
924 1355 959 1413 ut
985 1347 1143 1433 possimus
1172 1349 1359 1431 πομπεῦσαι
1388 1355 1446 1411 καὶ
1477 1359 1541 1422 τοῖς

219 1442 416 1528 προσώποις.
1553 1457 1580 1498 so

649 1604 795 1668 araur.
838 1602 891 1681 (s.
918 1605 949 1668 u.
975 1605 1006 1669 c.
1030 1604 1120 1684 ros)

705 1725 848 1790 crosno
870 1727 1014 1790 eruco
1037 1729 1069 1790 s.

306 1861 333 1922 l.
356 1853 580 1939 Negligentiam
601 1853 728 1918 miraml
765 1855 903 1920 semelae
923 1864 1013 1941 putas
1036 1855 1113 1921 mihi
1134 1855 1252 1922 dixisse
1273 1854 1402 1922 Balbum
1424 1867 1456 1921 et
1485 1861 1544 1923 Fa-

219 1949 342 2015 berium
363 1947 592 2035 professionem
614 1947 767 2012 relatam?
803 1949 878 2036 quin
905 1949 998 2014 etiarn
1028 1969 1139 2015 eorum
1172 1950 1258 2015 iussu
1286 1951 1453 2025 miseram,
1486 1949 1541 2038 qui

220 2043 432 2131 profiteretur.
486 2045 530 2106 lta
559 2043 641 2107 enim
670 2051 819 2127 oportere
849 2042 1001 2108 dicebant.
1044 2043 1209 2110 Professus
1236 2056 1282 2109 est
1303 2045 1487 2110 Philotimus
1508 2044 1582 2109 li·¹³

220 2139 339 2205 bertus.
395 2142 483 2204 Nosti
514 2137 610 2204 credo
647 2136 823 2204 librarium.
875 2138 937 2204 Sed
972 2138 1109 2213 scribes,
1148 2148 1179 2204 et
1210 2138 1337 2225 quidem
1370 2140 1543 2206 confestim.
1647 2125 1665 2206 ,ἶ

220 2221 321 2298 1.Ῑά
342 2230 525 2307 Faberium,
554 2240 589 2297 ut
611 2231 668 2296 tibi
689 2232 803 2318 placet,
832 2232 950 2298 litteras
976 2233 1057 2298 misi.
1107 2237 1185 2300 Cum
1212 2231 1310 2298 Balbo
1333 2243 1436 2298 antem
1466 2242 1543 2319 puto

220 2338 251 2392 te
274 2327 392 2414 aliquid
413 2327 525 2392 fecisse
547 2329 585 2392 11.
606 2326 639 2391 in
669 2327 834 2412 Capitolio.
891 2331 926 2391 ln
951 2326 1090 2411 Vergilio
1119 2325 1197 2392 mihi
1218 2327 1302 2391 nulla
1324 2337 1371 2392 est
1392 2333 1544 2404 δυςωπία.

220 2425 284 2486 Nec
305 2421 387 2484 enim
412 2425 478 2486 eius
500 2441 594 2486 causa
616 2441 690 2484 sane
713 2419 831 2496 debeo;
862 2429 908 2495 et,
931 2420 958 2484 si
980 2441 1104 2496 emero,
1137 2420 1213 2505 quid
1234 2420 1309 2496 erit,
1333 2419 1419 2507 quod
1440 2431 1547 2506 postu-

220 2516 285 2581 let?
316 2514 378 2580 Sed
400 2513 538 2588 videbis,
562 2534 601 2578 ne
623 2515 650 2579 is
671 2516 780 2595 †cum
803 2513 844 2578 sit
863 2514 896 2578 in
915 2512 1037 2588 Africa,
1061 2523 1095 2578 ut
1111 2513 1242 2578 Caelius.
1285 2517 1331 2578 De
1353 2513 1490 2586 nomine,
1513 2521 1583 2578 tusa

221 2607 343 2676 videbis
365 2629 436 2674 cum
465 2608 586 2694 Cispio;
619 2607 691 2682 sed,
719 2608 747 2672 si
769 2607 900 2672 Plancus
922 2606 1071 2680 destinat,
1102 2617 1167 2673 tum
1197 2607 1290 2673 habet
1311 2629 1363 2673 res
1385 2607 1547 2673 difficulta-

221 2715 295 2770 tem.
338 2709 381 2768 Te
403 2701 514 2767 adme
536 2701 644 2767 venire
666 2709 799 2788 uterque
821 2705 964 2766 nostrum
987 2701 1089 2788 cupit;
1112 2699 1166 2766 sed
1187 2701 1246 2766 ista
1267 2723 1319 2768 res
1340 2702 1427 2768 nullo
1450 2701 1546 2767 modo

221 2796 426 2883 relinquenda
454 2805 510 2861 est.
555 2796 710 2861 Othonem
739 2793 825 2881 quod
847 2816 955 2882 speras
983 2816 1075 2881 posse
1104 2795 1202 2868 vinci,
1230 2817 1303 2860 sane
1325 2794 1405 2860 bene
1426 2816 1544 2860 narras.

221 2896 268 2958 De
290 2887 519 2964 aestimatione,
556 2899 591 2955 ut
612 2889 736 2962 scribis,
771 2909 841 2954 cum
864 2909 959 2974 agere
988 2888 1200 2974 coeperimus;
1237 2889 1295 2954 etsi
1321 2889 1399 2954 nihil
1421 2889 1545 2976 scripsit

223 2986 281 3051 nisi
313 2984 353 3049 de
380 2981 475 3056 modo
506 2983 584 3068 agri.
634 2987 711 3050 Cum
733 2982 860 3056 Pisone,
891 2983 918 3048 si
947 2983 1021 3068 quid
1045 2983 1170 3068 poterit.
1222 2981 1406 3047 Dicaearchi
1427 2981 1582 3047 librum2⁵

222 3078 344 3163 accepi,
373 3078 603 3158 Καταβάσεως
632 3085 790 3163 exspecto.
845 3081 874 3142 3.
897 3081 910 3106 *
925 3080 965 3106 ²*
987 3077 1147 3161 negotium
1176 3074 1313 3154 dederit;
1336 3075 1474 3162 reperiet
1502 3097 1542 3142 ex

223 3191 262 3236 eo
283 3170 379 3246 libro,
421 3169 453 3235 in
476 3191 540 3256 quo
562 3180 635 3236 sunt
655 3179 780 3235 senatus
801 3171 942 3236 consulta
966 3175 1019 3238 Cn.
1043 3169 1204 3244 Cornelio,
1238 3175 1273 3236 L.
1294 3171 1446 3236 Mummio
1469 3190 1542 3256 con-
1631 3141 1661 3254 ll,

223 3263 353 3330 sulibus.
411 3269 457 3329 De
480 3264 634 3330 Tuditano
656 3273 759 3330 autem
781 3263 866 3350 quod
888 3275 993 3350 putas,
1027 3265 1161 3347 εὔλογον
1184 3273 1230 3329 est
1252 3273 1318 3328 tum
1339 3264 1442 3339 illum,
1466 3286 1544 3350 quo-

224 3359 308 3424 niam
326 3358 385 3425 luit
402 3358 441 3423 ad
459 3359 642 3426 Corinthum
658 3395 687 3404 -
714 3379 777 3424 non
794 3358 877 3424 enim
893 3368 1010 3425 temere
1036 3359 1116 3424 dixit
1125 3358 1312 3424 Hortensius
1330 3390 1368 3403 -
1387 3368 1547 3444 autquas-

294 3581 319 3628 1.
339 3579 517 3640 quaerendum
542 3582 579 3628 est
605 3591 682 3642 quen
707 3579 738 3627 a.
771 3603 803 3616 -
853 3578 880 3628 2.
908 3577 1017 3627 Libonis
1046 3579 1146 3628 doadi
1180 3591 1241 3627 cum
1269 3577 1445 3630 Grsurellsnt
1475 3577 1543 3630 cot.

222 3649 334 3710 Pighius
360 3649 432 3698 hoo.
453 3648 502 3698 lll.
523 3662 548 3710 p.
572 3648 597 3698 P.
635 3647 746 3698 Videtur
769 3649 858 3711 potius
876 3649 1009 3698 excidisse
1027 3661 1156 3699 numerus
1174 3648 1210 3698 ll.
1230 3647 1281 3698 01.
1303 3675 1332 3686 -
1370 3647 1401 3700 b.
1430 3647 1544 3710 Popillio

223 3718 297 3770 unt.
334 3717 422 3774 (Coss.
443 3731 473 3768 es
500 3718 566 3775 11.)
598 3742 629 3754 -
665 3719 692 3768 3.
711 3719 741 3768 Ρ.
760 3717 886 3781 Rupilias
903 3732 977 3768 rtur.
995 3719 1037 3779 M,
1057 3718 1088 3768 P.
1104 3717 1248 3780 Popilium.
1267 3732 1341 3769 ιιιιι.
1361 3719 1382 3768 1.
1420 3715 1466 3781 (Ut
1482 3730 1542 3780 nos,

224 3789 263 3847 tt;
287 3791 334 3839 sed
361 3789 522 3838 seclusimus
540 3787 709 3846 consulibus.)
728 3815 758 3825 -
795 3789 823 3839 d.
850 3802 907 3839 sero
928 3797 1037 3851 praetor
1062 3794 1099 3838 est
1126 3788 1219 3850 Pighio
1247 3796 1356 3840 suctors
1376 3787 1543 3840 Schuctrius.

223 3859 335 3910 Malim:
360 3871 418 3909 sero
445 3865 493 3909 est.
521 3858 573 3908 Os.
599 3884 632 3894 -
668 3859 693 3908 5.
726 3859 814 3908 curilis
844 3873 884 3922 pr.
911 3860 950 3912 Μ.
980 3883 1008 3898 ··
1048 3872 1123 3924 muge
1141 3873 1198 3908 eunt
1216 3857 1259 3916 M,
1284 3862 1368 3923 magis
1384 3873 1443 3908 cum
1466 3859 1489 3910 l.
1513 3881 1541 3894 -

224 3929 412 3980 ti.iaociiao
430 3929 452 3978 l.
479 3954 509 3964 -
546 3928 574 3978 ’1.
593 3935 617 3978 te
636 3942 690 3978 om.
711 3929 733 3978 1.
760 3953 791 3964 -
827 3931 856 3978 in
874 3931 978 3980 iisom.
997 3930 1074 3981 Mttt.
1112 3926 1216 3991 (Tacite
1235 3928 1347 3979 inseruit
1366 3925 1484 3984 bosius.)
1512 3953 1543 3966 -

224 4000 365 4050 nesciebam
388 3999 506 4049 malebat
527 3999 659 4050 Muretus.
690 4021 724 4034 -·
759 3996 796 4062 la]
815 3997 867 4048 Mis
885 4013 925 4063 pr.
945 3999 990 4058 M,
1017 3997 1070 4048 Mic
1091 3999 1131 4050 vel
1149 4000 1260 4048 iacorr·
1279 4000 1317 4050 Μ.
1350 4023 1379 4034 -
1417 3999 1443 4049 8.
1470 3998 1544 4048 illum

225 4067 371 4135 σύλλογον
397 4083 451 4119 om.
476 4069 499 4120 1.
532 4093 563 4105 -
599 4070 625 4120 P.
647 4079 779 4132 possemus
805 4070 856 4120 Ml.
887 4094 918 4104 -
956 4069 999 4120 tls.
1021 4071 1100 4119 etiam
1117 4070 1146 4118 irs
1164 4080 1253 4117 eorum
1271 4070 1314 4130 M,
1333 4071 1413 4118 etiem
1429 4082 1544 4118 meorum

225 4139 277 4190 ME.
313 4161 347 4176 -
392 4140 508 4189 miserim
535 4139 610 4192 Mill.
648 4137 693 4200 (Ut
724 4153 790 4195 nos,
821 4139 984 4202 Manutius.)
1014 4166 1043 4178 -·-
1093 4140 1138 4202 pisi
1165 4151 1220 4187 om.
1247 4140 1269 4189 1.
1303 4164 1334 4177 -
1380 4138 1423 4188 16.
1451 4138 1545 4187 scribis

225 4210 286 4261 Mil.
314 4235 343 4246 -
389 4205 533 4272 confestim]
562 4211 704 4273 consectum
733 4209 807 4258 Mltl.
855 4209 942 4273 (Corr.
972 4223 1003 4260 cr
1034 4205 1079 4272 t.)
1112 4234 1142 4244 -
1189 4209 1231 4258 17.
1271 4208 1365 4261 Malim
1399 4207 1542 4270 placatas,

226 4280 297 4344 quod
323 4280 446 4344 Ernestio
470 4284 580 4329 auctore
606 4278 679 4328 dedit
697 4279 853 4330 Schuetzius
871 4281 898 4330 in
918 4281 967 4330 Ed.
988 4279 1051 4328 mai·
1071 4278 1121 4329 Oa.
1149 4305 1176 4315 -
1199 4277 1243 4330 ts.
1263 4281 1335 4330 Fert.
1355 4276 1472 4343 effecisse.
1491 4277 1543 4328 Os.

225 4374 258 4386 -·
289 4349 327 4399 11.
347 4347 435 4414 (bodie
453 4345 585 4411 Rosius-i]
602 4347 659 4398 MS.
681 4349 701 4398 l.
732 4375 766 4384 -
806 4349 919 4415 Vergilio
937 4350 1002 4400 Mll:
1036 4348 1144 4413 Virgilio
1170 4348 1212 4397 tii.
1241 4349 1350 4412 (secisse.
1394 4347 1432 4397 De
1461 4348 1545 4398 bortis

225 4419 400 4484 Scapulanis,
422 4421 450 4470 ia
472 4419 503 4471 V.
523 4417 703 4481 Schuetzius.)
737 4445 763 4455 —
803 4421 845 4470 20.
865 4435 923 4470 cam
940 4415 1054 4484 {quood}
1074 4419 1166 4469 Malim
1186 4432 1296 4484 quoque·
1316 4419 1366 4470 01.
1391 4442 1417 4452 -
1457 4415 1545 4468 Catius

226 4493 257 4542 a.
278 4515 309 4526 -
328 4491 373 4541 21.
395 4489 488 4552 Cuspio
501 4490 546 4539 111.
565 4489 695 4550 (Correxit
712 4489 861 4540 Manutius.
880 4491 919 4541 ue
937 4491 965 4540 M
983 4504 1038 4541 non
1058 4486 1166 4552 liquet.)
1181 4511 1208 4520 -
1240 4491 1374 4548 destinat,
1395 4496 1452 4539 tum
1469 4489 1545 4538 lohe·

226 4575 266 4610 res
284 4561 341 4626 diff.
360 4561 427 4620 Mli,
447 4561 606 4610 destinatum
623 4561 729 4610 iatees
746 4558 803 4625 diff.
826 4561 846 4609 Ι.
883 4560 972 4620 (Corn.
993 4574 1023 4610 es
1043 4559 1131 4615 stz.)
1153 4581 1182 4594 -
1219 4561 1264 4610 25.
1281 4561 1382 4622 poterit
1399 4558 1479 4609 Mttt:
1497 4573 1546 4622 po·

226 4633 288 4681 teris
313 4644 376 4680 com
404 4631 524 4682 Manutio
544 4631 575 4680 li.
605 4655 633 4667 -
674 4631 716 4680 16.
743 4633 847 4693 campis
872 4628 1064 4691 καταβάσεως
1082 4627 1213 4680 Beroaldo
1234 4636 1345 4681 auctore
1363 4630 1424 4679 Aac.
1448 4631 1544 4679 tertis:

226 4703 336 4762 accipiet
355 4701 460 4764 καταβ.
479 4701 523 4752 Μ.
544 4702 675 4764 accepiet
693 4700 798 4762 καταβ.
827 4700 881 4750 1111.
920 4701 969 4762 (De
987 4701 1000 4750 l
1019 4713 1092 4750 nunc
1112 4713 1166 4748 uon
1185 4697 1291 4763 liquat.)
1314 4725 1341 4736 -
1381 4702 1450 4749 ante
1468 4713 1547 4764 nepo·

226 4773 292 4821 tium
322 4772 421 4822 excidit
445 4772 563 4822 nominis
590 4771 704 4822 alicuius
732 4771 833 4835 proprii
852 4784 930 4822 ossus
950 4771 1054 4821 tertius.
1074 4770 1125 4821 Os.
1147 4793 1173 4804 ·—
1212 4772 1344 4836 negotium
1361 4771 1384 4820 si
1403 4770 1503 4821 dederis
1522 4769 1544 4822 l.

229 4843 390 4903 -reperies
417 4840 462 4890 lll.
491 4839 536 4902 (Ut
566 4855 629 4902 nos,
657 4841 775 4900 xtztt.)
805 4865 836 4878 -
877 4843 921 4892 27.
948 4845 1010 4891 sunt
1036 4839 1090 4890 MS.
1122 4851 1162 4889 cc.
1191 4841 1311 4891 Cornelio
1335 4841 1356 4890 1.
1387 4867 1414 4877 -
1461 4839 1546 4892 Mum·

227 4913 280 4961 mlo
298 4925 353 4961 om.
373 4911 448 4961 Mttt.
487 4907 616 4972 (inseruit
641 4907 808 4971 Manutius.)
837 4933 865 4946 ·-
904 4907 1060 4973 consulibus]
1087 4923 1139 4959 coa.
1170 4912 1214 4969 M,
1240 4925 1282 4962 sos
1307 4910 1330 4959 1.
1357 4935 1387 4946 -
1424 4911 1467 4962 28.
1496 4909 1546 4958 Tc·

227 4981 314 5032 ddunt
340 4981 374 5101 ξ.
394 5002 429 5018 -
465 4981 591 5049 seloppo
619 4982 657 5034 Μ.
684 5007 713 5020 ·-
751 4982 794 5033 29·
828 4980 865 5030 od
893 4988 1056 5046 quaestorem
1084 4979 1129 5031 Tr.
1161 4980 1234 5033 Mitt.
1264 4981 1351 5037 iCors.
1382 4994 1398 5031 s
1424 4980 1546 5034 hlsnutio

228 5056 255 5102 et
281 5065 311 5102 cs
364 5053 383 5110 .)
