3628 5876
305 335 365 398 1⁶8
644 431 646 439 Ι
731 331 1004 396 EPlS'sOLAllllld
1026 334 1077 395 lu
1099 333 1190 396 ΕΔΜ.

302 490 398 558 modo
419 489 528 556 consul
549 498 581 554 et
601 488 790 563 consularis,
813 487 868 554 sed
889 509 1019 574 magnus
1041 489 1134 554 etiarn
1156 487 1264 554 consul
1285 496 1317 554 et
1337 487 1521 554 consularis.
1564 487 1626 554 Sin

301 585 407 658 aliter,
431 596 497 649 tum
519 584 551 649 in
581 583 646 649 istis
677 582 873 668 amplissimis
902 581 1080 649 nominibus
1106 583 1262 649 bonorum
1284 602 1347 648 non
1368 583 1464 648 modo
1486 581 1624 668 dignitas

302 679 384 745 nulla
414 678 488 752 erit,
522 677 578 743 sed
605 677 666 742 erit
695 698 816 743 summa
849 677 1039 744 deformitas.
1096 681 1181 742 llaec
1215 677 1367 763 impulsus
1402 676 1623 742 benovolentia

301 773 411 859 scripsi
432 773 537 859 paullo
559 772 713 848 severium
736 793 816 859 quae
832 781 865 837 tu
887 772 918 837 in
941 772 1134 858 experiendo
1155 794 1193 838 ea
1213 773 1350 847 ratione,
1372 791 1453 860 quae
1475 779 1505 834 te
1527 768 1623 854 digna

279 877 363 943 aest,
385 887 460 932 vera
482 887 549 932 esse
571 886 750 950 cognosces.
793 870 830 930 D.
853 867 1017 932 x111.llal.
1040 868 1171 953 Apriles.

780 1028 842 1089 ur.
885 1026 935 1107 (A.
962 1029 994 1090 o.
1016 1028 1048 1091 c.
1071 1025 1156 1112 711.)

731 1107 747 1254 l
768 1140 940 1203 carneos
963 1105 1187 1215 ciceroni.)

388 1265 415 1327 1.
437 1262 529 1328 Plura
551 1259 607 1326 tibi
630 1258 669 1324 de
691 1259 769 1324 meis
784 1257 922 1324 consiliis
936 1256 1107 1324 scriberem
1121 1260 1338 1348 rationemque
1352 1260 1493 1327 omnium
1511 1284 1617 1329 rerum

301 1355 466 1423 redderem
495 1353 677 1429 verbosius,
700 1374 763 1440 quo
786 1352 884 1436 magis
912 1352 1064 1418 iudicares
1094 1358 1198 1418 omnia
1219 1375 1269 1419 me
1295 1353 1508 1441 reipublicae
1529 1378 1619 1444 prae-

268 1451 430 1526 institisse,
461 1471 541 1535 quae
564 1456 595 1513 et
617 1457 667 1512 tua
690 1447 908 1512 exhortatione
931 1447 1041 1533 excepi
1064 1458 1095 1514 et
1116 1469 1185 1513 mea
1207 1449 1411 1515 affirmatione
1433 1447 1490 1516 tibi
1511 1451 1618 1538 recepi

209 1617 213 1624 q
301 1579 340 1592 -
363 1567 425 1610 non
449 1545 550 1608 minus
572 1542 654 1608 enim
676 1563 694 1608 a
717 1551 746 1606 te
768 1539 896 1628 probari
918 1562 1010 1627 quam
1033 1540 1120 1626 diligi
1141 1563 1266 1629 semper
1287 1543 1387 1621 volui;
1420 1565 1478 1609 nec
1500 1555 1530 1610 te
1555 1566 1620 1609 ma-

299 1639 346 1724 gis
375 1639 406 1704 in
436 1637 526 1724 culpa
559 1636 757 1701 defensorem
787 1635 861 1700 mibi
883 1635 1008 1721 paravi,
1045 1657 1138 1722 quam
1160 1635 1407 1722 praedicatorem
1431 1637 1619 1704 meritorum

300 1755 443 1798 meorum
466 1752 534 1798 esse
555 1731 642 1796 volni
664 1753 720 1809 -;
742 1730 797 1795 sed
819 1730 998 1795 breviorem
1021 1752 1070 1795 me
1092 1730 1172 1796 duae
1193 1752 1245 1796 res
1267 1731 1399 1798 faciunt:
1432 1753 1510 1808 una,
1533 1731 1619 1818 quod

299 1827 432 1916 publicis
454 1826 563 1894 litteris
578 1825 683 1891 omnia
705 1845 774 1890 sum
788 1835 986 1911 persecutus3
1008 1824 1120 1898 altera,
1143 1824 1227 1911 quod
1242 1831 1283 1891 M.
1297 1825 1507 1898 Varisidium,
1530 1825 1620 1913 equi·

264 1932 362 1996 ntem
384 1927 574 1994 Romanum,
608 1919 793 1985 familiarem
822 1939 942 1992 meum,
976 1922 1078 2003 ipsum
1100 1918 1138 1983 ad
1161 1927 1191 1984 te
1213 1925 1345 1985 transire
1367 1919 1457 1994 inssi,
1491 1940 1532 1984 ex
1554 1940 1618 2006 quo

299 2015 404 2082 omnia
426 2035 616 2100 cognoscere
637 2035 756 2100 posses.
813 2018 843 2078 ’2.
874 2019 941 2078 Non
963 2012 1178 2080 mediusfidius
1200 2015 1351 2081 mediocri
1373 2015 1484 2082 dolore
1505 2015 1619 2081 allicie-

299 2109 372 2186 bar,
403 2130 473 2175 cum
491 2108 548 2173 'alii
569 2128 723 2192 occupare
746 2106 974 2192 possessionem
995 2106 1096 2173 laudis
1118 2107 1313 2184 viderentur:
1343 2109 1400 2174 sed
1420 2131 1520 2197 usque
1542 2109 1618 2175 mibi

300 2202 488 2289 temperavi,
525 2201 600 2267 dum
628 2199 834 2286 perducerem
864 2221 903 2264 eo
933 2221 1018 2274 rem,
1051 2209 1086 2265 ut
1113 2199 1242 2285 dignum
1263 2202 1381 2290 aliquid
1404 2213 1435 2268 et
1454 2203 1618 2269 consulatu

299 2318 372 2363 meo
394 2304 425 2360 et
446 2304 549 2360 vestra
571 2295 802 2380 exspectatione
824 2294 989 2359 efficerem.
1034 2292 1127 2372 Quod
1149 2316 1258 2380 spero,
1281 2295 1307 2361 si
1331 2319 1380 2362 me
1403 2297 1527 2364 fortuna
1554 2319 1618 2363 non

263 2419 290 2460 aa
300 2388 464 2462 fefellerit,
486 2409 536 2453 me
558 2396 813 2464 consecuturum
836 2396 870 2452 ut
891 2387 1029 2452 maximo
1051 2389 1207 2473 praesidio
1228 2389 1275 2455 rei
1291 2389 1433 2476 publicae
1449 2411 1506 2456 nos
1521 2390 1617 2456 baisse

301 2491 333 2548 et
353 2502 435 2546 nunc
463 2482 595 2547 sentiant
616 2481 757 2547 homines
779 2489 810 2545 et
829 2480 862 2545 in
883 2490 1045 2566 posterum
1067 2483 1217 2548 memoria
1240 2491 1373 2549 teneant.
1424 2490 1449 2550 Α
1470 2495 1501 2550 te
1522 2495 1616 2570 peto,

299 2585 335 2642 ut
356 2574 497 2659 dignitati
529 2596 617 2641 meae
644 2573 825 2659 suffrageris
847 2582 892 2647 et,
923 2596 1055 2661 quarum
1077 2597 1183 2641 rernm
1207 2598 1262 2663 spe
1284 2577 1322 2642 ad
1346 2577 1468 2643 laudem
1490 2600 1540 2644 me
1562 2597 1618 2642 vo-

299 2669 390 2743 casti,
413 2670 524 2736 barum
547 2669 650 2734 fructu
671 2668 704 2733 in
725 2669 881 2755 reliquum
902 2667 997 2733 facias
1022 2670 1217 2736 alacriorem.
1261 2677 1327 2737 Non
1350 2671 1451 2739 minos
1472 2692 1564 2760 posse
1585 2679 1617 2736 te

300 2785 394 2853 quam
416 2763 496 2830 velle
518 2763 718 2850 exploratum
740 2761 816 2828 mibi
838 2770 895 2828 est.
937 2766 999 2828 Fac
1020 2763 1121 2828 valeas
1144 2786 1257 2852 meque
1279 2775 1389 2832 mutuo
1411 2767 1533 2853 diligas.

263 2963 291 3004 e
738 2897 844 2993 lun.
887 2923 937 3001 (A.
964 2925 996 2987 o.
1019 2926 1050 2989 e.
1073 2925 1160 3001 τυ.)
1208 2897 1220 2987 l

300 3039 472 3104 PLANCUS
502 3039 582 3102 lldP.
615 3036 700 3102 COS.
728 3037 814 3100 DES.
848 3036 1086 3206 SbLllbctplSS.
1119 3039 1256 3102 PRAET.
1291 3042 1392 3104 TRIB.
1424 3042 1482 3105 Pl..
1515 3043 1547 3106 S.
1583 3043 1616 3106 P.

310 3265 313 3272 '
389 3256 414 3317 l.
442 3250 475 3316 Si
504 3249 555 3316 cui
581 3249 663 3316 forte
685 3248 796 3315 videor
816 3249 932 3315 diutius
954 3259 985 3316 et
1005 3248 1167 3315 bominum
1190 3253 1454 3338 exspectationem
1476 3263 1508 3319 et
1528 3276 1617 3341 spem

299 3345 347 3412 rei
368 3345 512 3434 publicae
533 3344 572 3410 de
593 3365 663 3408 mea
684 3344 841 3410 voluntate
862 3342 1000 3409 tenuisse
1026 3365 1223 3430 suspensam,
1256 3346 1330 3412 buic
1355 3347 1444 3433 prius
1466 3367 1618 3414 excusan-

263 3440 375 3511 rodum
401 3461 453 3504 me
484 3459 553 3506 esse
581 3437 718 3504 arbitror
750 3459 844 3524 quam
874 3434 913 3501 de
934 3435 1112 3523 insequenti
1134 3438 1237 3504 officio
1259 3439 1428 3528 quidquam
1451 3441 1506 3506 ulli
1527 3441 1618 3528 polli-

300 3533 443 3601 cendum.
495 3538 564 3598 Non
592 3533 676 3597 enim
704 3532 903 3618 praeteritam
938 3530 1060 3616 culpam
1091 3529 1192 3596 videri
1221 3534 1294 3599 volo
1329 3534 1524 3608 redemisse,
1561 3535 1617 3601 sed

300 3628 435 3714 optimae
465 3627 578 3692 meotis
606 3625 740 3710 cogitata
765 3624 951 3711 iampridem
973 3635 1096 3690 maturo
1118 3633 1260 3712 tempore
1282 3629 1453 3696 enuntiare.
1497 3633 1527 3695 2.
1548 3635 1618 3696 Non

236 3799 237 3804 ἵ
300 3742 350 3786 me
371 3718 562 3807 praeteribat
591 3719 624 3784 in
651 3728 732 3786 tanta
764 3717 970 3784 sollicitudine
1000 3718 1162 3784 bominum
1195 3729 1227 3784 et
1247 3730 1309 3786 tam
1330 3722 1514 3808 perturbato
1536 3733 1617 3789 statu

299 3815 431 3881 civitatis
453 3814 731 3880 fructuosissimam
754 3833 822 3878 esse
844 3811 1071 3899 professionem
1093 3809 1194 3879 bonae
1215 3815 1402 3892 voluntatis,
1425 3837 1617 3904 magnosque

261 3910 436 3978 saboneres
463 3929 566 3974 exea
596 3929 632 3973 re
660 3906 838 3993 complures
864 3915 1048 3971 consecutos
1069 3905 1224 3972 videbam.
1282 3907 1360 3984 Sed,
1397 3931 1468 3975 cum
1489 3911 1522 3976 in
1544 3931 1616 3975 eum

298 4025 403 4070 casum
426 4025 475 4068 me
497 4002 623 4069 fortuna
644 4000 832 4074 demisisset,
868 4008 904 4065 ut
933 4009 986 4065 aut
1007 4000 1152 4065 celeriter
1172 4001 1349 4087 pollicendo
1374 4023 1486 4088 magna
1507 4005 1539 4070 in
1561 4025 1616 4090 spe

298 4097 337 4164 ad
359 4096 585 4184 proficiendum
606 4095 828 4182 impedimenta
851 4114 1060 4181 opponerem,
1097 4105 1164 4168 aut,
1201 4096 1228 4160 si
1250 4095 1283 4160 in
1305 4117 1343 4162 eo
1365 4097 1441 4162 mibi
1464 4106 1618 4183 tempera-

297 4191 428 4266 vissem,
467 4191 604 4256 maiores
633 4189 813 4256 occasiones
842 4188 881 4253 ad
912 4186 1129 4274 opitulandum
1157 4188 1323 4265 baberem,
1360 4190 1536 4276 expeditius
1557 4190 1617 4256 iter

297 4290 471 4351 communis
492 4284 600 4352 salutis
622 4305 715 4371 qnam
731 4303 818 4348 meae
840 4281 940 4348 laudis
958 4303 1026 4348 esse
1041 4283 1136 4350 volui.
1179 4287 1255 4348 Nam
1277 4283 1346 4371 quis
1367 4283 1399 4349 in
1422 4305 1458 4349 ea
1479 4284 1615 4360 fortuna,

260 4401 378 4468 oquae
400 4401 469 4446 mea
491 4389 554 4455 est,
577 4389 608 4445 ct
629 4377 668 4444 ab
689 4399 726 4443 ea
747 4378 828 4451 vita,
851 4397 943 4462 quam
965 4375 999 4440 in
1019 4396 1070 4440 me
1091 4377 1245 4461 cognitam
1267 4377 1447 4444 bominibus
1468 4378 1615 4452 arbitror,

298 4483 421 4540 etcum
443 4495 480 4540 ea
502 4495 574 4561 spe,
608 4494 702 4560 quam
723 4471 756 4537 in
778 4469 921 4536 manibus
943 4469 1064 4545 babeo,
1100 4480 1154 4536 aut
1175 4471 1338 4537 sordidum
1359 4471 1530 4559 quidquam
1551 4469 1616 4557 pati

370 4688 394 4735 l.
414 4683 600 4735 etlumcourul
617 4682 663 4732 bl:
683 4684 803 4732 etiamst
822 4681 911 4732 consol
930 4681 960 4732 Ε.
992 4705 1023 4717 -
1060 4681 1086 4731 2.
1106 4688 1163 4731 tum
1180 4681 1335 4732 Marianos:
1355 4689 1385 4732 tu
1402 4683 1445 4742 M,
1465 4687 1514 4732 too
1531 4682 1563 4732 Ε.
1585 4703 1615 4717 -

298 4757 324 4808 3.
344 4757 389 4806 aad
406 4754 486 4806 etlam
502 4767 603 4804 sommo
622 4752 738 4802 malebat
758 4752 906 4802 Ernestios.
939 4775 969 4790 -·
1005 4751 1033 4803 le.
1053 4754 1127 4802 tuin
1145 4754 1349 4814 reperiendum
1368 4752 1524 4802 Manutius:
1543 4752 1617 4801 tuin

297 4823 612 4888 rapotendoiorobl,
644 4822 939 4884 trreaperieudoineo
958 4823 988 4872 Ε.
1022 4850 1050 4860 -
1106 4821 1150 4874 36.
1170 4824 1313 4886 magnoin
1329 4821 1489 4884 spondili:
1519 4835 1617 4886 mogun

297 4897 362 4948 milet
390 4896 444 4959 ipre
473 4899 584 4946 auctore
609 4892 710 4943 Rutilio
735 4891 766 4941 Ε.
804 4893 875 4942 Fert.
897 4907 995 4958 mogon
1020 4893 1050 4942 in
1067 4905 1226 4958 spemagna
1243 4893 1288 4942 od.
1308 4891 1360 4944 On.
1383 4917 1410 4926 -
1448 4891 1492 4942 33.
1511 4885 1615 4953 adme]

298 4968 363 5018 aot&
381 4965 418 5018 bl.
440 4989 468 5001 -
506 4964 550 5014 to.
570 4963 687 5014 montbar
704 4964 737 5013 Α.
