3656 5868
621 423 697 489 LlB.
718 423 772 490 lll.
813 423 872 490 ΕΡ.
895 425 926 488 2.
947 423 979 486 8.
1000 424 1032 486 t.
1054 423 1084 486 d.
1471 427 1512 492 et

179 581 333 649 arbitror.
375 578 530 670 Equidem
545 600 605 668 pro
619 601 675 657 eo,
698 581 807 670 quand
821 591 852 648 te
866 579 966 658 iaciu,
988 578 1144 668 quidquid
1154 578 1288 658 seceris,
1309 583 1511 668 approbabo:

180 676 238 742 sed
257 685 290 741 te
313 695 442 764 quoque
472 674 598 741 conlido
619 697 658 742 eu
678 675 856 751 iacturum,
889 695 971 762 qnae
999 673 1078 740 mibi
1106 673 1262 761 intelliges
1283 677 1421 742 manime
1443 699 1511 744 esse

180 769 428 855 accommodata.
470 773 539 855 Ego
556 773 590 835 C.
604 771 817 857 Pomptinium
833 769 969 857 legatum
984 789 1090 835 meum
1108 768 1267 835 Brundisii
1281 770 1511 858 exspectabam,
1626 752 1649 854 ί

182 885 321 950 eumque
343 874 422 928 unte·
435 863 590 930 Kalendas
611 864 715 930 lunias
731 861 933 932 Brundisium
946 870 1115 930 venturum
1129 861 1317 928 arbitrabar.
1360 863 1509 941 Quicum

182 957 324 1034 venerit,
346 980 429 1046 quae
451 957 590 1045 primum
612 955 777 1043 nevigandi
798 955 891 1023 nobis
912 955 1042 1022 facultas
1064 956 1135 1022 data
1157 958 1235 1032 erit,
1257 965 1394 1024 utemur.
1522 987 1536 1030 s

663 1094 1032 1184 aduam)

548 1213 717 1294 „oceno
740 1214 772 1276 e.
792 1215 831 1278 n.
851 1213 911 1278 nr.
932 1211 1126 1278 colunne.

270 1340 299 1402 1.
322 1333 428 1401 Pridie
448 1337 554 1400 Nonas
575 1331 693 1409 lunias,
726 1353 797 1398 cum
821 1351 923 1396 essem
944 1331 1122 1408 Brundisii,
1151 1332 1270 1400 litteras
1292 1343 1362 1402 tuus
1383 1339 1511 1426 accept,

182 1427 301 1516 quihus
323 1438 392 1494 erat
420 1429 572 1516 scriptum
601 1437 637 1494 te
655 1432 689 1494 L.
720 1425 831 1494 Clodio
852 1423 1032 1502 mandasse,
1065 1427 1257 1514 quasillum
1278 1450 1402 1496 mecum
1424 1430 1510 1518 loqui

182 1523 291 1590 velles.
335 1527 416 1588 Eum
431 1542 507 1588 sane
523 1518 761 1609 exspectabam,
783 1529 819 1586 nt
842 1539 893 1594 ea,
917 1539 998 1606 quac
1015 1529 1081 1586 ete
1095 1520 1247 1600 alierret,
1269 1525 1511 1611 quamprimum
1525 1545 1551 1586 so

182 1637 420 1702 cognoscerem.
445 1603 567 1684 (ntemn
595 1615 734 1681 studium
763 1632 838 1699 erga
867 1622 899 1678 tc
926 1622 958 1678 et
989 1613 1143 1690 officium,
1172 1617 1296 1682 temetsi
1321 1619 1428 1684 multis
1449 1618 1511 1684 iam

181 1711 280 1777 rebus
302 1733 398 1798 spere
419 1709 478 1776 tibi
500 1731 571 1775 esse
591 1683 768 1796 cognitum)
790 1718 895 1773 temen
917 1706 950 1771 in
971 1707 1012 1773 iis
1033 1709 1171 1774 maxime
1193 1709 1375 1787 declarabo,
1398 1711 1513 1800 nuribus

182 1805 356 1892 plurimum
384 1803 563 1889 significare
590 1791 725 1889 potuero
742 1808 845 1891 (tuam
871 1801 950 1867 mibi
972 1801 1236 1870 existimationem
1271 1815 1303 1870 et
1328 1804 1511 1890 dignitatem
1579 1858 1584 1872 .
1612 1829 1619 1862 ι

182 1899 379 1966 carissimam
400 1919 480 1964 esse.
522 1896 599 1964 Mihi
619 1905 650 1960 et
673 1897 711 1974 Q.
729 1893 845 1960 Fabius
870 1894 1073 1980 Vergilianus
1093 1905 1124 1960 et
1152 1900 1185 1963 C.
1213 1895 1342 1964 Blaesus
1367 1904 1400 1964 L.
1426 1902 1459 1965 F.
1481 1909 1513 1964 et
1551 1863 1638 1959 tr*

183 1992 423 2078 diligentissime
481 2039 489 2057 .
516 1988 664 2056 Octavius
700 1991 755 2054 Gn.
782 1991 816 2054 B.
848 1987 1073 2054 demonstravit
1100 2009 1193 2055 mea
1220 1999 1251 2056 te
1273 1992 1402 2076 plurimi
1424 1975 1511 2070 llere
1524 1966 1560 2057 sel
1598 1944 1621 2038 i

183 2085 270 2174 quod
299 2095 425 2170 egomet
453 2083 568 2180 multis·
582 2077 861 2169 argumentis‘iam
890 2091 981 2148 antm
1017 2080 1193 2148 iudicarem
1229 2085 1430 2172 maximeque
1455 2086 1512 2152 illo

184 2187 292 2247 breno
315 2184 510 2254 decennus,
532 2176 687 2265 quemad
708 2195 760 2242 me
782 2175 994 2242 amantissime
1017 2176 1184 2262 scripturn,
1209 2176 1431 2244 suavissimum
1453 2179 1513 2244 mi·

184 2276 263 2342 sisti.
308 2278 431 2340 iuliae
453 2274 486 2338 in
507 2281 539 2338 te
561 2269 666 2337 emnia
689 2291 810 2334 summa
831 2269 1071 2336 necessitudinis
1093 2269 1195 2336 officia
1217 2271 1412 2338 constabunt
1434 2278 1510 2338 Nam

184 2391 256 2435 cum
277 2368 447 2454 teipsum,
484 2387 525 2432 ex
551 2385 617 2453 quc
639 2373 782 2450 tempere
802 2371 838 2428 tn
857 2385 908 2429 me
925 2361 1058 2449 diligere
1080 2363 1228 2450 coepisti,
1250 2355 1391 2452 quotidie
1412 2366 1512 2452 pluris

186 2464 264 2539 ieci,
300 2473 367 2528 tum
387 2469 589 2526 accesserunt
610 2458 704 2524 etium
726 2457 962 2524 coniunctiones
984 2458 1236 2524 necessariorum
1258 2469 1397 2526 tuorum.
1439 2465 1550 2526 Duosc

184 2559 268 2624 'enim
284 2557 420 2623 duarum
441 2563 577 2619 aetatum
592 2551 720 2640 plurimi
744 2549 842 2626 facio,
865 2551 1136 2638 C11.Pompeinm,
1160 2552 1243 2618 filiae
1262 2561 1335 2620 tuse
1354 2573 1510 2634 socerum,
1541 2566 1550 2651 'p
1611 2519 1641 2626 l

184 2665 215 2718 et
235 2657 277 2718 Μ.
300 2657 449 2724 Brutum,
485 2667 637 2734 generum
658 2654 764 2724 tumn;
792 2644 981 2732 collegiiqne
1006 2646 1207 2722 coniunctio,
1241 2647 1428 2732 praesertim
1446 2657 1510 2712 turn
1543 2690 1546 2700 ‹

186 2743 361 2812 honorilice
392 2764 410 2807 a
439 2753 471 2808 te
495 2727 686 2829 appionem,
724 2759 788 2805 non
809 2738 970 2805 mediocre
998 2738 1158 2804 vinculum
1180 2739 1259 2805 mibi
1279 2739 1409 2827 quidem
1429 2748 1511 2805 utto·

184 2839 258 2906 lisse
280 2837 408 2904 videtur
425 2836 465 2901 ad
485 2835 662 2902 voluntates
684 2841 809 2899 nostras
831 2832 1031 2920 copulandas.
1075 2832 1137 2898 Sed
1152 2841 1199 2910 ct,
1222 2833 1249 2898 si
1272 2834 1416 2900 Clodium
1436 2853 1511 2900 con-

184 2951 320 3005 venere,
343 2953 383 2994 ex
408 2929 494 2995 illius
516 2947 662 2994 sermone
683 2926 722 2991 ad
744 2936 776 2992 te
797 2925 932 2991 scribam
954 2927 1046 3012 plura
1068 2927 1188 3014 etipse
1210 2947 1340 3014 operam
1363 2927 1456 3002 dabo,
1478 2938 1548 2993 tees

183 3035 219 3092 ut
240 3045 335 3111 quam
355 3023 494 3110 primum
508 3020 643 3086 videam.
687 3017 781 3098 Quod
802 3015 914 3084 scribis
934 3018 994 3086 tibi
1011 3019 1159 3084 manendi
1174 3039 1300 3086 causam
1316 3041 1386 3086 eum
1402 3019 1510 3096 inisse,

184 3129 219 3188 nt
240 3140 292 3185 me
313 3117 517 3192 convenires,
538 3111 573 3181 id
594 3113 689 3189 mibi,
710 3133 751 3178 ue
772 3111 929 3186 mentiar,
951 3121 1000 3178 est
1020 3121 1155 3197 gratum.

677 3250 1021 3338 emnem)

571 3368 715 3452 cronno
738 3367 770 3430 s.
791 3368 828 3431 o.
850 3367 910 3432 un.
932 3367 1125 3432 eunome.

272 3498 301 3559 l.
323 3492 443 3558 Tralles
474 3489 546 3555 veni
575 3508 604 3555 s.
631 3487 662 3554 d.
690 3507 739 3553 vr.
767 3485 922 3552 liniendas
948 3485 1093 3552 Sextiles.
1135 3485 1184 3552 lbi
1205 3487 1283 3553 mibi
1304 3496 1431 3576 praesto
1452 3489 1549 3555 initae

184 3593 219 3653 1..
242 3585 380 3654 Lucilius
402 3607 474 3650 eum
502 3583 616 3650 litteris
645 3580 863 3668 mandatisque
884 3579 964 3660 tuis;
994 3601 1058 3667 quo
1079 3579 1207 3668 quidem
1231 3581 1391 3649 bominem
1412 3583 1513 3648 nemi·

186 3703 258 3747 nem
282 3678 411 3766 potuisti
434 3699 492 3743 nee
513 3675 592 3742 mibi
613 3674 798 3740 amiciorem
819 3695 893 3748 nec,
915 3683 951 3740 ut
971 3673 1132 3751 arbitror,
1154 3675 1194 3742 ed
1215 3697 1253 3742 ea
1278 3675 1511 3763 cognoscenda,

182 3797 266 3864 quae
287 3776 369 3841 scire
400 3769 564 3846 volebam,
602 3767 757 3854 aptiorem
778 3767 1057 3855 prudentioremve
1085 3769 1220 3837 mittere.
1262 3774 1331 3856 Ego
1352 3781 1459 3836 eutem
1481 3780 1512 3835 et

184 3879 255 3936 tuas
280 3869 400 3934 litteras
419 3865 481 3952 legi
502 3863 637 3930 libenter
658 3871 689 3926 et
707 3860 814 3927 audivi
836 3860 991 3928 Lucilium
1014 3863 1192 3948 diligenter.
1234 3869 1336 3942 Nunc,
1360 3865 1510 3953 quoniam

184 3973 217 4028 et
238 3973 272 4028 tn
305 3962 347 4027 ita
376 3960 492 4034 sentis,
525 3993 566 4005 -
602 3954 715 4021 scribis
740 3955 845 4029 enim,
882 3975 963 4043 quac
993 3955 1032 4021 de
1061 3957 1178 4023 nostris
1203 3957 1314 4024 officiis
1336 3979 1397 4045 ego
1419 3958 1458 4025 ad
1481 3967 1549 4023 tens

184 4054 385 4142 scripserim,
413 4051 473 4117 etsi
504 4049 562 4117 tibi
584 4046 720 4114 iucunda
742 4047 877 4124 luerint,
907 4056 1027 4125 umen,
1060 4050 1209 4136 quomam
1232 4071 1274 4117 ex
1294 4051 1358 4118 alto
1379 4051 1511 4138 repetitu

184 4149 263 4222 sint,
285 4169 349 4213 non
370 4145 546 4212 necessaria
567 4153 598 4208 te
614 4151 741 4229 putasse
763 4169 803 4184 ··-
827 4148 858 4205 et
876 4162 912 4207 rc
927 4163 1017 4215 vera,
1041 4143 1224 4210 confirmate
1244 4145 1380 4211 amicitis
1395 4155 1426 4212 et
1439 4167 1513 4232 pcr-

183 4251 290 4328 specta
316 4239 391 4315 lide,
414 4233 672 4305 commemoratio
696 4232 872 4300 officiorum
895 4255 1127 4320 supervacanea
1148 4246 1195 4304 est
1217 4271 1273 4314 -,
1297 4259 1366 4304 enm
1388 4248 1511 4326 partem

183 4335 339 4402 orationis
360 4331 624 4420 praetermittam
646 4327 704 4394 tibi
733 4337 837 4392 tumen
859 4346 965 4411 agam,
987 4337 1023 4393 ut
1044 4327 1168 4406 debeo,
1197 4333 1323 4417 gratim.
1366 4332 1512 4398 Animad-

184 4429 265 4495 verti
288 4429 372 4494 enim
395 4437 426 4493 et
448 4424 543 4493 didici
565 4444 607 4488 ex
627 4421 691 4487 tuis
713 4419 826 4485 litteris
847 4428 878 4485 te
900 4419 1048 4487 omnibus
1069 4423 1102 4488 in
1124 4424 1222 4491 rebus
1244 4425 1392 4492 babuisse
1413 4427 1550 4492 ratio-su

183 4545 274 4598 nem,
296 4532 332 4589 ut
356 4521 433 4587 mibi
462 4517 645 4587 consuleres
672 4514 961 4602 praestitueresque
989 4526 1021 4582 et
1041 4536 1248 4604 praeparares
1273 4519 1511 4607 quodammodo

252 4744 278 4794 (t.
300 4743 357 4808 Bao
375 4742 404 4792 C.
425 4739 604 4803 Pompts'ns'am
621 4734 757 4788 Orellioea
776 4745 824 4799 epo
840 4733 931 4784 censat
946 4739 1104 4799 pemittnsm
1116 4737 1153 4798 tt,
1167 4737 1224 4804 Epo
1236 4738 1266 4790 c.
1279 4738 1430 4790 Poenam
1438 4739 1469 4790 n,
1481 4763 1511 4776 ..

182 4815 210 4866 4.
229 4813 386 4865 arbitrabor
403 4825 445 4876 pr.
460 4810 499 4871 Μ,
518 4808 636 4859 arbitror
654 4819 726 4858 corr.
752 4803 790 4856 Μ.
809 4825 843 4838 -
878 4805 905 4856 B.
926 4805 1077 4858 toletensis
1098 4808 1244 4860 creuere.
1265 4832 1293 4843 -
1333 4809 1376 4860 13.
1401 4816 1513 4873 potuero

182 4885 228 4936 bl:
257 4891 353 4947 potero
376 4881 408 4932 B.
438 4903 468 4918 -
506 4877 550 4929 lt.
569 4884 594 4928 et
612 4876 702 4928 ecnesl
719 4874 813 4942 Mense
831 4873 868 4924 Μ.
889 4897 921 4910 ·-
940 4876 983 4926 15.
1003 4877 1050 4928 Gn.
1071 4875 1113 4941 F.]
1132 4879 1292 4943 possessus·
1309 4879 1347 4930 Μ.
1366 4903 1400 4916 ·-
1424 4879 1513 4930 2201

181 4970 267 5006 mene
285 4955 397 5006 Brutum
414 4951 453 5002 Μ.
474 4973 503 4985 -
524 4947 569 4998 Bt.
589 4947 632 4998 Set
650 4948 673 4996 ss·
690 4945 741 4994 Vh.
758 4969 787 4978 -
817 4943 862 4994 27.
881 4951 919 4996 cst
935 4954 1044 5011 protum
1061 4947 1103 4998 tt:
1121 4954 1229 5013 protom
1246 4955 1284 5000 est
1302 4949 1333 4999 B.
1354 4973 1385 4985 -
1404 4951 1449 5002 st.
1468 4952 1513 5000 tc·

180 5027 280 5076 misem
303 5024 350 5075 bt:
379 5020 531 5072 nomnen
551 5017 605 5068 Cir.
626 5017 685 5067 Lib.
706 5015 749 5074 1³,
770 5014 813 5070 55,
838 5015 864 5064 1.
893 5037 924 5051 -
969 5016 1014 5068 ³5.
1039 5017 1071 5068 ds
1096 5032 1152 5068 om.
1176 5017 1213 5070 st.
1245 5043 1276 5054 -
1314 5019 1358 5070 38.
1386 5033 1513 5085 sepem.

181 5109 266 5148 meee
284 5093 329 5144 st:
355 5103 517 5156 supervacue
536 5087 566 5140 B.
586 5112 620 5122 -
655 5085 700 5136 tl.
719 5085 952 5147 praestituenspue
970 5085 1106 5138 Bretttos:
1126 5089 1323 5153 restitueresque
1340 5089 1403 5144 ΜΕ.
