3628 5876
227 385 232 394 ’
316 395 380 459 200
748 393 1023 462 urlsroLtntttt
1044 395 1096 458 ΑΙ)
1119 395 1209 457 Flu.

315 551 533 637 intempestive
553 549 687 626 adeunt,
709 551 832 618 molesti
854 571 948 638 saepe
965 557 1052 626 sunt,
1075 551 1120 616 sie
1137 548 1286 636 epistolae
1301 548 1464 616 offendunt
1484 573 1554 619 non
1576 553 1650 620 loeo

315 644 466 710 redditae.
510 644 543 710 si
564 655 683 718 autem.
705 655 741 710 ut
762 666 871 732 spero,
894 643 971 712 nibil
993 652 1024 709 te
1045 642 1224 730 perturbat,
1247 643 1324 708 nihil
1345 643 1491 731 impedit,
1524 656 1559 712 et
1573 646 1646 723 ille,

315 739 365 804 eui
387 737 546 812 mandavi,
582 739 656 803 satis
679 738 755 804 scite
785 748 816 804 et
835 738 999 807 commode
1021 750 1143 826 tempus
1162 740 1200 806 ad
1224 749 1253 806 te
1278 739 1360 826 cepit
1381 739 1537 815 adeundi,
1571 761 1651 806 oon·

315 830 378 898 lido
404 852 475 906 me,
509 831 595 918 qnod
621 832 731 908 velim,
769 831 859 899 lacile
880 855 898 900 a
921 843 952 900 te
971 835 1221 920 impetraturum.
1271 837 1302 898 ἓ.
1325 835 1359 898 L.
1382 833 1487 899 Lamia
1514 844 1650 920 praetu-

290 945 382 992 sram
412 925 501 1012 petit.
553 929 621 991 lion
646 948 705 1012 ego
734 935 808 992 utor
837 949 901 994 uno
938 932 1078 993 omniurn
1107 927 1288 1014 plurimum.
1322 925 1454 1012 (Magna
1481 937 1650 1003 vetustas,

119 1017 176 1129 bf,
314 1041 425 1106 magna
448 1019 641 1086 consuetudo
667 1015 849 1120 intercedit)
882 1020 1029 1108 quodque
1049 1021 1218 1107 plurimum
1244 1021 1342 1093 valet,
1365 1019 1442 1085 nihil
1462 1021 1543 1086 mibi
1578 1025 1649 1086 eius

315 1124 362 1179 est
391 1113 599 1178 familiaritate
629 1114 804 1181 iucundius.
861 1119 975 1202 Magno
995 1125 1160 1202 praeterea
1190 1113 1343 1181 beneficio
1369 1119 1437 1179 eius
1462 1134 1648 1202 magnoque

314 1208 428 1273 merito
450 1229 519 1273 sum
546 1207 710 1294 obligatus.
763 1214 840 1274 Nam
868 1209 1024 1276 Clodianis
1046 1209 1259 1297 temporibus,
1292 1229 1363 1274 eum
1381 1208 1539 1296 equestris
1560 1208 1649 1274 ordi·

314 1303 362 1367 nis
384 1302 530 1390 princeps
556 1313 638 1368 esset
656 1323 778 1391 proque
803 1325 872 1370 mea
898 1305 997 1371 salute
1023 1306 1175 1370 acerrime
1198 1315 1427 1392 propugnaret,
1464 1301 1647 1369 aGabinio

170 1418 186 1497 p
211 1443 212 1446 ,
279 1398 442 1463 streonsule
464 1399 621 1484 relegatus
642 1409 705 1464 est:
729 1397 813 1485 quod
835 1408 905 1465 ante
926 1399 959 1465 id
981 1409 1103 1486 tempus
1125 1399 1186 1465 civi
1210 1404 1351 1464 Romano
1377 1403 1495 1463 Romae
1512 1397 1648 1482 contigit

169 1492 185 1520 ‘¹
313 1489 440 1556 nemini.
483 1495 552 1557 Hoc
576 1513 647 1558 cum
671 1494 806 1579 populus
830 1500 988 1561 Romanus
1007 1493 1162 1567 meminit,
1186 1513 1236 1558 me
1257 1491 1361 1578 ipsum
1380 1512 1444 1557 non
1459 1491 1647 1556 meminisse

313 1585 527 1671 turpissimum
559 1595 616 1653 est.
666 1591 696 1653 3.
721 1590 922 1675 Quapropter
951 1588 1105 1674 persuade
1135 1586 1208 1662 tibi,
1238 1584 1282 1650 mi
1310 1590 1424 1659 Brute,
1461 1607 1513 1651 me
1532 1597 1646 1672 petere

187 1705 206 1774 q
312 1687 502 1765 praeturam.
560 1683 756 1769 Quamquam
786 1681 870 1747 euim
889 1682 996 1748 Lamia
1023 1703 1145 1748 summo
1173 1678 1358 1767 splendore,
1395 1701 1519 1776 summa
1543 1680 1646 1764 gratia

313 1782 379 1850 est,
402 1774 706 1860 magnificentissimo
727 1797 859 1841 munere
882 1775 1041 1850 aedilicio,
1064 1785 1191 1849 tamen,
1214 1773 1303 1862 quasi
1326 1795 1362 1840 ea
1381 1774 1423 1838 ita
1438 1794 1501 1838 non
1528 1781 1646 1848 essent,

276 1888 373 1953 nego
394 1869 518 1955 suscepi
537 1877 636 1934 totum
657 1862 829 1954 negotium.
871 1875 974 1946 Nunc,
996 1874 1021 1936 si
1044 1891 1095 1935 me
1112 1869 1187 1934 tanti
1207 1868 1298 1944 lacis,
1321 1867 1428 1955 quanti
1450 1877 1537 1932 certe
1556 1866 1645 1941 satis,

312 1962 461 2048 quoniam
481 1963 621 2050 equitum
649 1963 806 2029 centurias
834 1971 939 2039 tenes,
961 1964 993 2028 in
1016 1963 1086 2050 quis
1111 1983 1243 2048 regnas,
1265 1963 1353 2028 mitte
1376 1961 1416 2027 ad
1437 1965 1564 2046 Lupum
1590 1981 1647 2024 no-
1787 1991 1788 2084 q

312 2067 425 2130 strum,
459 2064 494 2122 ut
523 2057 550 2122 is
581 2054 674 2122 nobis
706 2077 758 2122 eas
784 2062 940 2124 centurias
976 2057 1128 2123 conliniet.
1181 2061 1250 2122 Non
1281 2055 1395 2122 tenebo
1417 2064 1448 2120 te
1479 2053 1644 2140 pluribus3

311 2171 426 2238 ponam
446 2149 480 2215 in
495 2159 639 2216 extremo
660 2148 745 2237 quod
767 2151 884 2218 sentio:
906 2150 982 2218 nihil
1004 2160 1066 2228 est,
1088 2157 1194 2225 Brute,
1217 2171 1288 2215 cum
1310 2149 1415 2216 omnia
1436 2169 1454 2214 a
1476 2158 1506 2214 te
1530 2166 1646 2234 exspe-
1787 2161 1788 2244 p

311 2253 414 2320 ntem,
436 2241 523 2331 quod
543 2243 620 2308 mibi
641 2243 760 2327 gratius
780 2243 886 2309 lacere
906 2245 1020 2331 possis.
1787 2247 1788 2262 ¹

273 2408 303 2450 n»
770 2388 868 2452 aru.
911 2388 959 2470 (a
986 2387 1019 2452 e.
1042 2389 1073 2451 c.
1095 2385 1181 2467 rao)

707 2509 748 2573 n.
780 2509 923 2574 crosno
944 2511 983 2572 n.
1004 2509 1135 2572 nuere
1158 2510 1190 2572 S.
1209 2510 1248 2573 n.

399 2635 428 2696 t.
459 2633 566 2695 Lamia
588 2651 654 2698 uno
681 2629 821 2696 omnium
844 2627 1084 2694 familiarissime
1105 2637 1188 2694 utor.
1231 2633 1343 2714 Magna
1358 2629 1425 2696 eius
1440 2629 1472 2694 in
1487 2650 1556 2709 me,
1579 2650 1643 2696 non

312 2724 384 2790 dico
406 2723 525 2800 officia,
548 2722 603 2789 sed
624 2725 756 2798 merita,
794 2745 892 2810 eaque
914 2732 986 2789 sunt
1006 2723 1125 2809 populo
1147 2728 1290 2788 Romano
1311 2723 1482 2790 notissima.
1525 2729 1559 2790 Is
1579 2744 1644 2789 ma-

312 2817 567 2904 gnificentissimo
588 2840 719 2884 munere
750 2817 915 2885 aedilitatis
935 2818 1119 2906 perfunctus
1140 2817 1219 2905 petit
1239 2827 1433 2904 praeturam;
1466 2838 1642 2906 omnesque

274 2934 302 2972 es
312 2910 486 2997 intelligunt
515 2933 573 2978 nae
600 2912 780 2998 dignitatern
802 2913 831 2978 ei
854 2912 962 2978 deesse
985 2933 1042 2978 nee
1066 2913 1208 2997 gratiam.
1267 2912 1328 2978 Sed
1350 2913 1376 2978 is
1399 2912 1532 2979 ambitus
1558 2911 1644 2978 exei-

311 3006 370 3072 tari
399 3006 543 3084 videtur,
573 3018 608 3073 ut
640 3029 700 3095 ego
727 3008 831 3074 omnia
860 3007 1078 3095 pertimescam
1108 3015 1266 3094 totamque
1298 3007 1480 3094 petitionem
1512 3006 1641 3073 Lamiae

310 3102 386 3167 mibi
414 3100 626 3168 sustinendam
653 3112 770 3190 putem.
828 3106 859 3168 2.
892 3108 927 3169 ln
961 3123 997 3167 ea
1028 3124 1064 3167 re
1094 3111 1242 3188 quamum
1276 3123 1327 3167 me
1348 3100 1451 3187 possis
1471 3098 1640 3172 adiuvare,

310 3194 401 3261 facile
426 3195 603 3283 perspiei0;
634 3217 692 3262 nee
721 3218 815 3270 vero,
849 3208 999 3281 quantum
1020 3218 1091 3262 mea
1112 3217 1205 3261 causa
1227 3196 1320 3270 velis,
1357 3193 1477 3260 dubito.
1534 3193 1639 3259 Velim

310 3289 424 3374 igitur,
461 3289 504 3353 mi
533 3295 644 3363 Brute,
678 3288 732 3355 tibi
764 3291 952 3377 persuadeas
975 3290 1051 3355 nibil
1073 3310 1124 3353 me
1146 3289 1266 3353 maiore
1288 3287 1391 3354 studio
1413 3307 1431 3350 a
1453 3292 1486 3352 te
1506 3297 1639 3372 petere,

272 3382 387 3448 sonibil
409 3392 440 3447 te
460 3383 538 3449 mibi
559 3385 678 3468 gratiam
700 3383 804 3450 lacere
826 3405 939 3470 posse,
978 3405 1072 3471 quam
1094 3383 1120 3448 si
1142 3382 1288 3459 omnibus
1309 3385 1370 3446 tuis
1392 3379 1522 3467 opibus,
1555 3377 1639 3446 omni

311 3476 415 3544 studio
436 3478 575 3544 Lamiam
596 3483 629 3544 in
650 3477 801 3566 petitione
822 3476 958 3556 iuveris3
980 3475 1066 3564 quod
1087 3485 1123 3542 ut
1143 3475 1253 3552 lanias,
1276 3475 1478 3541 vehementer
1498 3484 1530 3540 te
1545 3495 1638 3561 rogo.

763 3640 876 3704 rr111.
920 3635 969 3721 (A.
996 3639 1028 3701 o.
1051 3639 1082 3701 c.
1104 3635 1190 3720 aar.)

525 3773 567 3835 Μ.
589 3770 732 3837 cloteno
755 3772 786 3834 S.
808 3769 905 3834 ltu.
927 3768 1057 3833 BRUTO
1079 3770 1158 3834 [MP.
1181 3769 1265 3832 COS.
1287 3768 1417 3832 DESlG.

387 3894 425 3956 l.
447 3890 513 3956 Etsi
535 3911 576 3955 ex
597 3888 763 3966 mandatis,
786 3911 867 3978 quae
890 3887 1005 3954 Galbae
1026 3887 1261 3975 Volumnioque
1283 3886 1321 3952 ad
1344 3898 1485 3954 senatum
1507 3884 1637 3957 dedisti.

271 3982 384 4073 sequid
413 3983 586 4050 timendum
613 3994 755 4070 putares,
789 3981 1040 4070 suspicabamur,
1079 3993 1182 4048 tamen
1208 3980 1367 4047 timidiora
1388 3979 1531 4046 mandata
1553 3978 1637 4046 ride·

310 4078 439 4153 bantur,
463 4100 557 4166 quam
568 4087 636 4144 erat
649 4077 777 4165 dignum
790 4087 842 4143 tua
857 4077 1029 4165 populique
1046 4077 1178 4142 Romani
1193 4075 1334 4158 victoria.
1378 4080 1509 4142 Senatus
1524 4088 1636 4150 autem,

309 4174 355 4240 mi
375 4179 488 4248 Brute,
517 4173 609 4239 lortis
631 4184 679 4239 est
699 4184 731 4241 et
751 4171 845 4243 babet
865 4171 963 4237 fortes
985 4170 1091 4235 duces.
1138 4174 1246 4256 ltaque
1269 4169 1400 4234 moleste
1421 4167 1542 4234 serebat
1563 4191 1597 4235 se
1619 4189 1636 4232 a

309 4277 358 4342 te,
395 4289 488 4354 quem
521 4268 675 4342 omnium,
706 4267 885 4355 quicunque
908 4265 1058 4338 luissent,
1077 4261 1281 4329 fortissimum
1302 4263 1471 4340 iudicaret,
1493 4265 1636 4330 timidum

309 4372 403 4450 atque
424 4359 571 4446 ignarum
600 4359 743 4428 iudicari.
800 4365 830 4426 B.
852 4359 974 4426 Etenim
1003 4378 1090 4433 eum,
1127 4366 1158 4423 te
1179 4357 1317 4434 incluso,
1351 4379 1439 4444 spem
1469 4359 1634 4424 maximam

269 4475 420 4520 asomues
449 4453 631 4520 habuissent
661 4455 694 4519 iu
721 4463 773 4519 tua
805 4452 919 4519 virtute
941 4451 1072 4518 florente
1093 4452 1243 4526 Antonio,
1267 4451 1336 4540 quis
1358 4462 1441 4528 erat,
1471 4452 1524 4539 qui
1547 4450 1635 4540 quid·

309 4569 403 4635 quam
425 4547 551 4613 timeret
571 4546 738 4634 profligato
759 4548 830 4623 illo,
853 4556 883 4612 te
904 4545 1059 4612 ttheratoa
1086 4550 1149 4611 Nee
1169 4567 1248 4612 vero
1269 4544 1424 4633 Lepidum
1439 4544 1634 4610 timebamus.

380 4766 422 4816 10.
455 4767 574 4815 Romane
601 4767 698 4815 Bomos
724 4764 769 4814 M:
801 4767 919 4816 Bemnno
946 4767 978 4817 B.
1002 4793 1037 4802 -
1082 4767 1125 4818 11.
1153 4768 1270 4816 nsemtntt
1296 4765 1343 4818 n:
1373 4767 1519 4816 memimrtt
1543 4765 1575 4816 B.
1605 4783 1632 4796 -
1725 4780 1728 4795 ¹

310 4835 353 4886 16.
372 4837 497 4899 queniam
521 4836 565 4886 u:
592 4836 698 4900 quando
716 4833 748 4886 tt.
777 4861 809 4871 -
844 4836 964 4900 quisti:
994 4839 1065 4902 queis
1083 4837 1114 4888 tt.
1147 4863 1179 4874 -
1223 4837 1267 4887 25.
1286 4835 1320 4899 tel
1339 4835 1372 4885 iis
1389 4834 1428 4887 bl.
1457 4859 1488 4871 -
1524 4829 1635 4886 excitari

310 4906 415 4968 Bepett.
436 4905 548 4955 Lamb.=
568 4907 683 4955 excitare
700 4905 746 4967 rt,
765 4912 857 4956 sutore
874 4906 904 4956 Ε.
927 4931 958 4942 -
994 4908 1039 4958 2'1.
1058 4913 1185 4971 quantum
1203 4913 1233 4957 tu
1250 4921 1290 4957 me
1308 4906 1425 4956 malebat
1443 4905 1590 4956 Ernestius·
1601 4925 1633 4938 -

310 4976 352 5024 ³0.
372 4975 440 5025 etse
455 4990 495 5026 me
513 4975 561 5026 tibt
578 4978 681 5040 prutina
699 4976 736 5027 tu.
757 4999 787 5011 -
824 4975 1091 5042 at.1.amtem]tam
1109 4979 1163 5028 iem
1180 4977 1219 5029 at.
1238 4997 1272 5012 ··-
1308 4977 1634 5040 testamenmentum

310 5045 355 5096 tl:
375 5045 517 5096 timendam
533 5047 766 5111 amptmndnmque
781 5051 890 5110 petam
906 5047 937 5097 B.
1353 5083 1355 5090 ·
