3628 5876
316 446 379 510 112
744 442 1019 507 EPISTULARUM
1040 443 1092 505 Ab
1115 443 1206 506 Fau.

310 601 431 689 tibique
452 598 657 687 persuadeas,
690 620 783 665 omne
804 598 983 686 perfugium
1004 597 1161 666 bonerum
1184 598 1217 664 in
1239 607 1269 666 te
1290 607 1321 664 et
1341 605 1439 666 Bruto
1461 620 1530 665 esse
1551 599 1637 686 posi·

311 708 391 772 tum,
414 695 456 770 si,
479 693 565 780 quod
585 693 699 768 nolim,
723 692 847 760 adversi
868 693 943 781 quid
966 693 1119 758 evenerit.
1162 699 1243 767 Res,
1266 713 1336 757 cum
1358 693 1435 758 haec
1449 691 1634 769 scribebam,

311 801 378 857 erat
410 789 443 854 in
475 799 652 854 extremum
680 786 813 854 adducta
843 788 1031 864 discrimem
1068 791 1183 852 Brutus
1215 786 1298 852 enim
1330 788 1468 853 Mutinae
1496 786 1550 852 vix
1572 786 1635 852 iam

311 881 498 950 sustinebat:
522 883 575 970 qui
591 882 616 947 si
632 893 833 948 conservatus
852 882 930 958 erit,
953 882 1103 958 vicimus;
1126 881 1173 946 sin
1195 913 1235 924 -
1257 880 1345 967 quod
1366 881 1399 946 dt
1427 901 1521 946 omen
1544 901 1635 946 aver-

288 979 390 1042 sunu
413 1011 454 1024 —
476 980 578 1042 omnis
600 975 740 1040 omniurn
763 997 874 1042 cursus
895 985 943 1042 est
963 975 1003 1041 ad
1023 996 1091 1042 vos.
1134 973 1272 1040 Proinde
1292 973 1342 1039 Iac
1363 973 1500 1040 animum
1515 982 1634 1040 tantum

309 1068 424 1137 habeas
447 1079 628 1156 tantumque
650 1079 848 1156 apparatum,
870 1080 987 1157 quanto
1009 1089 1090 1156 epus
1112 1067 1220 1135 estad
1242 1067 1419 1134 universam
1440 1088 1509 1134 rem
1531 1067 1634 1155 publi-

309 1185 377 1230 cam
397 1164 644 1251 reciperandam.
687 1165 773 1230 Vale.

784 1307 847 1370 vn.
891 1303 940 1388 (n.
966 1309 999 1372 u.
1021 1303 1162 1384 c.710.)

797 1438 940 1503 CICERO
963 1439 1100 1504 CASSIO
1124 1439 1156 1502 S.

282 1587 306 1624 ιι
403 1564 431 1625 1.
463 1562 588 1638 Quanto
621 1556 725 1624 studio
747 1555 928 1642 dignitatem
948 1568 1032 1624 tuam
1056 1567 1087 1624 et
1107 1559 1139 1622 in
1162 1567 1270 1623 senatu
1292 1565 1323 1622 et
1344 1557 1383 1623 ad
1404 1558 1557 1646 populum
1579 1561 1633 1627 de-

315 1653 485 1726 fenderim,
509 1673 548 1717 ex
571 1650 632 1716 tuis
656 1660 684 1716 te
706 1652 789 1717 malo
811 1672 905 1737 quam
926 1673 966 1716 ex
989 1672 1038 1716 me
1053 1671 1263 1737 cognoscere:
1286 1673 1366 1738 quae
1388 1672 1457 1718 mea
1479 1662 1631 1722 sententia

311 1753 344 1814 in
365 1755 475 1814 senatu
496 1746 585 1811 facile
607 1745 768 1821 valuisset,
799 1745 859 1811 nisi
880 1750 978 1811 Pansa
999 1745 1201 1810 vehementer
1222 1744 1402 1811 obstitisset.
1444 1751 1487 1812 Ee
1510 1759 1633 1815 senten-

311 1841 352 1908 tia
384 1841 466 1906 dicta
495 1839 666 1927 productus
695 1861 765 1905 sum
793 1839 826 1904 in
847 1840 1025 1905 contIonem
1054 1837 1221 1905 atribuno
1243 1839 1285 1924 pl.
1305 1844 1347 1905 11.
1370 1839 1514 1906 Servilio.
1557 1843 1631 1908 Dixi

278 1949 282 1960 “
310 1936 348 2002 de
369 1943 415 2011 te,
438 1955 519 2022 quae
540 1933 644 2020 potui,
667 1943 750 1998 tanta
772 1934 986 2008 contentione,
1008 1943 1158 2020 quantum
1179 1932 1284 1998 forum
1307 1943 1369 2008 est,
1391 1943 1477 2000 tanto
1493 1936 1631 2002 elamore

273 2052 300 2092 ιι
308 2049 523 2116 consensuque
535 2027 654 2114 populi,
676 2037 711 2093 ut
725 2027 802 2093 nihil
824 2049 961 2115 unquam
982 2028 1083 2093 simile
1103 2027 1249 2093 viderim.
1271 2026 1306 2092 ld
1323 2028 1417 2093 velim
1443 2027 1519 2093 mihi
1542 2029 1631 2115 igno-

308 2145 391 2197 scas,
429 2121 515 2210 quod
543 2123 638 2187 invita
671 2143 765 2188 socru
797 2130 850 2187 tua
881 2120 1020 2187 fecerim.
1083 2120 1199 2186 Mulier
1233 2119 1340 2186 timida
1370 2120 1555 2197 verebatur,
1591 2146 1631 2190 ne

308 2223 425 2284 Pansae
447 2218 567 2282 animus
588 2216 812 2282 offenderetur.
866 2218 901 2280 ln
933 2214 1079 2279 contione
1111 2214 1237 2301 quidem
1263 2219 1361 2280 Pansa
1393 2214 1473 2280 dixit
1498 2227 1628 2283 matrem

309 2331 437 2397 quoque
460 2318 544 2375 tuam
574 2319 605 2376 et
630 2309 760 2374 fratrem
788 2308 872 2374 illam
901 2328 920 2373 a
941 2329 992 2373 me
1015 2308 1200 2373 sententiam
1221 2309 1360 2374 noluisse
1381 2309 1452 2376 dici.
1496 2310 1558 2377 Sed
1579 2333 1630 2378 me

308 2403 385 2468 haec
405 2424 469 2468 non
491 2402 675 2479 movebant;
698 2402 759 2468 alia
779 2399 945 2467 malebam.
994 2400 1148 2468 Faveham
1171 2404 1271 2468 atrei
1292 2403 1454 2490 publicae,
1477 2406 1528 2471 cui
1549 2427 1630 2472 sem·

270 2516 365 2582 anper
386 2496 463 2571 lavi,
487 2505 518 2561 et
539 2495 680 2581 dignitati
702 2516 738 2561 ac
758 2495 877 2580 gloriae
901 2505 983 2561 tuae.
1025 2499 1056 2561 R.
1081 2495 1174 2574 Quod
1195 2507 1298 2562 autem
1321 2509 1352 2562 et
1380 2501 1411 2562 in
1431 2508 1540 2564 senatu
1560 2501 1630 2586 plu-

307 2588 396 2656 ribus
418 2589 524 2655 verbis
547 2589 681 2656 disserui
703 2600 735 2656 et
755 2590 821 2655 dixi
842 2591 874 2655 in
896 2589 1060 2664 contione,
1082 2589 1114 2655 in
1137 2611 1176 2654 eo
1198 2592 1292 2656 velim
1313 2590 1406 2656 fidem
1427 2612 1529 2657 meam
1551 2591 1630 2658 lihe-

307 2705 380 2762 res;
405 2682 536 2770 promisi
557 2683 641 2748 enim
663 2693 695 2750 et
714 2704 814 2771 prope
830 2682 1012 2748 confirmavi
1035 2691 1065 2748 te
1086 2703 1151 2748 non
1171 2695 1369 2772 exspectasse
1391 2705 1448 2749 nec
1469 2696 1630 2770 exspecta-

307 2786 413 2844 turum
435 2778 560 2843 decreta
582 2787 705 2852 nostra,
728 2777 784 2844 sed
804 2787 836 2842 te
857 2776 960 2863 ipsum
981 2784 1036 2843 tuo
1051 2798 1140 2843 more
1160 2779 1399 2865 rempublicam
1416 2777 1628 2844 defensurum.

305 2875 360 2945 Et,
383 2892 571 2959 quamquam
592 2871 743 2938 nihildum
765 2871 963 2937 audieramus
976 2892 1035 2936 nec
1050 2870 1105 2937 ubi
1127 2893 1211 2938 esses
1229 2893 1287 2937 nec
1308 2893 1385 2959 quas
1403 2872 1509 2957 copias
1534 2870 1629 2937 habe·

137 2984 205 3071 (J
245 2985 374 3137 (acres,
412 2975 513 3031 tamen
540 2964 586 3030 sic
611 2964 967 3056 statuebam,[omnes,
1004 2987 1085 3052 quac
1116 2967 1148 3032 in
1174 2967 1242 3032 istis
1263 2964 1405 3052 partibus
1426 2976 1530 3052 essent
1550 2987 1628 3053 opes

305 3057 495 3168 copiaeque,
528 3068 598 3147 tuas
620 3055 712 3170 esse)
737 3081 795 3146 per
823 3069 916 3170 teque
938 3060 1043 3127 Asiam
1066 3057 1474 3168 provinciamuconlidebam
1495 3059 1558 3123 iam
1579 3057 1627 3122 rei

303 3152 448 3238 pubhcae
469 3154 698 3242 reciperatam.
728 3160 777 3221 Tu
797 3154 847 3220 iac
867 3176 901 3220 m
922 3154 1064 3242 augenda
1085 3155 1187 3240 gloria
1209 3161 1239 3220 te
1260 3174 1364 3240 ipsum
1385 3173 1502 3220 vincas.
1539 3152 1627 3220 Vale.

768 3325 849 3390 un.
890 3321 940 3408 (n.
965 3327 997 3391 u.
1020 3326 1052 3390 c.
1074 3321 1160 3405 ιιι.)

786 3457 928 3523 CICERO
951 3456 1087 3522 CASSIO
1110 3457 1142 3521 S.

184 3571 214 3692 ί
269 3600 296 3638 ιι
391 3577 420 3640 1.
454 3573 562 3640 Scelus
589 3575 688 3666 adluis
716 3575 762 3642 tui
783 3576 894 3686 Lepidi
915 3596 1130 3662 summamque
1154 3575 1313 3640 levitatem
1335 3582 1367 3640 et
1385 3574 1625 3642 inconstantiam

305 3688 346 3731 ex
374 3667 465 3742 actis,
501 3689 581 3754 quae
611 3661 653 3734 ad
682 3679 713 3734 te
745 3669 825 3735 mitti
853 3680 941 3736 certo
977 3670 1066 3746 scio,
1098 3689 1250 3753 cognosse
1276 3679 1307 3734 te
1329 3667 1476 3735 arbitror.
1519 3675 1626 3759 ltaque

305 3781 362 3826 nos
391 3762 534 3828 conlecto
555 3760 654 3837 bello,
686 3773 722 3829 ut
742 3761 990 3840 arbitrabamur,
1012 3771 1196 3829 renovatum
1211 3762 1327 3829 bellum
1343 3763 1500 3848 gerimus,
1524 3785 1624 3850 spem·

309 3875 371 3941 que
393 3876 518 3921 omnem
540 3856 572 3920 in
592 3860 630 3922 D.
652 3861 749 3922 Bruto
772 3868 802 3923 et
823 3858 936 3924 Planco
958 3857 1125 3935 babemus;
1147 3856 1175 3922 si
1196 3878 1306 3922 verum
1329 3857 1470 3944 quaeris,
1493 3857 1526 3923 in
1548 3866 1578 3922 te
1594 3866 1626 3923 et

307 3947 339 4012 in
373 3969 444 4014 meo
465 3954 564 4018 Bruto
593 3971 658 4016 non
684 3950 785 4016 solum
807 3949 1016 4038 adpraesens
1037 3949 1232 4050 perfugium,
1263 3949 1305 4024 si,
1328 3948 1414 4036 quod
1435 3951 1548 4026 nolim,
1571 3948 1626 4014 ad·

267 4042 392 4107 reversi
413 4043 489 4129 quid
516 4043 680 4119 acciderit,
717 4043 773 4110 scd
800 4045 893 4111 etiam
919 4044 958 4111 ad
979 4044 1247 4110 confirmationem
1268 4051 1439 4131 perpetuae
1460 4042 1624 4108 libertatis.

308 4140 338 4201 2.
359 4141 423 4201 Nos
445 4137 494 4202 hic
515 4137 554 4203 de
576 4136 736 4204 Dolabella
757 4136 975 4213 audiebamus,
998 4159 1078 4224 quae
1101 4137 1270 4211 vellemus,
1292 4135 1348 4202 sed
1362 4144 1465 4202 certos
1480 4147 1624 4202 auctores

305 4251 368 4296 non
390 4229 591 4297 habebamus.
647 4237 690 4297 Tc
719 4230 847 4318 quidem
876 4252 1022 4317 magnum
1043 4231 1201 4298 hominem
1227 4239 1259 4296 et
1278 4231 1434 4316 praesenti
1456 4229 1571 4295 iudicio
1593 4237 1624 4294 et

303 4323 419 4411 reliqui
440 4326 591 4411 temporis
612 4326 846 4413 exspectatione
868 4326 946 4392 seito
968 4347 1047 4392 esse.
1103 4329 1172 4392 Hoc
1193 4323 1250 4390 tibi
1271 4324 1435 4412 proposito
1456 4323 1507 4388 Iac
1527 4333 1562 4388 ut
1582 4322 1623 4388 ad

303 4439 422 4484 summa
458 4417 636 4484 contendas.
679 4419 762 4485 Nihil
787 4426 835 4485 est
855 4427 988 4497 tantum,
1026 4419 1111 4507 quod
1132 4441 1196 4487 non
1216 4419 1352 4507 populus
1373 4425 1531 4486 Romanus
1552 4438 1571 4483 a
1592 4425 1623 4483 tc

265 4510 412 4597 aoperfici
433 4519 526 4599 atque
549 4511 684 4579 obtineri
706 4533 799 4600 posse
821 4511 945 4579 iudicet.
988 4514 1075 4581 Vale.

372 4729 399 4782 1.
418 4731 446 4779 dt
464 4731 510 4782 M:
538 4731 576 4781 dit
596 4731 626 4781 u.
654 4756 683 4768 -
721 4731 748 4781 5.
768 4745 858 4781 narrar
875 4733 925 4782 ars't
942 4731 979 4782 nd
996 4731 1114 4784 malebat
1132 4731 1282 4783 Emerttur.
1309 4757 1340 4768 -
1378 4732 1421 4784 11.
1446 4731 1483 4782 nd
1501 4731 1564 4780 tn't.
1580 4727 1620 4792 pl.

301 4799 340 4850 11.
361 4825 389 4837 -
429 4800 473 4850 18.
501 4801 550 4851 Sed
575 4815 615 4852 me
632 4800 694 4850 hoec
712 4800 758 4853 lus
790 4801 840 4852 Sed
857 4803 919 4852 heae
944 4802 975 4853 11.
1009 4825 1039 4838 -·
1077 4803 1120 4854 19.
1147 4803 1219 4854 Fert.
1248 4803 1305 4854 etto
1327 4803 1475 4854 mouebant.
1512 4800 1553 4851 CI.
1573 4812 1622 4863 pro

302 4868 390 4920 Sentio
408 4883 434 4920 a.
453 4870 496 4920 18.
517 4867 546 4933 R.
559 4871 603 4921 to.
619 4869 670 4922 Or.
689 4893 717 4905 -·
736 4871 781 4922 21.
800 4879 826 4922 at
844 4877 907 4922 ants
925 4873 984 4922 dtas·
1000 4886 1056 4922 om.
1069 4872 1108 4923 u.
1124 4897 1154 4910 ·-
1174 4873 1218 4925 27.
1236 4876 1323 4938 tprum
1338 4872 1381 4924 hl:
1400 4874 1455 4936 tpsa
1471 4871 1620 4922 Ernesttua.

301 4938 343 4990 Cf.
362 4939 412 5004 Rp.
432 4940 476 4992 13.
496 4936 526 5003 R.
546 4941 572 4991 1.
595 4965 623 4978 -·
661 4940 706 4991 34.
726 4941 756 4990 tn
773 4941 812 4994 u.
830 4943 915 4993 Busta
934 4941 955 4996 1.
976 4943 1021 4993 Fr.
1040 4943 1204 4996 tirunculus.
