3662 5892
285 434 348 494 750
792 429 849 488 ΕΡ.
873 429 924 488 ΑΙ)
948 427 1118 490 ATTlCUM

285 609 354 654 eam
384 607 452 650 rem
482 595 515 650 tn
546 585 725 658 adiuvares,
760 585 957 668 Atticumque
984 593 1141 656 nostrum,
1174 583 1263 648 cuius
1286 593 1322 646 te
1352 584 1530 653 studiosum
1563 609 1621 650 co-

287 681 396 767 gnovi,
420 691 452 746 et
472 699 539 753 me,
563 679 617 764 qui
638 699 701 744 non
717 678 819 742 minus
849 677 977 750 laboro,
1001 677 1141 742 molestia
1160 676 1320 743 liberares.
1358 677 1510 744 Omnibus
1532 680 1620 744 enim

155 864 158 874 Ι
185 775 193 792 ’
291 774 388 840 rebus
409 794 520 858 magna
542 793 635 845 curn,
664 771 760 837 multa
783 792 879 857 opera
902 783 934 837 et
954 771 1063 837 labore
1085 770 1252 862 ⁰⁰¹¹s⁶⁰‚,¹l}›
1282 775 1314 836 in
1337 781 1368 835 te
1391 773 1527 857 positum
1550 785 1618 845 est,

287 879 320 936 ut
335 881 460 934 nostrae
475 853 806 932 sollicitudinisffirem
830 867 1074 952 quamprimum
1096 865 1199 929 facere
1219 868 1401 958 possimus„
1419 869 1616 954 Quamquam

265 962 487 1047 =·intelligimus
516 981 551 1024 ea
581 969 611 1025 te
641 981 711 1025 essa
739 960 921 1045 prudentia,
951 969 985 1025 ut
1011 959 1133 1032 videas,
1169 958 1196 1023 si
1225 980 1261 1024 ea
1284 959 1408 1025 decreta
1436 961 1614 1034 consulum,

286 1055 427 1143 quaeda
450 1055 590 1120 Caesaris
612 1055 687 1118 actis
708 1053 891 1140 interposita
914 1066 1000 1126 sunt,
1030 1074 1094 1119 non
1124 1061 1302 1126 serventur,
1329 1073 1471 1138 magnam
1493 1067 1615 1140 pertur-

285 1149 444 1215 bationem
467 1171 576 1213 rerum
597 1149 676 1214 fore.
718 1152 751 1213 e.
774 1149 944 1234 Equidem,
967 1169 1038 1213 cum
1062 1147 1213 1212 multa-
1234 1146 1319 1232 quod
1341 1167 1468 1212 neeesse
1493 1160 1559 1214 erat
1581 1150 1614 1214 in

287 1253 367 1309 tanta
398 1243 662 1328 occupatione-
687 1263 750 1308 non
781 1240 969 1328 probentur,
999 1263 1078 1328 quae
1101 1244 1214 1306 Caesar
1240 1241 1399 1314 statuerit,
1431 1253 1535 1307 tamen
1557 1242 1613 1308 otii

287 1337 435 1424 pacisque
464 1358 555 1402 causa
583 1337 737 1402 acerrime
769 1337 820 1401 illa
849 1337 937 1401 soleo
967 1335 1154 1412 delendere;
1191 1334 1275 1420 quod
1304 1335 1360 1400 tibi
1388 1335 1472 1402 idem
1501 1358 1615 1421 magno

253 1450 384 1517 mopere
407 1431 583 1497 laciendum
605 1452 734 1508 censeo;
765 1452 953 1516 quamquam
983 1431 1059 1495 baec
1081 1429 1211 1515 epistola
1234 1451 1298 1494 non
1320 1430 1461 1494 suasoris
1483 1442 1529 1496 est
1557 1430 1612 1495 sed

287 1528 454 1612 rogatoris.
497 1527 612 1610 Igitur,
636 1526 679 1590 mi
694 1525 824 1597 Plance,
846 1544 925 1609 rogo
948 1534 977 1590 te
1001 1534 1032 1588 et
1054 1525 1145 1588 etiam
1169 1545 1243 1596 oro,
1266 1525 1311 1589 sic
1334 1524 1558 1598 mediusfidius,
1580 1534 1616 1588 ut

287 1621 408 1686 maiore
431 1620 534 1687 studio
557 1619 718 1705 magisque
741 1639 780 1684 ex
804 1619 908 1685 animo
930 1638 1023 1703 agere
1046 1638 1108 1683 non
1130 1619 1265 1703 possim,
1299 1627 1334 1683 nt
1357 1628 1455 1683 totum
1478 1617 1537 1682 boc
1561 1638 1618 1680 ne-

287 1715 407 1801 gotium
429 1715 471 1779 ita
494 1733 581 1798 agas,
603 1711 646 1777 ita
669 1721 797 1784 tractes,
821 1712 862 1776 ita
879 1711 1040 1783 conficias,
1063 1723 1113 1784 ut,
1137 1711 1223 1796 quod
1244 1711 1311 1777 sine
1335 1711 1397 1777 ulla
1420 1709 1616 1776 dubitatione

287 1809 368 1896 apud
391 1809 535 1875 consules
558 1807 750 1874 obtinuimus
772 1815 903 1891 propter
919 1827 1070 1871 summam
1094 1806 1264 1872 bonitatem
1288 1815 1319 1870 et
1334 1806 1521 1891 aequitatem
1542 1827 1617 1870 cau-

256 1923 354 1976 tnsae,
385 1901 416 1966 id
440 1917 473 1966 tu
502 1923 560 1968 nos
583 1900 756 1968 obtinuisse
785 1921 848 1964 non
871 1899 967 1966 modo
990 1899 1079 1966 facile
1102 1900 1237 1986 patiare,
1267 1899 1320 1965 sed
1351 1901 1443 1965 etiam
1470 1899 1616 1984 gaudeas.

288 1999 357 2074 Qua
380 1995 507 2082 quidem
530 1996 688 2062 voluntate
711 2003 741 2060 te
767 2016 835 2060 esse
860 2015 933 2080 erga
956 1994 1089 2060 Atticum
1112 2016 1204 2079 saepe
1225 2015 1372 2080 praesens
1395 1995 1490 2059 atilli
1512 2005 1614 2057 osten·

288 2089 359 2156 disti
390 2099 521 2156 atvero
550 2091 643 2156 etiarn
666 2089 752 2154 mibi.
797 2087 891 2166 Quod
914 2093 939 2154 si
962 2089 1090 2162 leceris,
1120 2109 1187 2162 me,
1214 2111 1308 2174 quem
1330 2089 1489 2153 voluntate
1510 2097 1542 2151 et
1561 2107 1616 2170 pa-

288 2193 375 2248 terna
397 2183 627 2250 necessitudine
646 2184 846 2249 coniunctum
864 2204 989 2268 semper
1008 2182 1155 2257 habuisti,
1179 2183 1318 2247 maximo
1333 2181 1487 2246 beneficio
1509 2181 1614 2246 devin-

288 2289 371 2342 ctum
394 2276 537 2356 babebis;
560 2276 655 2364 idque
677 2286 712 2342 ut
732 2275 843 2350 iacias,
867 2287 896 2342 te
927 2277 1128 2342 vehementer
1150 2277 1242 2342 etiam
1265 2287 1358 2363 atque
1380 2277 1473 2342 etiam
1495 2296 1584 2360 rogo.

250 2439 279 2480 ’111
941 2421 974 2484 C.

701 2541 844 2604 CICERO
870 2540 1052 2606 CAPITONI
1074 2540 1149 2604 SUO
1173 2543 1203 2604 S.

378 2666 427 2727 1⁰.
456 2666 620 2747 Nunquam
648 2659 754 2745 putavi
776 2658 862 2736 lore,
892 2670 927 2726 ut
948 2659 1081 2746 supplex
1108 2658 1147 2724 ad
1170 2670 1200 2724 te
1223 2661 1362 2725 venirem
1370 2683 1380 2740 ;
1410 2660 1466 2726 sed
1488 2661 1616 2726 hercule

288 2754 377 2820 facile
405 2755 508 2840 patior
535 2754 640 2819 datum
668 2763 806 2839 tempus,
836 2754 954 2840 inquo
985 2775 1124 2818 amorem
1151 2755 1316 2838 experirer
1337 2765 1436 2819 tuum.
1479 2755 1615 2821 Atticum

288 2850 395 2936 quanti
418 2848 545 2923 faciam,
568 2849 638 2914 scis.
682 2847 802 2914 Amabo
824 2859 869 2922 te,
894 2848 932 2912 da
955 2847 1030 2912 mibi
1054 2856 1084 2911 et
1107 2846 1180 2911 boc:
1204 2845 1391 2912 obliviscere
1414 2869 1484 2912 mea
1507 2869 1614 2921 causa,

159 3010 164 3019 ,
249 2943 375 3008 nillum
397 2942 565 3029 aliqnando
587 2964 645 3008 suo
666 2942 828 3016 familiari,
856 2941 1038 3028 adversario
1059 2951 1131 3013 tuo,
1161 2939 1299 3004 voluisse
1326 2941 1518 3017 consultum,
1545 2962 1616 3006 curn

288 3037 371 3103 illius
394 3037 583 3102 existimatio
606 3045 762 3122 ageretur.
807 3041 874 3101 Hoc
897 3036 1033 3120 primum
1057 3034 1220 3120 ignoscere
1242 3045 1291 3098 est
1311 3034 1509 3100 humanitatis
1524 3044 1613 3113 tnae;

288 3151 362 3196 suos
385 3131 468 3196 enim
483 3131 616 3216 quisque
632 3130 725 3196 debet
747 3135 846 3206 tueri;
869 3128 997 3202 deinde,
1020 3126 1047 3194 si
1068 3149 1119 3192 me
1141 3149 1226 3192 amas
1240 3165 1279 3175 —
1296 3129 1404 3194 omitte
1420 3127 1614 3202 atticum-,

288 3225 432 3290 Ciceroni
453 3237 526 3300 tuo,
554 3245 648 3310 quem
677 3229 782 3309 quanti
812 3224 922 3296 iacias,
954 3243 1029 3308 prae
1057 3231 1087 3286 te
1109 3222 1191 3286 soles
1219 3220 1320 3297 ferra,
1351 3233 1450 3288 totum
1477 3223 1538 3288 boc
1560 3223 1614 3294 da,

288 3329 337 3394 ut,
365 3318 450 3405 quod
478 3339 603 3404 semper
631 3319 823 3391 existimavi,
854 3338 935 3383 nunc
961 3317 1053 3402 plane
1081 3315 1268 3400 intelligam,
1300 3337 1350 3380 me
1378 3339 1395 3382 a
1424 3328 1453 3381 te
1484 3318 1615 3384 multum

251 3444 277 3481 a,
288 3413 397 3476 amari.
437 3416 486 3478 11.
508 3411 690 3477 Buthrotios
713 3432 784 3476 cum
801 3415 915 3478 Caesar
937 3411 1065 3475 decreto
1087 3430 1159 3484 suo,
1183 3406 1268 3495 quod
1291 3429 1351 3496 ego
1367 3410 1530 3497 obsignavi
1545 3433 1614 3476 cum

290 3506 395 3570 multis
410 3505 607 3590 amplissimis
627 3505 715 3579 viris,
739 3504 936 3570 liberavisset
950 3501 1198 3589 ostendissetque
1212 3502 1318 3578 nobis,
1341 3526 1391 3580 se,
1414 3527 1484 3571 cum
1499 3505 1614 3592 agrarii

289 3620 376 3664 mare
398 3600 598 3672 transissent,
629 3599 748 3664 litteras
771 3601 957 3672 missurum,
987 3619 1080 3686 quem
1101 3597 1134 3661 in
1157 3617 1266 3680 agrum
1290 3596 1535 3672 deducerentur,
1567 3619 1616 3662 ae

288 3692 380 3767 cidit,
409 3703 444 3757 ut
465 3691 569 3758 subito
590 3693 642 3756 ille
665 3693 818 3758 interiret.
861 3692 995 3764 Deinde,
1028 3690 1292 3778 quemadmodum
1319 3702 1352 3758 tu
1375 3695 1497 3759 scis-
1520 3696 1614 3759 inter·

289 3784 375 3850 luisti
398 3786 479 3850 enim
497 3821 554 3858 —‚
577 3807 649 3850 cum
671 3787 816 3850 consules
838 3795 1001 3871 oporteret
1023 3808 1062 3850 ex
1077 3799 1201 3851 senatus
1224 3787 1366 3851 consulto
1389 3787 1427 3853 de
1449 3789 1525 3853 actis
1542 3792 1615 3855 Cae

250 3880 368 3952 n5saris
390 3900 596 3962 cognoscere,
628 3901 678 3944 res
700 3878 739 3943 ab
762 3880 800 3943 iis
823 3879 855 3942 in
877 3880 943 3944 Kal.
966 3883 1034 3942 Iun.
1057 3878 1150 3945 dilata
1172 3889 1229 3945 est.
1273 3880 1409 3946 Accessit
1430 3881 1469 3946 ad
1492 3891 1615 3946 senatus

288 3972 464 4038 consultum
485 3974 553 4046 lex,
577 3994 657 4058 quae
681 3975 741 4038 iata
763 3982 810 4039 est
831 3972 1155 4052 a.d.1v.N0n.lun.;
1182 3995 1262 4061 quae
1284 3976 1335 4039 lex
1357 3993 1474 4039 nnnvu
1491 3993 1614 4044 nenvu.

289 4086 374 4142 ovas
397 4071 528 4132 Cassan
558 4087 775 4142 srarvrsser,
803 4087 1047 4143 uncaevrsser,
1076 4088 1230 4144 censer,
1262 4067 1442 4134 consulibus
1464 4069 1617 4152 cognitio

357 4306 383 4356 5.
404 4306 520 4355 cometes
539 4305 590 4356 1111.
613 4329 643 4340 -
664 4305 690 4356 (t.
710 4308 764 4355 rint
782 4307 856 4357 11111.
886 4307 973 4362 (Corr.
990 4309 1017 4358 in
1032 4309 1071 4356 Vb
1084 4314 1110 4357 et
1123 4321 1138 4358 e
1151 4308 1216 4358 Cod.
1232 4309 1259 4357 in
1274 4323 1328 4370 mg.
1342 4308 1447 4370 Repett.
1462 4306 1570 4356 lamba
1583 4332 1613 4340 -

287 4389 342 4425 non
360 4382 497 4426 seruentur
514 4373 650 4438 magnum]
671 4378 723 4426 nin
743 4377 786 4426 bis
805 4379 895 4428 verbis
915 4379 1013 4428 desinit
1026 4379 1114 4428 Codex
1128 4378 1196 4442 (bl),
1218 4393 1271 4429 non
1284 4379 1355 4442 quod
1376 4377 1487 4428 mutilus
1500 4378 1546 4436 sit,
1569 4377 1615 4426 sed

287 4448 350 4512 quia
376 4448 490 4510 scriptor
513 4447 585 4495 baud
611 4447 680 4496 ultra
707 4449 844 4508 processit.
883 4450 1042 4498 Immediate
1067 4452 1140 4498 enim
1165 4451 1309 4512 posthaec
1328 4449 1423 4508 verba,
1452 4449 1550 4511 quibus
1576 4447 1618 4496 ul-

287 4519 352 4567 tima
372 4519 488 4580 paginae
507 4517 579 4566 linea
598 4516 656 4566 iere
674 4519 838 4578 absolvitur,
860 4519 971 4582 legitur:
1004 4519 1055 4566 Hac
1075 4519 1194 4569 liberent
1214 4519 1312 4570 calnae·
1332 4519 1411 4582 Ppsra'
1428 4519 1459 4568 da
1476 4517 1615 4582 Stiqnuno.

287 4590 325 4636 Aa
346 4601 416 4650 pone
434 4589 571 4651 seqnitur:
600 4587 721 4636 linuatus
740 4588 887 4638 Acciaiolns
906 4592 966 4639 emit
986 4603 1004 4637 a
1022 4589 1128 4638 Donato
1144 4589 1270 4651 Aeetine,
1291 4589 1424 4639 leonardi
1442 4589 1526 4654 filio.»
1559 4589 1617 4637 Det

287 4659 385 4708 Funis.
416 4683 445 4694 -
485 4660 527 4707 11.
550 4665 574 4705 et
594 4655 683 4720 ettam]
703 4658 758 4708 Cir.
779 4659 857 4708 Hand
879 4661 958 4710 Turs.
979 4660 1015 4709 ll.
1036 4675 1061 4721 p.
1082 4661 1134 4708 521
1153 4665 1179 4709 et
1198 4661 1259 4711 551.
1287 4685 1319 4696 -
1355 4655 1498 4723 orelroqo
1518 4660 1616 4709 iterum

257 4750 258 4759 .
287 4728 372 4777 11.-
409 4729 673 4778 1111151111.-
713 4743 863 4792 nonageno
882 4731 911 4780 n.
942 4754 972 4765 —
1009 4730 1052 4779 to.
1071 4731 1208 4781 voluntate
1227 4739 1252 4780 te
1272 4742 1324 4780 essa
1341 4729 1502 4778 Lambinus:
1524 4728 1617 4778 volun·

288 4802 342 4848 tata
361 4811 411 4847 aare
431 4799 498 4848 RlE.
529 4798 584 4848 Cir.
605 4799 683 4847 lland
704 4799 738 4848 ad
757 4799 897 4863 Wopkens
917 4815 942 4864 p.
963 4800 1006 4848 15.
1030 4825 1056 4835 -
1086 4801 1128 4849 17.
1147 4815 1221 4864 qoem
1239 4802 1404 4850 volantatem
1422 4801 1481 4854 (siat
1500 4803 1616 4861 atquem

286 4874 400 4930 poteram
418 4869 439 4917 1.
463 4893 491 4902 -
517 4870 562 4918 21.
582 4875 607 4920 at
622 4867 681 4932 herl
701 4868 756 4918 Cir.
779 4870 856 4920 Hand
877 4871 954 4920 Tura.
977 4870 1010 4919 11.
1033 4883 1058 4931 p.
1079 4869 1141 4920 518.
1162 4897 1194 4906 —-
1218 4871 1261 4920 25.
1282 4871 1396 4920 nonnoso
1414 4870 1435 4918 1.
1460 4894 1489 4905 -
1515 4868 1559 4918 28.
1580 4870 1616 4916 dn

287 4953 341 4994 om.
364 4937 408 4987 nt.
437 4938 584 4997 (insertum
604 4953 635 4990 er
655 4939 707 4990 liz.
738 4939 792 4988 Cir.
812 4941 942 4991 Matthiae
960 4940 993 4989 ad
1014 4941 1080 5002 Epp.
1100 4940 1151 4990 sel.
1172 4955 1197 5003 p.
1219 4937 1292 5003 ³13.)
1315 4965 1344 4976 -
1368 4939 1412 4990 19.
1431 4939 1541 4990 mauram
1559 4953 1614 4988 orn.

289 5008 362 5056 1.-
401 5009 547 5058 3511111.
572 5033 597 5042 -
636 5009 734 5060 elini.
755 5010 816 5061 lun.
838 5012 868 5060 11.
890 5035 922 5046 --
956 5010 1330 5061 Arcesstt--lataestonn
1352 5011 1384 5060 R·
1404 5031 1434 5046 -
1474 5009 1517 5060 31.
1540 5023 1567 5060 u.
1587 5009 1614 5056 d.

289 5074 339 5140 11.]
360 5078 396 5126 od
413 5092 457 5127 m.
479 5079 524 5128 nt.
1525 5101 1526 5108 .
