3656 5868
331 437 372 500 98
766 435 1041 499 EPISTOLlllUM
1061 437 1113 499 ab
1135 437 1227 501 Fani.

331 616 391 680 ego
420 593 554 668 vellem,
587 591 745 680 reciperas
777 591 935 658 fortunam
968 600 1000 656 et
1021 591 1203 676 dignitatem
1224 601 1325 669 mam,
1354 592 1431 658 mibi
1452 613 1516 660 uon
1537 593 1654 660 minori

330 709 427 754 curae
449 697 511 763 est,
534 709 627 774 pam
649 685 704 751 tibi
727 707 854 772 semper
873 685 1001 750 fuerumt
1022 706 1111 751 casus
1133 691 1205 750 mei.
1247 691 1356 773 Itaque
1377 696 1409 752 et
1428 689 1654 754 Postumuleno

331 793 363 847 et
385 787 486 848 Sestio
519 791 550 846 et
571 781 751 868 saepissime
773 781 874 846 Attico
896 787 1006 845 nostro
1029 785 1237 866 proximeque
1259 781 1421 857 Theudae,
1443 781 1559 864 liberto
1580 791 1652 855 tuo,

331 884 433 943 lotum
468 897 518 941 mc
547 875 679 962 patefeci
710 883 741 940 et
771 873 918 940 bacchis
941 874 1070 958 singulis
1092 895 1185 960 saepe
1208 874 1291 947 dixi,
1319 896 1503 963 quacunque
1524 895 1561 939 re
1581 894 1655 960 pos-

308 991 414 1045 ssem,
447 991 499 1035 me
521 968 576 1035 tibi
599 979 630 1034 et
651 969 757 1034 liberis
778 969 840 1034 tuis
862 967 1041 1033 satisfacere
1063 989 1195 1055 cupere3
1231 967 1326 1056 idque
1349 981 1382 1035 tu
1404 970 1444 1035 ad
1465 981 1536 1036 tuos
1557 967 1652 1033 velim

331 1062 467 1138 scribas,
500 1063 576 1128 haec
603 1063 730 1150 quidem
759 1073 860 1137 certe,
893 1083 972 1148 quae
1005 1061 1038 1126 iu
1065 1071 1218 1149 potestate
1247 1085 1316 1128 mea
1338 1073 1424 1138 sunt,
1446 1073 1481 1130 ut
1502 1083 1651 1148 operam,

331 1158 511 1233 consilium,
537 1179 622 1233 rem,
656 1157 749 1222 iidem
771 1178 873 1222 meam
896 1155 956 1221 sibi
977 1155 1017 1220 ad
1038 1176 1148 1222 omnes
1169 1179 1221 1223 res
1242 1167 1382 1244 paratam
1404 1165 1524 1245 putent.
1567 1159 1597 1220 2.
1619 1156 1652 1221 si

331 1250 514 1318 auctoritate
536 1260 568 1316 et
588 1257 686 1336 gratia
711 1259 829 1316 tantum
851 1270 994 1336 possem,
1029 1251 1233 1337 quantumin
1256 1273 1293 1318 ea
1313 1274 1350 1317 re
1370 1250 1508 1338 publica,
1531 1248 1570 1314 de
1591 1271 1652 1336 qua

331 1346 374 1411 ita
396 1345 526 1410 meritus
548 1367 640 1420 sum,
667 1366 761 1431 posse
783 1344 948 1418 deberem,
982 1352 1016 1410 tu
1038 1365 1164 1432 quoque
1185 1345 1212 1410 is
1235 1367 1338 1419 esses,
1376 1347 1431 1434 qui
1450 1345 1554 1416 luisti,
1582 1365 1652 1410 cum

296 1439 418 1505 soomni
439 1439 539 1525 gradu
567 1437 757 1524 amplissimo
787 1436 1007 1523 dignissimus,
1045 1451 1110 1506 tum
1140 1448 1224 1504 certe
1252 1440 1370 1506 ordinis
1391 1445 1436 1505 tui
1458 1439 1548 1504 facile
1568 1440 1652 1525 prin·

331 1555 415 1620 ceps.
459 1532 520 1598 Sed
542 1533 690 1620 quoniam
712 1531 823 1597 eodem
837 1542 979 1618 tempore
998 1534 1170 1621 eademque
1192 1535 1231 1599 de
1253 1555 1345 1600 causa
1363 1540 1504 1600 nostruin
1519 1543 1652 1622 uterque

331 1627 463 1704 cecidit,
485 1626 543 1691 tibi
565 1636 595 1690 et
616 1627 669 1691 illa
691 1626 858 1712 polliceor,
880 1648 961 1713 quae
983 1649 1078 1714 supra
1099 1629 1225 1713 scripsi,
1249 1649 1328 1716 quae
1350 1637 1422 1694 sunt
1442 1628 1544 1694 adbuc
1565 1649 1651 1703 mea,

331 1730 363 1786 et
384 1743 436 1795 ea,
460 1743 541 1807 quae
561 1729 724 1808 praeterea
746 1720 859 1786 videor
879 1720 956 1785 mibi
978 1743 1019 1786 ex
1041 1723 1145 1810 aliqua
1165 1731 1254 1808 parte
1276 1723 1413 1787 retinere
1433 1731 1590 1811 tamquam
1612 1743 1652 1787 ex

329 1815 473 1902 reliquiis
493 1816 641 1902 pristinae
664 1814 831 1901 dignitatis.
878 1818 987 1901 Neque
1014 1817 1097 1881 enim
1124 1817 1191 1902 ipse
1214 1821 1345 1890 Caesar,
1374 1825 1410 1882 ut
1430 1817 1535 1883 multis
1555 1817 1652 1882 rebus

295 1910 504 1995 saintelligere
526 1909 630 1996 potui,
668 1919 715 1975 est
736 1909 856 1974 alienus
877 1929 895 1972 a
918 1908 1023 1984 nobis,
1054 1920 1085 1975 et
1106 1931 1215 1976 omnes
1243 1909 1310 1975 sere
1331 1909 1564 1976 familiarissimi
1586 1913 1652 1976 eius

330 2026 404 2071 casu
426 2005 561 2070 devincti
582 2003 703 2088 magnis
735 2003 814 2068 meis
843 2002 1002 2068 veteribus
1032 2004 1141 2068 officiis
1174 2025 1224 2068 me
1246 2004 1412 2090 diligenter
1433 2006 1602 2071 observant
1622 2016 1653 2071 et

330 2100 445 2165 colunt.
502 2104 609 2184 ltaque
642 2098 746 2184 siqui
773 2096 849 2161 mihi
871 2097 931 2161 erit
951 2097 1052 2162 aditus
1075 2098 1114 2163 de
1135 2099 1197 2164 tuis
1222 2098 1373 2174 fortunis,
1402 2098 1516 2173 idest,
1539 2100 1653 2165 detua

330 2191 557 2267 incolumitate,
579 2193 612 2257 in
634 2213 694 2280 qua
717 2201 789 2256 suut
810 2190 931 2266 omnia,
954 2191 1066 2275 agendi
1087 2221 1128 2235 —
1151 2190 1378 2279 quodquidam
1393 2192 1533 2279 quotidie
1554 2193 1653 2278 magis

331 2307 372 2351 ex
393 2307 504 2351 eorum
526 2285 725 2350 sermonibus
747 2283 888 2349 adducor
908 2291 944 2348 ut
965 2305 1089 2370 sperem
1111 2321 1169 2359 -‚
1192 2306 1282 2370 agam
1303 2307 1361 2372 per
1382 2308 1432 2351 me
1454 2288 1521 2373 ipse
1541 2297 1572 2352 et
1586 2308 1654 2351 mo-

176 2393 190 2439 a
293 2380 398 2444 soliar.
442 2383 472 2444 3.
495 2379 622 2464 Singula
643 2377 790 2464 persequi
812 2397 875 2442 non
897 2386 945 2441 est
964 2399 1108 2457 necesse;
1131 2383 1314 2445 universum
1336 2379 1473 2446 studium
1494 2389 1654 2447 meumst

329 2471 579 2538 benevolentiam
613 2471 653 2536 ad
685 2479 715 2536 te
744 2470 862 2535 delero.
917 2470 980 2536 Sed
1002 2472 1105 2557 magni
1127 2494 1196 2537 mea
1218 2472 1347 2539 interest
1368 2475 1428 2539 boc
1450 2485 1521 2540 tuos
1543 2495 1652 2539 omnes

331 2567 425 2640 scire,
448 2567 533 2652 quod
555 2566 616 2631 tuis
637 2564 748 2631 litteris
763 2563 832 2630 beri
845 2575 964 2651 potest,
986 2576 1022 2630 ut
1035 2565 1222 2651 intelligant,
1245 2569 1349 2633 omnia
1365 2568 1522 2635 Ciceronis
1543 2576 1652 2654 patere

331 2658 500 2725 Trebiano.
543 2663 611 2724 Hoc
632 2679 671 2725 eo
693 2663 843 2745 pertinet,
881 2667 915 2723 ut
936 2658 1011 2723 nibil
1033 2660 1212 2726 existiment
1232 2682 1301 2726 esse
1322 2671 1385 2728 um
1407 2662 1545 2738 difficile,
1566 2662 1652 2750 quod

330 2775 395 2819 uon
415 2774 475 2840 pro
498 2761 528 2817 te
550 2753 625 2819 mihi
647 2763 825 2838 susceptum
845 2752 1015 2818 iucundum
1038 2754 1079 2818 sit
1099 2752 1250 2820 saturum.

294 2867 322 2907 ss
414 2853 446 2913 4.
467 2852 567 2912 Antea
588 2847 742 2913 misissem
764 2846 803 2911 ad
825 2857 855 2912 te
877 2846 1010 2921 litteras,
1042 2851 1067 2912 si
1090 2868 1187 2932 genus
1210 2847 1365 2914 scribendi
1387 2850 1577 2927 invenirem;
1599 2849 1652 2914 tali

332 2941 415 3006 enim
448 2951 590 3027 tempore
623 2951 677 3007 aut
705 2940 862 3006 consolari
889 2939 1061 3006 amicorum
1090 2952 1137 3007 est
1166 2948 1220 3007 aut
1239 2943 1392 3027 polliceri.
1435 2943 1652 3010 Consolatione

330 3055 395 3102 non
415 3035 543 3110 utebar,
571 3036 656 3123 quod
678 3058 719 3101 ex
741 3036 846 3100 multis
867 3034 1048 3109 audiebam,
1082 3057 1175 3122 wem
1197 3034 1322 3101 fortiter
1350 3037 1567 3124 sapienterque
1588 3035 1653 3102 fer·

330 3151 384 3196 res
403 3129 549 3195 iniuriam
571 3138 750 3216 temporum
772 3151 929 3216 quamque
951 3138 982 3194 te
1007 3130 1206 3195 vehementer
1228 3131 1444 3196 consolaretur
1465 3131 1651 3197 conscientia

330 3224 484 3290 laetorum
505 3234 536 3289 et
556 3225 760 3290 consiliorum
783 3235 920 3290 tuorum.
981 3224 1075 3300 Quod
1102 3223 1228 3310 quidem
1256 3225 1284 3289 si
1305 3223 1394 3298 lacis,
1417 3246 1563 3308 magnum
1585 3225 1653 3290 iru-

294 3328 416 3384 soctum
437 3316 614 3383 studiorum
636 3322 827 3403 optimorum
849 3322 950 3403 capis,
983 3317 1015 3381 in
1037 3317 1150 3404 quibus
1171 3327 1202 3382 te
1224 3339 1349 3404 semper
1370 3324 1434 3384 scio
1457 3341 1526 3384 esse
1546 3339 1652 3384 versa-

210 3480 215 3489 ,
332 3419 415 3487 tum,
451 3411 546 3498 idque
577 3409 744 3486 ulfacius,
782 3411 874 3475 etiam
896 3420 988 3496 atque
1010 3416 1103 3477 etiam
1126 3419 1156 3475 te
1177 3411 1299 3476 hortor.
1351 3417 1379 3476 5.
1403 3414 1502 3478 Simul
1523 3425 1554 3480 ot
1575 3413 1651 3478 illud

332 3504 407 3580 tibi,
440 3505 559 3574 bomini
589 3505 780 3591 peritissimo
812 3525 920 3569 rerum
948 3514 979 3570 ct
1000 3505 1218 3590 exemplorum
1240 3516 1271 3571 et
1292 3510 1393 3570 omnis
1414 3512 1590 3582 vetustatis,
1613 3527 1651 3571 ue

333 3602 399 3684 ipse
422 3589 548 3683 quidem
570 3598 674 3674 rudis,
709 3597 765 3662 sed
786 3597 819 3672 iu
840 3596 944 3663 studio
966 3603 1070 3663 minus
1091 3597 1239 3674 sortasse,
1277 3620 1371 3685 quam
1391 3599 1519 3677 vellem,
1543 3600 1597 3686 [et]
1619 3601 1652 3665 in

333 3691 429 3758 rebus
442 3701 536 3778 atque
549 3714 610 3757 usu
621 3692 690 3778 plus
703 3696 806 3764 etiam,
820 3711 913 3776 quam
928 3691 1051 3767 vellem,
1067 3701 1208 3758 versatus
1222 3692 1372 3778 spondeo,
1394 3691 1450 3759 tibi
1463 3694 1552 3759 istam
1566 3715 1654 3758 acen

297 3785 459 3853 cubitalem
494 3795 525 3852 ct
552 3786 698 3851 iniuriam
727 3807 790 3850 non
822 3784 968 3849 diuturne
996 3784 1076 3850 lore.
1132 3790 1208 3851 Nam
1238 3787 1378 3872 etipse,
1408 3793 1461 3873 qui
1482 3787 1653 3874 plurimum

333 3889 450 3967 potest,
486 3880 625 3966 quotidie
651 3880 727 3945 mibi
760 3877 862 3943 delabi
891 3877 930 3942 ad
952 3883 1139 3964 aequitatem
1161 3888 1193 3943 et
1213 3879 1253 3945 ad
1272 3901 1380 3945 rerum
1402 3889 1546 3948 naturam
1566 3879 1654 3946 vide·

334 3983 405 4050 tur,
423 3982 460 4060 et
479 3973 547 4060 ipsa
569 3994 662 4039 causa
684 3995 720 4039 ea
742 3983 803 4050 est,
825 3983 860 4038 ut
881 3972 943 4037 iam
965 3973 1058 4038 simul
1080 3993 1151 4038 cum
1173 3972 1362 4059 republica,
1385 3994 1466 4061 quae
1486 3975 1520 4040 in
1540 3993 1653 4060 perpe-

334 4078 424 4134 tuum
444 4067 547 4132 iacere
568 4089 631 4134 nou
652 4077 769 4155 potest,
792 4066 970 4132 necessario
991 4067 1164 4132 revivescat
1185 4076 1278 4154 atque
1300 4078 1475 4147 recreetur;
1497 4068 1654 4155 quotidie-

334 4183 396 4250 que
417 4161 534 4249 aliquid
556 4161 590 4227 lit
610 4163 711 4228 lenius
735 4173 765 4227 et
785 4160 964 4236 liberalius,
986 4181 1081 4247 quam
1101 4160 1298 4226 timebamus.
1342 4164 1429 4239 Quae
1451 4162 1599 4250 quoniam
1618 4160 1652 4224 in

298 4266 513 4344 satemporum
534 4255 783 4322 inclinationibus
804 4275 896 4342 saepe
918 4254 1022 4341 parvis
1045 4254 1145 4339 posita
1166 4263 1255 4330 sunt,
1285 4255 1389 4320 omnia
1411 4264 1566 4322 momenta
1596 4253 1654 4320 ob-

335 4351 530 4420 servabimus
561 4371 663 4437 ueque
690 4351 789 4416 ullum
816 4354 1101 4436 praetermittemus
1127 4349 1173 4413 tui
1193 4349 1321 4415 iuvandi
1343 4359 1375 4414 et
1394 4348 1516 4415 levandi
1537 4349 1651 4413 locum.

336 4453 366 4514 6.
387 4452 495 4533 ltaque
516 4445 594 4510 illud
621 4446 767 4520 alterum,
801 4443 886 4531 quod
907 4443 990 4519 dixi,
1023 4444 1195 4509 litterarum
1217 4464 1316 4529 genus
1337 4443 1477 4531 quotidie
1498 4443 1587 4515 mihi,
1616 4450 1653 4508 ut

405 4614 432 4663 1.
452 4612 582 4673 reciperas
601 4609 684 4660 Taur.
704 4615 729 4660 et
746 4609 793 4661 bl:
824 4621 961 4672 remiperos
978 4606 1009 4656 B.
1030 4633 1062 4643 —
1098 4605 1125 4656 3.
1145 4606 1226 4656 Sestio
1244 4607 1294 4657 M:
1314 4607 1404 4658 Sextio
1421 4608 1452 4658 ll.
1473 4634 1503 4646 -
1540 4608 1569 4658 3.
1586 4620 1650 4670 par·

336 4683 408 4748 tessal
426 4683 463 4732 bl.
484 4703 516 4717 -·
552 4686 577 4730 at
596 4681 657 4730 bueo
674 4680 714 4728 bia
736 4679 845 4744 aiapula's
870 4679 915 4730 M:
951 4684 975 4727 st
993 4677 1105 4726 besalis
1124 4677 1232 4742 sinputs's
1251 4678 1407 4738 Sebiltzius,
1438 4684 1463 4728 st
1490 4679 1525 4728 its
1541 4677 1651 4742 stapulas

336 4751 367 4802 E.
397 4775 428 4788 -
463 4753 490 4803 7.
507 4756 635 4813 paratam
661 4749 708 4801 bl:
738 4757 840 4811 parato
858 4747 888 4798 ll.
909 4772 941 4784 -
971 4744 1010 4810 Si]
1036 4748 1128 4811 ltaque
1145 4749 1168 4796 aa·
1192 4748 1273 4798 Taor.
1307 4773 1337 4784 -
1374 4748 1417 4799 14.
1437 4749 1542 4812 reliquis
1559 4747 1597 4798 is.
1618 4769 1650 4782 -

336 4822 380 4872 13.
399 4819 471 4885 coru]
501 4821 577 4886 quasi
603 4819 668 4870 cod.
697 4820 736 4869 Ite
756 4820 809 4869 ius.
836 4823 908 4875 (coru
925 4817 1071 4868 delendum
1094 4818 1200 4867 censuit
1218 4819 1412 4880 Habuimus,
1432 4820 1508 4882 quasi
1527 4824 1653 4868 ortunae

335 4891 418 4954 gloss.
439 4886 615 4954 Caes(aris)ad
634 4903 661 4940 v.
686 4832 762 4952 ausi)
795 4912 825 4924 -
862 4888 907 4938 25.
931 4887 1022 4940 Novae
1040 4887 1170 4950 epistolas
1189 4889 1295 4938 initium
1313 4889 1357 4939 bio
1374 4889 1476 4939 iaciunt
1494 4888 1650 4948 Manutius,

335 4961 483 5024 Victorius,
501 4959 664 5020 Lambinus,
683 4958 931 5024 uerunt-Lagona.
945 4983 978 4994 -
997 4957 1041 5010 33.
1060 4965 1087 5008 st
1103 4957 1148 5008 M:
1168 4964 1198 5007 ot
1216 4958 1247 5009 E.
1269 4957 1304 5024 (st
1317 4966 1471 5023 suspectum
1483 4954 1608 5023 Oreliio.)
1619 4981 1650 4993 -

334 5037 380 5088 35.
398 5036 519 5084 dicturus
536 5029 581 5080 ii:
601 5030 752 5080 diutarium
770 5029 806 5090 ll,
826 5029 1017 5078 diuturniorem
1033 5029 1159 5080 Ambros.
1179 5027 1222 5078 13.
1241 5043 1272 5080 aa
1291 5029 1340 5093 Ep.
1361 5031 1405 5092 13,
1424 5030 1468 5082 15.
1488 5053 1519 5064 -
1548 5028 1593 5079 38.
1612 5041 1653 5078 ss-

335 5111 447 5160 otosacot
463 5101 510 5154 it:
529 5101 665 5151 motam
683 5100 715 5152 B.
736 5123 767 5136 -
803 5099 847 5150 33.
867 5097 946 5150 lecim
963 5098 1001 5150 bl.
1019 5121 1054 5134 -
1086 5099 1131 5150 40.
1150 5097 1340 5150 clamavimus
1357 5100 1395 5154 M.
