3662 5908
322 403 385 468 274
750 401 1023 468 EPlSTOLARUM
1045 407 1097 468 ab
1119 407 1206 470 thl.

849 945 1000 1005 LIBER
1022 943 1109 1005 XV·

541 1140 620 1212 Ab
661 1138 965 1216 SENATUM
1005 1137 1081 1212 ΕΤ
1120 1136 1426 1215 (juranos.

898 1333 1063 1342 —-.-—-·-

800 1459 826 1521 1.
877 1455 925 1540 (A.
951 1458 984 1521 u.
1006 1459 1039 1523 c.
1060 1455 1145 1540 rea)

384 1587 425 1648 Μ.
448 1582 609 1645 TULLIUS
631 1583 672 1645 Μ.
695 1583 728 1645 F.
751 1581 894 1645 CICERO
917 1581 1081 1643 PROCOS.
1105 1582 1135 1643 S.
1158 1582 1191 1643 P.
1213 1584 1250 1644 D.
1274 1581 1382 1645 COSS.
1405 1583 1567 1645 PRAETT.

775 1677 901 1738 TRlBB.
923 1676 981 1737 PL.
1011 1675 1185 1738 SENATUI.

319 1812 346 1873 1.
391 1787 437 1872 S.
460 1810 497 1870 V.
519 1811 556 1872 V.
579 1809 612 1869 E.
635 1809 669 1869 E.
692 1808 728 1869 E.
751 1806 790 1881 Q.
813 1810 850 1872 V.
901 1803 967 1868 Etsi
989 1825 1051 1869 non
1074 1802 1169 1868 dubie
1191 1802 1268 1868 mihi
1289 1803 1489 1870 nuntiabatur
1510 1803 1645 1870 Parthos

292 1901 462 1973 strausisse
484 1899 674 1986 Euphratem
692 1919 763 1963 eum
779 1895 925 1962 omnibus
947 1896 1015 1962 lere
1033 1897 1098 1963 suis
1120 1897 1234 1983 copiis,
1257 1909 1378 1970 tamen,
1401 1897 1486 1984 quod
1508 1897 1645 1965 arbitra-

189 1991 214 2096 έ
314 1995 410 2060 bara
436 2000 476 2060 M.
498 1993 611 2059 Bibulo
633 1992 822 2082 proconsule
844 1992 980 2056 certiora
1002 1991 1040 2056 de
1068 1991 1117 2056 bis
1143 1990 1241 2057 rebus
1265 1990 1305 2056 ad
1336 2013 1393 2058 vos
1416 1992 1511 2057 scribi
1531 2014 1643 2079 posse,

314 2088 486 2156 statuebam
518 2087 594 2152 mibi
622 2107 685 2152 non
716 2106 843 2150 necesse
865 2107 933 2150 esse
958 2085 1083 2172 publice
1103 2084 1243 2151 seribere
1265 2107 1321 2166 ea,
1350 2107 1430 2172 quae
1452 2086 1491 2151 de
1511 2087 1645 2153 alterius

314 2182 475 2268 provincia
498 2181 724 2245 nuntiarentur.
768 2185 878 2246 Postea
896 2200 1083 2267 veroquam
1099 2180 1279 2245 certissimis
1300 2180 1490 2256 auctoribus,
1513 2182 1642 2266 legatis,

314 2277 445 2352 nuntiis,
478 2275 591 2340 litteris
610 2295 679 2339 sum
706 2279 823 2338 certior
854 2274 968 2348 laetus,
1007 2275 1056 2338 vel
1078 2273 1164 2361 quod
1186 2283 1269 2338 tanta
1295 2295 1346 2339 res
1380 2286 1447 2341 erat
1476 2276 1525 2341 vel
1553 2277 1642 2363 quod

278 2372 453 2438 ronondum
482 2368 683 2434 audieramus
707 2367 853 2434 Bibulum
880 2368 914 2433 in
940 2373 1063 2456 Syriam
1095 2368 1219 2433 venisse
1246 2367 1296 2433 vel
1322 2369 1396 2454 quia
1411 2369 1642 2436 administratio

315 2464 405 2530 huius
433 2462 508 2527 belli
533 2463 610 2527 mihi
638 2483 709 2528 eum
732 2461 844 2528 Bibulo
867 2482 967 2548 paene
989 2471 1036 2527 est
1060 2463 1254 2537 communis,
1291 2483 1372 2548 quae
1394 2463 1434 2527 ad
1459 2485 1511 2528 me
1538 2464 1642 2530 delata

204 2553 228 2653 J
314 2566 434 2632 essent,
471 2555 636 2622 scribenda
658 2556 697 2622 ad
723 2577 779 2621 vos
801 2556 918 2641 putavi.
957 2561 1005 2626 ,2.
1028 2556 1120 2647 Regis
1149 2555 1294 2622 Antiochi
1323 2559 1524 2643 Commageni
1546 2559 1641 2643 legati

313 2651 409 2739 primi
446 2650 522 2714 mibi
560 2651 743 2717 nuntiarunt
769 2650 955 2716 Parthorum
988 2671 1114 2734 magnas
1150 2651 1258 2736 copias
1292 2649 1482 2737 Euphratem
1505 2658 1641 2718 transire

314 2745 464 2832 coepisse.
509 2747 581 2822 Quo
603 2745 712 2811 nuntio
731 2744 840 2818 allato,
864 2766 936 2810 cum
962 2755 1066 2810 essent
1086 2745 1242 2820 nonnulli,
1266 2745 1320 2832 qui
1347 2745 1376 2810 ei
1397 2747 1464 2830 regi
1484 2747 1640 2812 minorem

279 2839 406 2908 nfidem
437 2837 610 2903 hahendam
643 2849 804 2924 putarent,
835 2839 929 2904 statui
959 2838 1204 2924 exspectandum
1236 2860 1322 2912 esse,
1359 2839 1386 2904 si
1415 2838 1490 2926 quid
1523 2841 1641 2906 certius

315 2933 491 3000 afferretur.
541 2939 577 2999 Α.
599 2931 630 2998 d.
652 2953 731 2999 1111.
754 2932 907 2998 Kalendas
931 2932 1059 2998 Octobr.
1082 2954 1152 2998 cum
1174 2933 1348 2998 exercitum
1367 2933 1400 2999 in
1421 2933 1559 2998 Ciliciam
1582 2933 1641 3000 du·

313 3049 433 3101 cerem,
456 3030 488 3091 in
510 3025 624 3092 finibus
642 3027 814 3116 Lycaoniae
841 3035 871 3091 et
897 3027 1111 3112 Cappadociae
1135 3025 1210 3090 mihi
1230 3026 1351 3092 litterae
1370 3026 1511 3093 redditae
1533 3039 1641 3094 sunta

314 3120 571 3196 Tarcondimoto,
601 3125 654 3207 qui
675 3119 874 3186 fidelissimus
896 3120 999 3186 socius
1022 3130 1108 3186 trans
1128 3125 1265 3184 'laurum
1288 3119 1557 3209 amicissimusque
1583 3145 1640 3210 po-

210 3214 215 3227 '
314 3215 381 3302 puli
413 3214 545 3280 Romani
571 3214 784 3280 existimatur:
817 3218 970 3281 Pacorum
999 3215 1099 3279 Orodi
1125 3212 1211 3305 repis
1238 3213 1424 3279 Parthorum
1449 3214 1546 3281 lilium
1568 3237 1639 3282 cum

190 3306 202 3316 ”
276 3327 485 3395 ropermagno
513 3307 653 3394 equitatu
674 3307 820 3374 Parthico
843 3309 991 3373 transisse
1013 3307 1203 3393 Euphratem
1226 3316 1256 3372 et
1278 3317 1378 3372 castra
1411 3310 1554 3394 posuisse
1581 3317 1640 3398 ly·

314 3401 389 3477 hae,
421 3421 631 3487 magnumque
653 3402 819 3467 tumultum
848 3401 971 3466 esseio
996 3400 1158 3486 provincia
1184 3400 1273 3487 Syria
1296 3400 1476 3466 excitatum.
1519 3402 1639 3468 Eodem

208 3499 230 3598 (s
315 3496 365 3561 die
385 3493 425 3560 ab
452 3493 641 3570 Iamblicho,
677 3494 848 3587 phylarcho
875 3494 1031 3570 Arabum,
1061 3515 1154 3581 quem
1185 3494 1326 3559 hemines
1360 3493 1529 3580 opinantur
1559 3495 1639 3561 hene

315 3595 431 3655 sentire
460 3589 657 3675 amicumque
692 3610 760 3654 esse
795 3589 843 3654 rei
864 3589 1007 3675 publicae
1032 3599 1173 3662 nostrae,
1211 3588 1334 3653 litterae
1362 3587 1401 3653 de
1423 3588 1521 3654 isdem
1544 3589 1640 3655 rebus

316 3682 392 3748 mibi
415 3681 552 3748 redditae
574 3691 655 3748 suut.
697 3688 727 3748 3.
750 3683 806 3748 llis
826 3682 923 3748 rebus
940 3682 1056 3758 allatis,
1080 3683 1137 3747 etsi
1158 3681 1369 3768 intelligebam
1391 3682 1495 3747 socios
1516 3683 1640 3747 inlirme

279 3777 467 3844 reanimatus
484 3797 552 3841 esse
573 3785 766 3842 etnovarum
778 3797 888 3841 rerum
903 3777 1134 3862 exspectatione
1151 3796 1334 3861 suspensos,
1357 3775 1521 3862 sperabam
1538 3785 1641 3842 umen

316 3891 388 3944 eos,
421 3869 460 3934 ad
483 3890 563 3957 quos
585 3871 646 3934 iam
673 3891 867 3935 accesseram
893 3871 1010 3957 quique
1028 3880 1168 3936 nostram
1190 3869 1459 3938 mansuetudinem
1483 3869 1642 3954 integrita-

317 3974 442 4050 temque
470 3973 713 4050 perspexerant,
750 3963 916 4029 amiciores
943 3967 1060 4051 populo
1085 3970 1226 4030 ltomano
1252 3986 1321 4030 esse
1349 3964 1463 4039 factos,
1502 3963 1641 4029 Ciliciam

317 4068 420 4124 autem
442 4058 613 4123 firmiorem
638 4058 723 4131 lore,
746 4059 772 4123 si
795 4057 960 4144 aequitatis
982 4070 1107 4124 nostrae
1128 4059 1284 4144 particeps
1307 4057 1387 4123 saeta
1409 4067 1501 4124 esset.
1544 4063 1581 4123 Et
1598 4056 1640 4123 oh

318 4173 387 4216 eam
401 4172 525 4217 causam
541 4161 573 4216 et
593 4159 628 4217 ut
644 4151 900 4238 opprimerentur
914 4153 946 4227 ii,
969 4153 1022 4238 qui
1037 4175 1078 4217 ex
1100 4152 1232 4219 Cilicum
1250 4159 1341 4236 gente
1361 4151 1393 4215 in
1415 4151 1511 4216 armis
1527 4159 1639 4226 essent,

281 4256 349 4312 rost
369 4257 404 4311 ut
426 4246 523 4312 hostis
545 4251 588 4320 is,
625 4251 782 4333 quiesset
805 4245 837 4310 in
860 4247 966 4334 Syria,
989 4248 1084 4312 sciret
1105 4235 1279 4312 eiercitum
1300 4245 1410 4331 populi
1431 4245 1562 4311 Romani
1577 4264 1641 4308 nou

318 4340 415 4406 modo
437 4361 500 4406 nou
522 4339 636 4406 cedere
660 4341 699 4406 iis
720 4340 836 4405 nuntiis
855 4340 972 4416 allatis,
1008 4341 1062 4407 sed
1084 4342 1178 4406 etiam
1197 4340 1328 4426 propius
1345 4339 1514 4412 accedere,
1550 4358 1642 4402 exer-

319 4435 413 4502 citum
435 4435 474 4500 ad
496 4441 635 4501 Taurum
656 4435 776 4500 institui
797 4433 922 4499 ducere.
979 4439 1012 4499 d.
1036 4435 1117 4509 Sed,
1148 4435 1174 4498 si
1195 4434 1270 4520 quid
1291 4433 1371 4518 apud
1394 4453 1451 4498 vos
1473 4431 1640 4498 auctoritas

319 4549 390 4593 mea
417 4529 566 4615 ponderis
597 4528 703 4602 babet,
733 4527 826 4593 iniis
848 4528 1034 4613 praesertim
1060 4527 1172 4602 rebus,
1202 4549 1279 4613 quas
1307 4547 1365 4592 vos
1394 4525 1543 4599 audistis,
1581 4545 1641 4610 ego

319 4643 419 4709 paene
446 4643 557 4698 cerno,
587 4643 700 4707 magno
722 4642 819 4708 opere
847 4643 903 4687 vos
931 4631 962 4686 et
983 4621 1094 4687 hortor
1116 4633 1146 4687 et
1175 4641 1309 4694 moneo,
1344 4619 1448 4684 uthis
1471 4618 1641 4704 provinciis

287 4719 423 4781 asserius
450 4738 505 4782 vos
527 4714 670 4801 quidem,
701 4735 795 4800 quam
819 4713 943 4791 decuit,
966 4715 1022 4781 sed
1044 4714 1211 4802 aliquando
1237 4722 1340 4779 umen
1357 4712 1535 4778 consulatis.
1578 4717 1641 4778 Nos

388 4936 413 4986 4.
434 4935 460 4986 S.
482 4935 511 4984 V.
535 4935 564 4984 V.
585 4934 631 4982 hl:
661 4933 753 4982 Slvos
774 4933 802 4982 V.
822 4933 853 4982 E.
883 4957 911 4968 -
950 4935 993 4984 1³.
1013 4941 1039 4984 et
1057 4936 1100 4984 20.
1134 4935 1286 4997 Euphraten
1302 4933 1330 4982 h.
1350 4931 1370 4982 1.
1389 4932 1420 4981 E·
1451 4955 1478 4965 -
1518 4931 1560 4981 19.
1576 4945 1641 4994 pur·

317 5021 402 5056 cerem
421 5007 457 5056 Μ.
486 5029 519 5039 -
555 5005 599 5054 23.
619 5005 698 5053 isdem
717 5003 760 5052 hl:
780 5004 873 5052 eisdem
892 5003 922 5053 E.
950 5029 982 5039 -
1020 5005 1063 5055 Μ.
1089 5005 1311 5056 mumurtudr'nern
1331 5008 1441 5052 auctore
1459 5001 1583 5052 Ferraria
1602 5003 1639 5052 llr

316 5076 524 5126 consuetudinem
542 5075 573 5124 Ε.
593 5098 627 5107 -
662 5074 758 5156 aare
775 5070 822 5123 M:
841 5073 881 5122 hta
898 5073 936 5126 Μ.
