<?xml version="1.0" encoding="UTF-8"?>
<!DOCTYPE html PUBLIC "-//W3C//DTD XHTML 1.0 Transitional//EN"
    "http://www.w3.org/TR/xhtml1/DTD/xhtml1-transitional.dtd">
<html xmlns="http://www.w3.org/1999/xhtml" xml:lang="en" lang="en">
 <head>
  <title>
</title>
<meta http-equiv="Content-Type" content="text/html;charset=utf-8" />
  <meta name='ocr-system' content='tesseract 3.04.00' />
  <meta name='ocr-capabilities' content='ocr_page ocr_carea ocr_par ocr_line ocrx_word'/>
</head>
<body>
  <div class='ocr_page' id='page_1' title='image "./mtulliiciceroni06baitgoog_0124.png"; bbox 0 0 3656 5868; ppageno 0'>
   <div class='ocr_carea' id='block_1_1' title="bbox 695 417 1511 486">
    <p class='ocr_par' dir='ltr' id='par_1_1' title="bbox 695 417 1511 486">
     <span class='ocr_line' id='line_1_1' title="bbox 695 417 1511 486; baseline 0.005 -4"><span class='ocrx_word' id='word_1_1' title='bbox 695 417 768 482; x_wconf 80' lang='lat' dir='ltr'><strong>tio.</strong></span> <span class='ocrx_word' id='word_1_2' title='bbox 789 418 842 486; x_wconf 82' lang='lat' dir='ltr'><strong>tv.</strong></span> <span class='ocrx_word' id='word_1_3' title='bbox 883 417 943 483; x_wconf 76' lang='grc' dir='ltr'><strong>ΕΡ.</strong></span> <span class='ocrx_word' id='word_1_4' title='bbox 966 421 997 485; x_wconf 87' lang='grc'><strong>5.</strong></span> <span class='ocrx_word' id='word_1_5' title='bbox 1471 421 1511 486; x_wconf 77' lang='lat' dir='ltr'><strong>d&#39;l</strong></span> 
     </span>
    </p>
   </div>
   <div class='ocr_carea' id='block_1_2' title="bbox 116 573 1559 4703">
    <p class='ocr_par' dir='ltr' id='par_1_2' title="bbox 116 573 1559 4703">
     <span class='ocr_line' id='line_1_2' title="bbox 177 573 1512 667; baseline 0.003 -24"><span class='ocrx_word' id='word_1_6' title='bbox 177 574 299 643; x_wconf 80' lang='lat' dir='ltr'><strong>liberos</strong></span> <span class='ocrx_word' id='word_1_7' title='bbox 320 595 362 642; x_wconf 85' lang='lat' dir='ltr'><strong>ex</strong></span> <span class='ocrx_word' id='word_1_8' title='bbox 383 595 454 641; x_wconf 88' lang='lat' dir='ltr'><strong>sese</strong></span> <span class='ocrx_word' id='word_1_9' title='bbox 475 583 616 662; x_wconf 86' lang='lat' dir='ltr'><strong>pareret,</strong></span> <span class='ocrx_word' id='word_1_10' title='bbox 637 593 718 662; x_wconf 80' lang='lat' dir='ltr'><strong>quos</strong></span> <span class='ocrx_word' id='word_1_11' title='bbox 739 595 811 642; x_wconf 90' lang='lat' dir='ltr'><strong>cum</strong></span> <span class='ocrx_word' id='word_1_12' title='bbox 833 573 984 642; x_wconf 76' lang='lat' dir='ltr'><strong>docentes</strong></span> <span class='ocrx_word' id='word_1_13' title='bbox 1002 575 1138 652; x_wconf 85' lang='lat' dir='ltr'><strong>rideret,</strong></span> <span class='ocrx_word' id='word_1_14' title='bbox 1160 577 1353 646; x_wconf 85' lang='lat' dir='ltr'><strong>laetaretart</strong></span> <span class='ocrx_word' id='word_1_15' title='bbox 1374 579 1429 667; x_wconf 78' lang='lat' dir='ltr'><strong>qui</strong></span> <span class='ocrx_word' id='word_1_16' title='bbox 1444 597 1512 646; x_wconf 87' lang='lat' dir='ltr'><strong>rem</strong></span> 
     </span>
     <span class='ocr_line' id='line_1_3' title="bbox 176 669 1512 761; baseline 0.004 -26"><span class='ocrx_word' id='word_1_17' title='bbox 176 677 350 756; x_wconf 87' lang='lat' dir='ltr'><strong>aparente</strong></span> <span class='ocrx_word' id='word_1_18' title='bbox 377 669 522 736; x_wconf 73' lang='lat' dir='ltr'><strong>traditam</strong></span> <span class='ocrx_word' id='word_1_19' title='bbox 552 689 611 756; x_wconf 90' lang='lat' dir='ltr'><strong>per</strong></span> <span class='ocrx_word' id='word_1_20' title='bbox 636 689 672 734; x_wconf 90' lang='lat' dir='ltr'><strong>se</strong></span> <span class='ocrx_word' id='word_1_21' title='bbox 698 678 805 735; x_wconf 90' lang='lat' dir='ltr'><strong>tenere</strong></span> <span class='ocrx_word' id='word_1_22' title='bbox 833 676 984 756; x_wconf 75' lang='lat' dir='ltr'><strong>possent?</strong></span> <span class='ocrx_word' id='word_1_23' title='bbox 1020 669 1158 738; x_wconf 84' lang='lat' dir='ltr'><strong>honores</strong></span> <span class='ocrx_word' id='word_1_24' title='bbox 1185 671 1353 739; x_wconf 83' lang='lat' dir='ltr'><strong>ordinatim</strong></span> <span class='ocrx_word' id='word_1_25' title='bbox 1382 673 1512 761; x_wconf 89' lang='lat' dir='ltr'><strong>petituri</strong></span> 
     </span>
     <span class='ocr_line' id='line_1_4' title="bbox 178 761 1513 851; baseline 0.005 -23"><span class='ocrx_word' id='word_1_26' title='bbox 178 769 306 829; x_wconf 73' lang='lat' dir='ltr'><strong>ementt</strong></span> <span class='ocrx_word' id='word_1_27' title='bbox 341 763 375 828; x_wconf 91' lang='lat' dir='ltr'><strong>in</strong></span> <span class='ocrx_word' id='word_1_28' title='bbox 406 783 444 829; x_wconf 88' lang='lat' dir='ltr'><strong>re</strong></span> <span class='ocrx_word' id='word_1_29' title='bbox 472 761 612 850; x_wconf 85' lang='lat' dir='ltr'><strong>publica,</strong></span> <span class='ocrx_word' id='word_1_30' title='bbox 640 763 674 828; x_wconf 92' lang='lat' dir='ltr'><strong>in</strong></span> <span class='ocrx_word' id='word_1_31' title='bbox 701 764 875 830; x_wconf 90' lang='lat' dir='ltr'><strong>amicorum</strong></span> <span class='ocrx_word' id='word_1_32' title='bbox 904 765 1039 851; x_wconf 89' lang='lat' dir='ltr'><strong>negotiis</strong></span> <span class='ocrx_word' id='word_1_33' title='bbox 1068 763 1213 832; x_wconf 78' lang='lat' dir='ltr'><strong>fibertate</strong></span> <span class='ocrx_word' id='word_1_34' title='bbox 1235 785 1291 834; x_wconf 88' lang='lat' dir='ltr'><strong>sua</strong></span> <span class='ocrx_word' id='word_1_35' title='bbox 1313 767 1384 834; x_wconf 85' lang='lat' dir='ltr'><strong>utit</strong></span> <span class='ocrx_word' id='word_1_36' title='bbox 1427 767 1513 848; x_wconf 85' lang='lat' dir='ltr'>Quid</span> 
     </span>
     <span class='ocr_line' id='line_1_5' title="bbox 178 856 1514 946; baseline 0.003 -22"><span class='ocrx_word' id='word_1_37' title='bbox 178 858 297 924; x_wconf 83' lang='lat' dir='ltr'><strong>horum</strong></span> <span class='ocrx_word' id='word_1_38' title='bbox 318 857 395 930; x_wconf 85' lang='lat' dir='ltr'><strong>luit,</strong></span> <span class='ocrx_word' id='word_1_39' title='bbox 429 857 515 944; x_wconf 85' lang='lat' dir='ltr'><strong>quod</strong></span> <span class='ocrx_word' id='word_1_40' title='bbox 537 878 600 923; x_wconf 90' lang='lat' dir='ltr'><strong>non</strong></span> <span class='ocrx_word' id='word_1_41' title='bbox 621 857 711 944; x_wconf 90' lang='lat' dir='ltr'><strong>prius</strong></span> <span class='ocrx_word' id='word_1_42' title='bbox 732 877 827 945; x_wconf 64' lang='lat' dir='ltr'><strong>mam</strong></span> <span class='ocrx_word' id='word_1_43' title='bbox 856 856 962 924; x_wconf 88' lang='lat' dir='ltr'><strong>datum</strong></span> <span class='ocrx_word' id='word_1_44' title='bbox 985 867 1032 924; x_wconf 90' lang='lat' dir='ltr'><strong>est</strong></span> <span class='ocrx_word' id='word_1_45' title='bbox 1067 859 1248 946; x_wconf 88' lang='lat' dir='ltr'><strong>ademptum</strong></span> <span class='ocrx_word' id='word_1_46' title='bbox 1279 863 1343 927; x_wconf 83' lang='lat' dir='ltr'><strong>sitt</strong></span> <span class='ocrx_word' id='word_1_47' title='bbox 1375 866 1414 928; x_wconf 79' lang='lat' dir='ltr'><strong>nt</strong></span> <span class='ocrx_word' id='word_1_48' title='bbox 1434 883 1514 928; x_wconf 87' lang='lat' dir='ltr'><strong>vero</strong></span> 
     </span>
     <span class='ocr_line' id='line_1_6' title="bbox 177 951 1538 1041; baseline -0.001 -23"><span class='ocrx_word' id='word_1_49' title='bbox 177 954 297 1018; x_wconf 90' lang='lat' dir='ltr'><strong>malum</strong></span> <span class='ocrx_word' id='word_1_50' title='bbox 319 961 367 1018; x_wconf 89' lang='lat' dir='ltr'><strong>est</strong></span> <span class='ocrx_word' id='word_1_51' title='bbox 387 951 506 1018; x_wconf 87' lang='lat' dir='ltr'><strong>liberos</strong></span> <span class='ocrx_word' id='word_1_52' title='bbox 538 951 693 1018; x_wconf 88' lang='lat' dir='ltr'><strong>amittere.</strong></span> <span class='ocrx_word' id='word_1_53' title='bbox 746 953 874 1020; x_wconf 80' lang='lat' dir='ltr'><strong>italum:</strong></span> <span class='ocrx_word' id='word_1_54' title='bbox 907 953 968 1020; x_wconf 89' lang='lat' dir='ltr'><strong>nisi</strong></span> <span class='ocrx_word' id='word_1_55' title='bbox 989 954 1050 1020; x_wconf 87' lang='lat' dir='ltr'><strong>hoc</strong></span> <span class='ocrx_word' id='word_1_56' title='bbox 1070 958 1161 1041; x_wconf 89' lang='lat' dir='ltr'><strong>peius</strong></span> <span class='ocrx_word' id='word_1_57' title='bbox 1192 954 1248 1028; x_wconf 91' lang='lat' dir='ltr'><strong>sit,</strong></span> <span class='ocrx_word' id='word_1_58' title='bbox 1278 955 1356 1022; x_wconf 86' lang='lat' dir='ltr'><strong>haec</strong></span> <span class='ocrx_word' id='word_1_59' title='bbox 1377 956 1538 1023; x_wconf 75' lang='lat' dir='ltr'><strong>suffer-res</strong></span> 
     </span>
     <span class='ocr_line' id='line_1_7' title="bbox 116 1045 1513 1132; baseline 0.003 -20"><span class='ocrx_word' id='word_1_60' title='bbox 116 1113 119 1118; x_wconf 82' lang='grc'><strong>,</strong></span> <span class='ocrx_word' id='word_1_61' title='bbox 177 1053 209 1112; x_wconf 90' lang='lat' dir='ltr'><strong>ct</strong></span> <span class='ocrx_word' id='word_1_62' title='bbox 230 1045 368 1132; x_wconf 79' lang='lat' dir='ltr'><strong>perpeti.</strong></span> <span class='ocrx_word' id='word_1_63' title='bbox 409 1050 441 1112; x_wconf 84' lang='lat' dir='ltr'><strong>t.</strong></span> <span class='ocrx_word' id='word_1_64' title='bbox 464 1049 553 1125; x_wconf 89' lang='lat' dir='ltr'><strong>Quae</strong></span> <span class='ocrx_word' id='word_1_65' title='bbox 574 1067 626 1111; x_wconf 88' lang='lat' dir='ltr'><strong>res</strong></span> <span class='ocrx_word' id='word_1_66' title='bbox 647 1045 725 1114; x_wconf 88' lang='lat' dir='ltr'><strong>mihi</strong></span> <span class='ocrx_word' id='word_1_67' title='bbox 746 1067 810 1115; x_wconf 90' lang='lat' dir='ltr'><strong>non</strong></span> <span class='ocrx_word' id='word_1_68' title='bbox 831 1046 1024 1113; x_wconf 83' lang='lat' dir='ltr'><strong>mediocrem</strong></span> <span class='ocrx_word' id='word_1_69' title='bbox 1038 1047 1284 1114; x_wconf 87' lang='lat' dir='ltr'><strong>consolationem</strong></span> <span class='ocrx_word' id='word_1_70' title='bbox 1299 1049 1416 1125; x_wconf 89' lang='lat' dir='ltr'><strong>attulit,</strong></span> <span class='ocrx_word' id='word_1_71' title='bbox 1438 1050 1513 1117; x_wconf 86' lang='lat' dir='ltr'><strong>volo</strong></span> 
     </span>
     <span class='ocr_line' id='line_1_8' title="bbox 177 1139 1514 1229; baseline 0.001 -23"><span class='ocrx_word' id='word_1_72' title='bbox 177 1139 234 1206; x_wconf 88' lang='lat' dir='ltr'><strong>tibi</strong></span> <span class='ocrx_word' id='word_1_73' title='bbox 258 1160 526 1215; x_wconf 89' lang='lat' dir='ltr'><strong>commemorare,</strong></span> <span class='ocrx_word' id='word_1_74' title='bbox 549 1140 577 1205; x_wconf 89' lang='lat' dir='ltr'><strong>si</strong></span> <span class='ocrx_word' id='word_1_75' title='bbox 601 1139 685 1206; x_wconf 87' lang='lat' dir='ltr'><strong>sorte</strong></span> <span class='ocrx_word' id='word_1_76' title='bbox 707 1140 818 1206; x_wconf 88' lang='lat' dir='ltr'><strong>eadem</strong></span> <span class='ocrx_word' id='word_1_77' title='bbox 838 1162 891 1206; x_wconf 90' lang='lat' dir='ltr'><strong>res</strong></span> <span class='ocrx_word' id='word_1_78' title='bbox 913 1140 969 1207; x_wconf 88' lang='lat' dir='ltr'><strong>tibi</strong></span> <span class='ocrx_word' id='word_1_79' title='bbox 990 1139 1135 1208; x_wconf 88' lang='lat' dir='ltr'><strong>dolorem</strong></span> <span class='ocrx_word' id='word_1_80' title='bbox 1157 1145 1301 1209; x_wconf 84' lang='lat' dir='ltr'><strong>minuere</strong></span> <span class='ocrx_word' id='word_1_81' title='bbox 1323 1141 1434 1229; x_wconf 85' lang='lat' dir='ltr'><strong>possit</strong></span> <span class='ocrx_word' id='word_1_82' title='bbox 1464 1147 1514 1208; x_wconf 87' lang='lat' dir='ltr'><strong>Ex</strong></span> 
     </span>
     <span class='ocr_line' id='line_1_9' title="bbox 176 1231 1515 1323; baseline 0.003 -24"><span class='ocrx_word' id='word_1_83' title='bbox 176 1232 250 1299; x_wconf 79' lang='lat' dir='ltr'><strong>Asia</strong></span> <span class='ocrx_word' id='word_1_84' title='bbox 272 1232 415 1307; x_wconf 85' lang='lat' dir='ltr'><strong>rediens,</strong></span> <span class='ocrx_word' id='word_1_85' title='bbox 437 1253 509 1299; x_wconf 91' lang='lat' dir='ltr'><strong>cum</strong></span> <span class='ocrx_word' id='word_1_86' title='bbox 530 1231 570 1298; x_wconf 86' lang='lat' dir='ltr'><strong>ab</strong></span> <span class='ocrx_word' id='word_1_87' title='bbox 591 1234 709 1320; x_wconf 81' lang='lat' dir='ltr'><strong>Aegina</strong></span> <span class='ocrx_word' id='word_1_88' title='bbox 731 1239 888 1320; x_wconf 78' lang='lat' dir='ltr'><strong>Megaram</strong></span> <span class='ocrx_word' id='word_1_89' title='bbox 911 1256 1022 1301; x_wconf 87' lang='lat' dir='ltr'><strong>versus</strong></span> <span class='ocrx_word' id='word_1_90' title='bbox 1042 1235 1239 1321; x_wconf 76' lang='lat' dir='ltr'><strong>navigarem,</strong></span> <span class='ocrx_word' id='word_1_91' title='bbox 1261 1240 1352 1323; x_wconf 91' lang='lat' dir='ltr'><strong>coepi</strong></span> <span class='ocrx_word' id='word_1_92' title='bbox 1366 1236 1515 1322; x_wconf 88' lang='lat' dir='ltr'><strong>regiones</strong></span> 
     </span>
     <span class='ocr_line' id='line_1_10' title="bbox 177 1327 1515 1416; baseline 0.001 -24"><span class='ocrx_word' id='word_1_93' title='bbox 177 1328 386 1393; x_wconf 57' lang='lat' dir='ltr'><strong>&amp;cumcirca</strong></span> <span class='ocrx_word' id='word_1_94' title='bbox 406 1327 601 1414; x_wconf 82' lang='lat' dir='ltr'><strong>prospicere.</strong></span> <span class='ocrx_word' id='word_1_95' title='bbox 648 1332 723 1394; x_wconf 87' lang='lat' dir='ltr'><strong>Post</strong></span> <span class='ocrx_word' id='word_1_96' title='bbox 744 1348 795 1393; x_wconf 89' lang='lat' dir='ltr'><strong>me</strong></span> <span class='ocrx_word' id='word_1_97' title='bbox 816 1336 885 1394; x_wconf 85' lang='lat' dir='ltr'><strong>erat</strong></span> <span class='ocrx_word' id='word_1_98' title='bbox 906 1331 1039 1414; x_wconf 79' lang='lat' dir='ltr'><strong>Aegina,</strong></span> <span class='ocrx_word' id='word_1_99' title='bbox 1073 1339 1145 1395; x_wconf 90' lang='lat' dir='ltr'><strong>ante</strong></span> <span class='ocrx_word' id='word_1_100' title='bbox 1167 1351 1218 1396; x_wconf 92' lang='lat' dir='ltr'><strong>me</strong></span> <span class='ocrx_word' id='word_1_101' title='bbox 1239 1335 1380 1416; x_wconf 78' lang='lat' dir='ltr'><strong>liegara3</strong></span> <span class='ocrx_word' id='word_1_102' title='bbox 1402 1328 1515 1394; x_wconf 83' lang='lat' dir='ltr'><strong>dextra</strong></span> 
     </span>
     <span class='ocr_line' id='line_1_11' title="bbox 177 1419 1553 1510; baseline -0.004 -22"><span class='ocrx_word' id='word_1_103' title='bbox 177 1419 348 1497; x_wconf 80' lang='lat' dir='ltr'><strong>Piraeeus,</strong></span> <span class='ocrx_word' id='word_1_104' title='bbox 369 1421 496 1486; x_wconf 87' lang='lat' dir='ltr'><strong>sinistra</strong></span> <span class='ocrx_word' id='word_1_105' title='bbox 518 1419 703 1488; x_wconf 59' lang='lat' dir='ltr'><strong>muethus:</strong></span> <span class='ocrx_word' id='word_1_106' title='bbox 727 1441 807 1508; x_wconf 90' lang='lat' dir='ltr'><strong>quae</strong></span> <span class='ocrx_word' id='word_1_107' title='bbox 828 1420 944 1508; x_wconf 91' lang='lat' dir='ltr'><strong>oppida</strong></span> <span class='ocrx_word' id='word_1_108' title='bbox 969 1423 1106 1510; x_wconf 85' lang='lat' dir='ltr'><strong>quodam</strong></span> <span class='ocrx_word' id='word_1_109' title='bbox 1129 1432 1272 1510; x_wconf 88' lang='lat' dir='ltr'><strong>tempore</strong></span> <span class='ocrx_word' id='word_1_110' title='bbox 1294 1421 1553 1490; x_wconf 82' lang='lat' dir='ltr'><strong>florentissimam</strong></span> 
     </span>
     <span class='ocr_line' id='line_1_12' title="bbox 177 1515 1516 1606; baseline 0.001 -26"><span class='ocrx_word' id='word_1_111' title='bbox 177 1515 325 1589; x_wconf 85' lang='lat' dir='ltr'><strong>luerunt,</strong></span> <span class='ocrx_word' id='word_1_112' title='bbox 348 1535 431 1581; x_wconf 92' lang='lat' dir='ltr'><strong>nunc</strong></span> <span class='ocrx_word' id='word_1_113' title='bbox 451 1522 610 1602; x_wconf 89' lang='lat' dir='ltr'><strong>prostrata</strong></span> <span class='ocrx_word' id='word_1_114' title='bbox 632 1524 663 1580; x_wconf 90' lang='lat' dir='ltr'><strong>et</strong></span> <span class='ocrx_word' id='word_1_115' title='bbox 684 1515 787 1582; x_wconf 90' lang='lat' dir='ltr'><strong>diruta</strong></span> <span class='ocrx_word' id='word_1_116' title='bbox 809 1525 880 1580; x_wconf 91' lang='lat' dir='ltr'><strong>ante</strong></span> <span class='ocrx_word' id='word_1_117' title='bbox 895 1517 1006 1582; x_wconf 92' lang='lat' dir='ltr'><strong>oculos</strong></span> <span class='ocrx_word' id='word_1_118' title='bbox 1028 1516 1139 1582; x_wconf 89' lang='lat' dir='ltr'><strong>iacent.</strong></span> <span class='ocrx_word' id='word_1_119' title='bbox 1183 1521 1280 1606; x_wconf 84' lang='lat' dir='ltr'><strong>Coepi</strong></span> <span class='ocrx_word' id='word_1_120' title='bbox 1303 1525 1429 1602; x_wconf 90' lang='lat' dir='ltr'><strong>egomet</strong></span> <span class='ocrx_word' id='word_1_121' title='bbox 1449 1537 1516 1582; x_wconf 90' lang='lat' dir='ltr'><strong>me·</strong></span> 
     </span>
     <span class='ocr_line' id='line_1_13' title="bbox 177 1607 1515 1697; baseline 0.001 -22"><span class='ocrx_word' id='word_1_122' title='bbox 177 1629 250 1675; x_wconf 92' lang='lat' dir='ltr'><strong>cum</strong></span> <span class='ocrx_word' id='word_1_123' title='bbox 280 1609 327 1674; x_wconf 87' lang='lat' dir='ltr'><strong>sic</strong></span> <span class='ocrx_word' id='word_1_124' title='bbox 353 1609 510 1694; x_wconf 88' lang='lat' dir='ltr'><strong>cogitare:</strong></span> <span class='ocrx_word' id='word_1_125' title='bbox 545 1613 641 1674; x_wconf 88' lang='lat' dir='ltr'><strong>liemt</strong></span> <span class='ocrx_word' id='word_1_126' title='bbox 675 1631 733 1675; x_wconf 89' lang='lat' dir='ltr'><strong>nos</strong></span> <span class='ocrx_word' id='word_1_127' title='bbox 762 1607 945 1676; x_wconf 80' lang='lat' dir='ltr'><strong>homunculi</strong></span> <span class='ocrx_word' id='word_1_128' title='bbox 972 1609 1187 1696; x_wconf 90' lang='lat' dir='ltr'><strong>indignamur,</strong></span> <span class='ocrx_word' id='word_1_129' title='bbox 1217 1615 1243 1678; x_wconf 90' lang='lat' dir='ltr'><strong>si</strong></span> <span class='ocrx_word' id='word_1_130' title='bbox 1274 1609 1343 1697; x_wconf 90' lang='lat' dir='ltr'><strong>quis</strong></span> <span class='ocrx_word' id='word_1_131' title='bbox 1371 1614 1515 1676; x_wconf 77' lang='lat' dir='ltr'><strong>nostrum</strong></span> 
     </span>
     <span class='ocr_line' id='line_1_14' title="bbox 177 1702 1516 1790; baseline 0.001 -22"><span class='ocrx_word' id='word_1_132' title='bbox 177 1703 302 1769; x_wconf 89' lang='lat' dir='ltr'><strong>interiit</strong></span> <span class='ocrx_word' id='word_1_133' title='bbox 322 1711 376 1768; x_wconf 84' lang='lat' dir='ltr'><strong>aut</strong></span> <span class='ocrx_word' id='word_1_134' title='bbox 405 1703 527 1769; x_wconf 90' lang='lat' dir='ltr'><strong>occisus</strong></span> <span class='ocrx_word' id='word_1_135' title='bbox 549 1713 610 1779; x_wconf 86' lang='lat' dir='ltr'><strong>cst,</strong></span> <span class='ocrx_word' id='word_1_136' title='bbox 641 1724 778 1790; x_wconf 89' lang='lat' dir='ltr'><strong>quorum</strong></span> <span class='ocrx_word' id='word_1_137' title='bbox 799 1703 863 1769; x_wconf 85' lang='lat' dir='ltr'><strong>rita</strong></span> <span class='ocrx_word' id='word_1_138' title='bbox 884 1702 1014 1770; x_wconf 86' lang='lat' dir='ltr'><strong>brevior</strong></span> <span class='ocrx_word' id='word_1_139' title='bbox 1036 1723 1105 1770; x_wconf 88' lang='lat' dir='ltr'><strong>esse</strong></span> <span class='ocrx_word' id='word_1_140' title='bbox 1127 1703 1238 1780; x_wconf 85' lang='lat' dir='ltr'><strong>debet,</strong></span> <span class='ocrx_word' id='word_1_141' title='bbox 1261 1723 1332 1770; x_wconf 91' lang='lat' dir='ltr'><strong>cum</strong></span> <span class='ocrx_word' id='word_1_142' title='bbox 1355 1725 1421 1769; x_wconf 92' lang='lat' dir='ltr'><strong>uno</strong></span> <span class='ocrx_word' id='word_1_143' title='bbox 1443 1703 1516 1769; x_wconf 89' lang='lat' dir='ltr'><strong>loco</strong></span> 
     </span>
     <span class='ocr_line' id='line_1_15' title="bbox 178 1795 1516 1884; baseline -0.001 -22"><span class='ocrx_word' id='word_1_144' title='bbox 178 1805 224 1862; x_wconf 93' lang='lat' dir='ltr'><strong>tot</strong></span> <span class='ocrx_word' id='word_1_145' title='bbox 245 1796 401 1883; x_wconf 82' lang='lat' dir='ltr'><strong>oppidum</strong></span> <span class='ocrx_word' id='word_1_146' title='bbox 423 1796 575 1862; x_wconf 85' lang='lat' dir='ltr'><strong>cadavera</strong></span> <span class='ocrx_word' id='word_1_147' title='bbox 596 1797 736 1884; x_wconf 90' lang='lat' dir='ltr'><strong>proiecta</strong></span> <span class='ocrx_word' id='word_1_148' title='bbox 757 1797 882 1862; x_wconf 73' lang='lat' dir='ltr'><strong>iacenti</strong></span> <span class='ocrx_word' id='word_1_149' title='bbox 915 1799 1013 1864; x_wconf 86' lang='lat' dir='ltr'><strong>Visne</strong></span> <span class='ocrx_word' id='word_1_150' title='bbox 1034 1805 1068 1864; x_wconf 94' lang='lat' dir='ltr'><strong>tu</strong></span> <span class='ocrx_word' id='word_1_151' title='bbox 1091 1806 1139 1871; x_wconf 89' lang='lat' dir='ltr'><strong>te,</strong></span> <span class='ocrx_word' id='word_1_152' title='bbox 1171 1798 1277 1871; x_wconf 85' lang='lat' dir='ltr'><strong>Servi.</strong></span> <span class='ocrx_word' id='word_1_153' title='bbox 1310 1795 1461 1862; x_wconf 87' lang='lat' dir='ltr'><strong>cohibere</strong></span> <span class='ocrx_word' id='word_1_154' title='bbox 1484 1805 1516 1861; x_wconf 92' lang='lat' dir='ltr'><strong>et</strong></span> 
     </span>
     <span class='ocr_line' id='line_1_16' title="bbox 178 1889 1554 1976; baseline 0.002 -21"><span class='ocrx_word' id='word_1_155' title='bbox 178 1891 361 1956; x_wconf 86' lang='lat' dir='ltr'><strong>meminisse</strong></span> <span class='ocrx_word' id='word_1_156' title='bbox 387 1889 546 1957; x_wconf 90' lang='lat' dir='ltr'><strong>hominem</strong></span> <span class='ocrx_word' id='word_1_157' title='bbox 568 1899 599 1956; x_wconf 92' lang='lat' dir='ltr'><strong>te</strong></span> <span class='ocrx_word' id='word_1_158' title='bbox 622 1911 691 1957; x_wconf 88' lang='lat' dir='ltr'><strong>csse</strong></span> <span class='ocrx_word' id='word_1_159' title='bbox 712 1897 840 1958; x_wconf 77' lang='lat' dir='ltr'><strong>natum?</strong></span> <span class='ocrx_word' id='word_1_160' title='bbox 863 1890 963 1958; x_wconf 85' lang='lat' dir='ltr'><strong>Crede</strong></span> <span class='ocrx_word' id='word_1_161' title='bbox 986 1891 1078 1964; x_wconf 88' lang='lat' dir='ltr'><strong>mihi,</strong></span> <span class='ocrx_word' id='word_1_162' title='bbox 1101 1891 1289 1976; x_wconf 80' lang='lat' dir='ltr'><strong>cogitatione</strong></span> <span class='ocrx_word' id='word_1_163' title='bbox 1312 1913 1349 1956; x_wconf 83' lang='lat' dir='ltr'><strong>ea</strong></span> <span class='ocrx_word' id='word_1_164' title='bbox 1371 1913 1434 1958; x_wconf 92' lang='lat' dir='ltr'><strong>non</strong></span> <span class='ocrx_word' id='word_1_165' title='bbox 1450 1908 1554 1958; x_wconf 69' lang='lat' dir='ltr'><strong>metr</strong></span> 
     </span>
     <span class='ocr_line' id='line_1_17' title="bbox 179 1983 1517 2058; baseline 0.001 -8"><span class='ocrx_word' id='word_1_166' title='bbox 179 1983 337 2050; x_wconf 89' lang='lat' dir='ltr'><strong>diocriter</strong></span> <span class='ocrx_word' id='word_1_167' title='bbox 358 2005 427 2050; x_wconf 89' lang='lat' dir='ltr'><strong>sum</strong></span> <span class='ocrx_word' id='word_1_168' title='bbox 449 1984 663 2052; x_wconf 85' lang='lat' dir='ltr'><strong>continuatus.</strong></span> <span class='ocrx_word' id='word_1_169' title='bbox 719 1987 788 2051; x_wconf 88' lang='lat' dir='ltr'><strong>lioc</strong></span> <span class='ocrx_word' id='word_1_170' title='bbox 809 1983 908 2058; x_wconf 90' lang='lat' dir='ltr'><strong>idem,</strong></span> <span class='ocrx_word' id='word_1_171' title='bbox 945 1989 971 2050; x_wconf 88' lang='lat' dir='ltr'><strong>si</strong></span> <span class='ocrx_word' id='word_1_172' title='bbox 993 1983 1050 2051; x_wconf 86' lang='lat' dir='ltr'><strong>tihi</strong></span> <span class='ocrx_word' id='word_1_173' title='bbox 1073 1985 1214 2058; x_wconf 86' lang='lat' dir='ltr'><strong>videtur,</strong></span> <span class='ocrx_word' id='word_1_174' title='bbox 1243 1985 1293 2050; x_wconf 86' lang='lat' dir='ltr'><strong>lac</strong></span> <span class='ocrx_word' id='word_1_175' title='bbox 1313 1995 1384 2051; x_wconf 89' lang='lat' dir='ltr'><strong>ante</strong></span> <span class='ocrx_word' id='word_1_176' title='bbox 1405 1986 1517 2052; x_wconf 75' lang='lat' dir='ltr'><strong>otarius</strong></span> 
     </span>
     <span class='ocr_line' id='line_1_18' title="bbox 180 2076 1517 2166; baseline 0.001 -22"><span class='ocrx_word' id='word_1_177' title='bbox 180 2076 237 2144; x_wconf 84' lang='lat' dir='ltr'><strong>tibi</strong></span> <span class='ocrx_word' id='word_1_178' title='bbox 264 2099 439 2165; x_wconf 87' lang='lat' dir='ltr'><strong>proponas.</strong></span> <span class='ocrx_word' id='word_1_179' title='bbox 490 2078 587 2146; x_wconf 84' lang='lat' dir='ltr'><strong>Modo</strong></span> <span class='ocrx_word' id='word_1_180' title='bbox 613 2097 679 2144; x_wconf 92' lang='lat' dir='ltr'><strong>uno</strong></span> <span class='ocrx_word' id='word_1_181' title='bbox 705 2086 850 2166; x_wconf 85' lang='lat' dir='ltr'><strong>tempore</strong></span> <span class='ocrx_word' id='word_1_182' title='bbox 879 2087 926 2144; x_wconf 91' lang='lat' dir='ltr'><strong>tot</strong></span> <span class='ocrx_word' id='word_1_183' title='bbox 951 2079 1012 2144; x_wconf 86' lang='lat' dir='ltr'><strong>riri</strong></span> <span class='ocrx_word' id='word_1_184' title='bbox 1046 2078 1209 2144; x_wconf 78' lang='lat' dir='ltr'><strong>clarissimi</strong></span> <span class='ocrx_word' id='word_1_185' title='bbox 1238 2083 1440 2157; x_wconf 86' lang='lat' dir='ltr'><strong>interierunt;</strong></span> <span class='ocrx_word' id='word_1_186' title='bbox 1476 2079 1517 2146; x_wconf 89' lang='lat' dir='ltr'><strong>de</strong></span> 
     </span>
     <span class='ocr_line' id='line_1_19' title="bbox 180 2171 1518 2261; baseline 0 -22"><span class='ocrx_word' id='word_1_187' title='bbox 180 2173 318 2260; x_wconf 86' lang='lat' dir='ltr'><strong>imperio</strong></span> <span class='ocrx_word' id='word_1_188' title='bbox 334 2173 443 2261; x_wconf 87' lang='lat' dir='ltr'><strong>populi</strong></span> <span class='ocrx_word' id='word_1_189' title='bbox 458 2172 590 2240; x_wconf 83' lang='lat' dir='ltr'><strong>Romani</strong></span> <span class='ocrx_word' id='word_1_190' title='bbox 601 2180 685 2238; x_wconf 68' lang='lat' dir='ltr'><strong>mutu</strong></span> <span class='ocrx_word' id='word_1_191' title='bbox 699 2171 873 2239; x_wconf 88' lang='lat' dir='ltr'><strong>deminutio</strong></span> <span class='ocrx_word' id='word_1_192' title='bbox 888 2171 966 2239; x_wconf 86' lang='lat' dir='ltr'><strong>iacta</strong></span> <span class='ocrx_word' id='word_1_193' title='bbox 977 2184 1039 2250; x_wconf 90' lang='lat' dir='ltr'><strong>est;</strong></span> <span class='ocrx_word' id='word_1_194' title='bbox 1051 2193 1162 2239; x_wconf 90' lang='lat' dir='ltr'><strong>omnes</strong></span> <span class='ocrx_word' id='word_1_195' title='bbox 1172 2173 1355 2260; x_wconf 86' lang='lat' dir='ltr'><strong>provinciae</strong></span> <span class='ocrx_word' id='word_1_196' title='bbox 1364 2193 1518 2260; x_wconf 87' lang='lat' dir='ltr'><strong>conquas-</strong></span> 
     </span>
     <span class='ocr_line' id='line_1_20' title="bbox 180 2265 1518 2354; baseline 0 -20"><span class='ocrx_word' id='word_1_197' title='bbox 180 2279 265 2334; x_wconf 84' lang='lat' dir='ltr'><strong>satae</strong></span> <span class='ocrx_word' id='word_1_198' title='bbox 284 2276 371 2334; x_wconf 88' lang='lat' dir='ltr'><strong>sunt:</strong></span> <span class='ocrx_word' id='word_1_199' title='bbox 401 2266 433 2332; x_wconf 93' lang='lat' dir='ltr'><strong>in</strong></span> <span class='ocrx_word' id='word_1_200' title='bbox 449 2271 542 2332; x_wconf 88' lang='lat' dir='ltr'><strong>unius</strong></span> <span class='ocrx_word' id='word_1_201' title='bbox 555 2265 759 2332; x_wconf 79' lang='lat' dir='ltr'><strong>mulierculae</strong></span> <span class='ocrx_word' id='word_1_202' title='bbox 779 2266 915 2332; x_wconf 87' lang='lat' dir='ltr'><strong>animula</strong></span> <span class='ocrx_word' id='word_1_203' title='bbox 936 2267 963 2332; x_wconf 90' lang='lat' dir='ltr'><strong>si</strong></span> <span class='ocrx_word' id='word_1_204' title='bbox 985 2267 1105 2333; x_wconf 90' lang='lat' dir='ltr'><strong>iactura</strong></span> <span class='ocrx_word' id='word_1_205' title='bbox 1127 2267 1207 2334; x_wconf 86' lang='lat' dir='ltr'><strong>iacta</strong></span> <span class='ocrx_word' id='word_1_206' title='bbox 1226 2277 1289 2340; x_wconf 75' lang='lat' dir='ltr'><strong>est,</strong></span> <span class='ocrx_word' id='word_1_207' title='bbox 1311 2276 1397 2334; x_wconf 89' lang='lat' dir='ltr'><strong>tanto</strong></span> <span class='ocrx_word' id='word_1_208' title='bbox 1419 2287 1518 2354; x_wconf 87' lang='lat' dir='ltr'><strong>opere</strong></span> 
     </span>
     <span class='ocr_line' id='line_1_21' title="bbox 181 2360 1555 2448; baseline -0.003 -18"><span class='ocrx_word' id='word_1_209' title='bbox 181 2361 418 2430; x_wconf 76' lang='lat' dir='ltr'><strong>commoveris?</strong></span> <span class='ocrx_word' id='word_1_210' title='bbox 445 2381 526 2447; x_wconf 85' lang='lat' dir='ltr'><strong>quae</strong></span> <span class='ocrx_word' id='word_1_211' title='bbox 553 2360 579 2426; x_wconf 91' lang='lat' dir='ltr'><strong>si</strong></span> <span class='ocrx_word' id='word_1_212' title='bbox 600 2360 661 2426; x_wconf 93' lang='lat' dir='ltr'><strong>hoc</strong></span> <span class='ocrx_word' id='word_1_213' title='bbox 686 2369 829 2448; x_wconf 86' lang='lat' dir='ltr'><strong>tempore</strong></span> <span class='ocrx_word' id='word_1_214' title='bbox 855 2381 918 2428; x_wconf 95' lang='lat' dir='ltr'><strong>non</strong></span> <span class='ocrx_word' id='word_1_215' title='bbox 940 2361 1023 2427; x_wconf 89' lang='lat' dir='ltr'><strong>diem</strong></span> <span class='ocrx_word' id='word_1_216' title='bbox 1046 2382 1138 2428; x_wconf 88' lang='lat' dir='ltr'><strong>suum</strong></span> <span class='ocrx_word' id='word_1_217' title='bbox 1160 2360 1295 2436; x_wconf 84' lang='lat' dir='ltr'><strong>obisset,</strong></span> <span class='ocrx_word' id='word_1_218' title='bbox 1317 2361 1428 2448; x_wconf 86' lang='lat' dir='ltr'><strong>paucis</strong></span> <span class='ocrx_word' id='word_1_219' title='bbox 1446 2370 1555 2448; x_wconf 80' lang='lat' dir='ltr'><strong>postu</strong></span> 
     </span>
     <span class='ocr_line' id='line_1_22' title="bbox 181 2453 1517 2543; baseline 0 -21"><span class='ocrx_word' id='word_1_220' title='bbox 181 2461 271 2522; x_wconf 87' lang='lat' dir='ltr'><strong>anais</strong></span> <span class='ocrx_word' id='word_1_221' title='bbox 286 2464 388 2520; x_wconf 71' lang='lat' dir='ltr'><strong>umen</strong></span> <span class='ocrx_word' id='word_1_222' title='bbox 405 2455 435 2520; x_wconf 89' lang='lat' dir='ltr'><strong>ci</strong></span> <span class='ocrx_word' id='word_1_223' title='bbox 450 2453 652 2521; x_wconf 87' lang='lat' dir='ltr'><strong>moriendum</strong></span> <span class='ocrx_word' id='word_1_224' title='bbox 667 2454 742 2528; x_wconf 81' lang='lat' dir='ltr'><strong>luit,</strong></span> <span class='ocrx_word' id='word_1_225' title='bbox 764 2455 912 2543; x_wconf 89' lang='lat' dir='ltr'><strong>quoniam</strong></span> <span class='ocrx_word' id='word_1_226' title='bbox 930 2455 1026 2521; x_wconf 85' lang='lat' dir='ltr'><strong>homo</strong></span> <span class='ocrx_word' id='word_1_227' title='bbox 1041 2463 1110 2521; x_wconf 89' lang='lat' dir='ltr'><strong>nata</strong></span> <span class='ocrx_word' id='word_1_228' title='bbox 1126 2453 1238 2521; x_wconf 87' lang='lat' dir='ltr'><strong>iuerat.</strong></span> <span class='ocrx_word' id='word_1_229' title='bbox 1261 2460 1290 2522; x_wconf 76' lang='lat' dir='ltr'><strong>d.</strong></span> <span class='ocrx_word' id='word_1_230' title='bbox 1312 2460 1413 2522; x_wconf 81' lang='lat' dir='ltr'><strong>Etiam</strong></span> <span class='ocrx_word' id='word_1_231' title='bbox 1429 2465 1462 2521; x_wconf 89' lang='lat' dir='ltr'><strong>tn</strong></span> <span class='ocrx_word' id='word_1_232' title='bbox 1477 2454 1517 2522; x_wconf 79' lang='lat' dir='ltr'><strong>alr</strong></span> 
     </span>
     <span class='ocr_line' id='line_1_23' title="bbox 183 2547 1519 2637; baseline -0.001 -20"><span class='ocrx_word' id='word_1_233' title='bbox 183 2550 271 2617; x_wconf 85' lang='lat' dir='ltr'><strong>hisee</strong></span> <span class='ocrx_word' id='word_1_234' title='bbox 294 2547 392 2615; x_wconf 89' lang='lat' dir='ltr'><strong>rebus</strong></span> <span class='ocrx_word' id='word_1_235' title='bbox 413 2549 552 2614; x_wconf 88' lang='lat' dir='ltr'><strong>animum</strong></span> <span class='ocrx_word' id='word_1_236' title='bbox 574 2569 610 2614; x_wconf 91' lang='lat' dir='ltr'><strong>ac</strong></span> <span class='ocrx_word' id='word_1_237' title='bbox 640 2547 862 2634; x_wconf 89' lang='lat' dir='ltr'><strong>cogitationem</strong></span> <span class='ocrx_word' id='word_1_238' title='bbox 889 2557 975 2615; x_wconf 87' lang='lat' dir='ltr'><strong>tuam</strong></span> <span class='ocrx_word' id='word_1_239' title='bbox 1003 2571 1099 2616; x_wconf 84' lang='lat' dir='ltr'><strong>avoca</strong></span> <span class='ocrx_word' id='word_1_240' title='bbox 1122 2560 1215 2637; x_wconf 89' lang='lat' dir='ltr'><strong>atque</strong></span> <span class='ocrx_word' id='word_1_241' title='bbox 1237 2569 1277 2614; x_wconf 86' lang='lat' dir='ltr'><strong>ea</strong></span> <span class='ocrx_word' id='word_1_242' title='bbox 1296 2550 1401 2636; x_wconf 88' lang='lat' dir='ltr'><strong>potius</strong></span> <span class='ocrx_word' id='word_1_243' title='bbox 1422 2551 1519 2616; x_wconf 84' lang='lat' dir='ltr'><strong>remi·</strong></span> 
     </span>
     <span class='ocr_line' id='line_1_24' title="bbox 182 2640 1519 2732; baseline -0.001 -23"><span class='ocrx_word' id='word_1_244' title='bbox 182 2650 330 2718; x_wconf 88' lang='lat' dir='ltr'><strong>uiscera,</strong></span> <span class='ocrx_word' id='word_1_245' title='bbox 367 2663 449 2730; x_wconf 88' lang='lat' dir='ltr'><strong>quae</strong></span> <span class='ocrx_word' id='word_1_246' title='bbox 469 2640 564 2728; x_wconf 89' lang='lat' dir='ltr'><strong>digna</strong></span> <span class='ocrx_word' id='word_1_247' title='bbox 585 2649 638 2707; x_wconf 90' lang='lat' dir='ltr'><strong>tua</strong></span> <span class='ocrx_word' id='word_1_248' title='bbox 658 2662 795 2728; x_wconf 87' lang='lat' dir='ltr'><strong>persona</strong></span> <span class='ocrx_word' id='word_1_249' title='bbox 816 2652 903 2710; x_wconf 85' lang='lat' dir='ltr'><strong>sunt:</strong></span> <span class='ocrx_word' id='word_1_250' title='bbox 939 2643 1041 2718; x_wconf 90' lang='lat' dir='ltr'><strong>illam,</strong></span> <span class='ocrx_word' id='word_1_251' title='bbox 1078 2642 1228 2730; x_wconf 87' lang='lat' dir='ltr'><strong>quamdiu</strong></span> <span class='ocrx_word' id='word_1_252' title='bbox 1250 2643 1281 2707; x_wconf 87' lang='lat' dir='ltr'><strong>ei</strong></span> <span class='ocrx_word' id='word_1_253' title='bbox 1303 2661 1384 2732; x_wconf 91' lang='lat' dir='ltr'><strong>opus</strong></span> <span class='ocrx_word' id='word_1_254' title='bbox 1405 2641 1519 2718; x_wconf 87' lang='lat' dir='ltr'><strong>luerit,</strong></span> 
     </span>
     <span class='ocr_line' id='line_1_25' title="bbox 184 2734 1520 2824; baseline -0.001 -20"><span class='ocrx_word' id='word_1_255' title='bbox 184 2738 322 2816; x_wconf 76' lang='lat' dir='ltr'><strong>vixisse3</strong></span> <span class='ocrx_word' id='word_1_256' title='bbox 351 2757 416 2804; x_wconf 88' lang='lat' dir='ltr'><strong>nna</strong></span> <span class='ocrx_word' id='word_1_257' title='bbox 437 2757 509 2802; x_wconf 91' lang='lat' dir='ltr'><strong>cum</strong></span> <span class='ocrx_word' id='word_1_258' title='bbox 529 2734 712 2822; x_wconf 87' lang='lat' dir='ltr'><strong>republica</strong></span> <span class='ocrx_word' id='word_1_259' title='bbox 740 2737 852 2804; x_wconf 86' lang='lat' dir='ltr'><strong>inisse:</strong></span> <span class='ocrx_word' id='word_1_260' title='bbox 877 2745 925 2810; x_wconf 87' lang='lat' dir='ltr'><strong>te,</strong></span> <span class='ocrx_word' id='word_1_261' title='bbox 953 2747 1204 2824; x_wconf 67' lang='lat' dir='ltr'><strong>petronianum,</strong></span> <span class='ocrx_word' id='word_1_262' title='bbox 1227 2746 1422 2823; x_wconf 88' lang='lat' dir='ltr'><strong>praetorem,</strong></span> <span class='ocrx_word' id='word_1_263' title='bbox 1444 2756 1520 2802; x_wconf 90' lang='lat' dir='ltr'><strong>con-</strong></span> 
     </span>
     <span class='ocr_line' id='line_1_26' title="bbox 183 2828 1557 2918; baseline -0.001 -21"><span class='ocrx_word' id='word_1_264' title='bbox 183 2831 304 2904; x_wconf 87' lang='lat' dir='ltr'><strong>sulem,</strong></span> <span class='ocrx_word' id='word_1_265' title='bbox 328 2851 481 2917; x_wconf 88' lang='lat' dir='ltr'><strong>augurem</strong></span> <span class='ocrx_word' id='word_1_266' title='bbox 502 2829 634 2908; x_wconf 88' lang='lat' dir='ltr'><strong>vidisse;</strong></span> <span class='ocrx_word' id='word_1_267' title='bbox 667 2828 917 2897; x_wconf 84' lang='lat' dir='ltr'><strong>adolescentibus</strong></span> <span class='ocrx_word' id='word_1_268' title='bbox 944 2830 1104 2918; x_wconf 87' lang='lat' dir='ltr'><strong>primariis</strong></span> <span class='ocrx_word' id='word_1_269' title='bbox 1130 2838 1260 2916; x_wconf 89' lang='lat' dir='ltr'><strong>nuptam</strong></span> <span class='ocrx_word' id='word_1_270' title='bbox 1282 2830 1395 2906; x_wconf 77' lang='lat' dir='ltr'><strong>luisse3</strong></span> <span class='ocrx_word' id='word_1_271' title='bbox 1417 2830 1557 2896; x_wconf 76' lang='lat' dir='ltr'><strong>omni-⁸⁸</strong></span> 
     </span>
     <span class='ocr_line' id='line_1_27' title="bbox 184 2923 1519 3012; baseline -0.004 -21"><span class='ocrx_word' id='word_1_272' title='bbox 184 2925 242 2994; x_wconf 87' lang='lat' dir='ltr'><strong>hus</strong></span> <span class='ocrx_word' id='word_1_273' title='bbox 266 2924 360 2991; x_wconf 85' lang='lat' dir='ltr'><strong>bonis</strong></span> <span class='ocrx_word' id='word_1_274' title='bbox 381 2944 483 3012; x_wconf 92' lang='lat' dir='ltr'><strong>prope</strong></span> <span class='ocrx_word' id='word_1_275' title='bbox 503 2923 700 3012; x_wconf 80' lang='lat' dir='ltr'><strong>perltmctam</strong></span> <span class='ocrx_word' id='word_1_276' title='bbox 729 2945 814 3002; x_wconf 84' lang='lat' dir='ltr'><strong>esse;</strong></span> <span class='ocrx_word' id='word_1_277' title='bbox 851 2945 923 2990; x_wconf 88' lang='lat' dir='ltr'><strong>oum</strong></span> <span class='ocrx_word' id='word_1_278' title='bbox 945 2923 1144 3011; x_wconf 90' lang='lat' dir='ltr'><strong>respublica</strong></span> <span class='ocrx_word' id='word_1_279' title='bbox 1165 2923 1340 2997; x_wconf 90' lang='lat' dir='ltr'><strong>occideret,</strong></span> <span class='ocrx_word' id='word_1_280' title='bbox 1376 2923 1440 2987; x_wconf 89' lang='lat' dir='ltr'><strong>vita</strong></span> <span class='ocrx_word' id='word_1_281' title='bbox 1462 2941 1519 2987; x_wconf 85' lang='lat' dir='ltr'><strong>er-</strong></span> 
     </span>
     <span class='ocr_line' id='line_1_28' title="bbox 185 3015 1520 3105; baseline -0.005 -19"><span class='ocrx_word' id='word_1_282' title='bbox 185 3019 328 3086; x_wconf 86' lang='lat' dir='ltr'><strong>cessisse.</strong></span> <span class='ocrx_word' id='word_1_283' title='bbox 372 3017 456 3098; x_wconf 85' lang='lat' dir='ltr'><strong>Quid</strong></span> <span class='ocrx_word' id='word_1_284' title='bbox 479 3028 542 3092; x_wconf 89' lang='lat' dir='ltr'><strong>est,</strong></span> <span class='ocrx_word' id='word_1_285' title='bbox 564 3018 650 3105; x_wconf 87' lang='lat' dir='ltr'><strong>quod</strong></span> <span class='ocrx_word' id='word_1_286' title='bbox 672 3028 705 3085; x_wconf 91' lang='lat' dir='ltr'><strong>tu</strong></span> <span class='ocrx_word' id='word_1_287' title='bbox 728 3029 781 3085; x_wconf 91' lang='lat' dir='ltr'><strong>aut</strong></span> <span class='ocrx_word' id='word_1_288' title='bbox 802 3017 854 3084; x_wconf 90' lang='lat' dir='ltr'><strong>illa</strong></span> <span class='ocrx_word' id='word_1_289' title='bbox 876 3039 948 3082; x_wconf 91' lang='lat' dir='ltr'><strong>cum</strong></span> <span class='ocrx_word' id='word_1_290' title='bbox 970 3017 1097 3084; x_wconf 80' lang='lat' dir='ltr'><strong>fortuna</strong></span> <span class='ocrx_word' id='word_1_291' title='bbox 1119 3015 1180 3082; x_wconf 85' lang='lat' dir='ltr'><strong>hoc</strong></span> <span class='ocrx_word' id='word_1_292' title='bbox 1193 3015 1321 3082; x_wconf 86' lang='lat' dir='ltr'><strong>nominc</strong></span> <span class='ocrx_word' id='word_1_293' title='bbox 1336 3015 1428 3102; x_wconf 86' lang='lat' dir='ltr'><strong>queri</strong></span> <span class='ocrx_word' id='word_1_294' title='bbox 1445 3033 1520 3101; x_wconf 83' lang='lat' dir='ltr'><strong>pos-</strong></span> 
     </span>
     <span class='ocr_line' id='line_1_29' title="bbox 185 3109 1520 3200; baseline -0.004 -21"><span class='ocrx_word' id='word_1_295' title='bbox 185 3115 275 3179; x_wconf 72' lang='lat' dir='ltr'><strong>sitis?</strong></span> <span class='ocrx_word' id='word_1_296' title='bbox 306 3116 449 3200; x_wconf 87' lang='lat' dir='ltr'><strong>Denique</strong></span> <span class='ocrx_word' id='word_1_297' title='bbox 471 3111 537 3178; x_wconf 93' lang='lat' dir='ltr'><strong>noli</strong></span> <span class='ocrx_word' id='word_1_298' title='bbox 559 3122 590 3178; x_wconf 91' lang='lat' dir='ltr'><strong>te</strong></span> <span class='ocrx_word' id='word_1_299' title='bbox 611 3111 756 3179; x_wconf 83' lang='lat' dir='ltr'><strong>oblivisci</strong></span> <span class='ocrx_word' id='word_1_300' title='bbox 784 3111 969 3178; x_wconf 82' lang='lat' dir='ltr'><strong>Ciceronem</strong></span> <span class='ocrx_word' id='word_1_301' title='bbox 997 3131 1068 3176; x_wconf 89' lang='lat' dir='ltr'><strong>esse</strong></span> <span class='ocrx_word' id='word_1_302' title='bbox 1094 3120 1236 3182; x_wconf 87' lang='lat' dir='ltr'><strong>etcum,</strong></span> <span class='ocrx_word' id='word_1_303' title='bbox 1276 3113 1330 3196; x_wconf 83' lang='lat' dir='ltr'><strong>qui</strong></span> <span class='ocrx_word' id='word_1_304' title='bbox 1353 3109 1423 3174; x_wconf 89' lang='lat' dir='ltr'><strong>aliis</strong></span> <span class='ocrx_word' id='word_1_305' title='bbox 1443 3129 1520 3174; x_wconf 86' lang='lat' dir='ltr'><strong>cen-</strong></span> 
     </span>
     <span class='ocr_line' id='line_1_30' title="bbox 185 3199 1519 3294; baseline -0.007 -20"><span class='ocrx_word' id='word_1_306' title='bbox 185 3207 290 3274; x_wconf 87' lang='lat' dir='ltr'><strong>sueris</strong></span> <span class='ocrx_word' id='word_1_307' title='bbox 310 3207 495 3294; x_wconf 87' lang='lat' dir='ltr'><strong>praecipere</strong></span> <span class='ocrx_word' id='word_1_308' title='bbox 522 3217 554 3273; x_wconf 89' lang='lat' dir='ltr'><strong>et</strong></span> <span class='ocrx_word' id='word_1_309' title='bbox 582 3206 658 3274; x_wconf 90' lang='lat' dir='ltr'><strong>dare</strong></span> <span class='ocrx_word' id='word_1_310' title='bbox 680 3205 862 3283; x_wconf 72' lang='lat' dir='ltr'><strong>consilium</strong></span> <span class='ocrx_word' id='word_1_311' title='bbox 890 3225 995 3292; x_wconf 86' lang='lat' dir='ltr'><strong>neque</strong></span> <span class='ocrx_word' id='word_1_312' title='bbox 1015 3204 1139 3270; x_wconf 87' lang='lat' dir='ltr'><strong>imitare</strong></span> <span class='ocrx_word' id='word_1_313' title='bbox 1161 3204 1261 3269; x_wconf 87' lang='lat' dir='ltr'><strong>malos</strong></span> <span class='ocrx_word' id='word_1_314' title='bbox 1283 3201 1440 3276; x_wconf 89' lang='lat' dir='ltr'><strong>medicos,</strong></span> <span class='ocrx_word' id='word_1_315' title='bbox 1463 3199 1519 3288; x_wconf 81' lang='lat' dir='ltr'><strong>qui</strong></span> 
     </span>
     <span class='ocr_line' id='line_1_31' title="bbox 186 3295 1557 3388; baseline -0.008 -20"><span class='ocrx_word' id='word_1_316' title='bbox 186 3301 218 3368; x_wconf 91' lang='lat' dir='ltr'><strong>in</strong></span> <span class='ocrx_word' id='word_1_317' title='bbox 239 3301 352 3368; x_wconf 89' lang='lat' dir='ltr'><strong>alienis</strong></span> <span class='ocrx_word' id='word_1_318' title='bbox 374 3299 495 3367; x_wconf 91' lang='lat' dir='ltr'><strong>morbis</strong></span> <span class='ocrx_word' id='word_1_319' title='bbox 508 3301 698 3388; x_wconf 84' lang='lat' dir='ltr'><strong>profitentur</strong></span> <span class='ocrx_word' id='word_1_320' title='bbox 712 3310 819 3367; x_wconf 70' lang='lat' dir='ltr'><strong>tenue</strong></span> <span class='ocrx_word' id='word_1_321' title='bbox 841 3321 875 3366; x_wconf 91' lang='lat' dir='ltr'><strong>se</strong></span> <span class='ocrx_word' id='word_1_322' title='bbox 889 3297 1062 3364; x_wconf 90' lang='lat' dir='ltr'><strong>medicinae</strong></span> <span class='ocrx_word' id='word_1_323' title='bbox 1080 3297 1258 3371; x_wconf 89' lang='lat' dir='ltr'><strong>scientiam,</strong></span> <span class='ocrx_word' id='word_1_324' title='bbox 1280 3295 1341 3383; x_wconf 89' lang='lat' dir='ltr'><strong>ipsi</strong></span> <span class='ocrx_word' id='word_1_325' title='bbox 1355 3315 1389 3362; x_wconf 92' lang='lat' dir='ltr'><strong>se</strong></span> <span class='ocrx_word' id='word_1_326' title='bbox 1406 3313 1519 3361; x_wconf 89' lang='lat' dir='ltr'><strong>curare</strong></span> <span class='ocrx_word' id='word_1_327' title='bbox 1529 3315 1557 3357; x_wconf 83' lang='lat' dir='ltr'><strong>so</strong></span> 
     </span>
     <span class='ocr_line' id='line_1_32' title="bbox 186 3387 1520 3483; baseline -0.004 -23"><span class='ocrx_word' id='word_1_328' title='bbox 186 3415 251 3461; x_wconf 92' lang='lat' dir='ltr'><strong>non</strong></span> <span class='ocrx_word' id='word_1_329' title='bbox 275 3404 423 3481; x_wconf 86' lang='lat' dir='ltr'><strong>possunt;</strong></span> <span class='ocrx_word' id='word_1_330' title='bbox 456 3395 512 3461; x_wconf 91' lang='lat' dir='ltr'><strong>sed</strong></span> <span class='ocrx_word' id='word_1_331' title='bbox 532 3395 654 3483; x_wconf 89' lang='lat' dir='ltr'><strong>potius,</strong></span> <span class='ocrx_word' id='word_1_332' title='bbox 688 3417 769 3482; x_wconf 85' lang='lat' dir='ltr'><strong>quae</strong></span> <span class='ocrx_word' id='word_1_333' title='bbox 791 3393 859 3460; x_wconf 90' lang='lat' dir='ltr'><strong>aliis</strong></span> <span class='ocrx_word' id='word_1_334' title='bbox 881 3402 948 3460; x_wconf 90' lang='lat' dir='ltr'><strong>tute</strong></span> <span class='ocrx_word' id='word_1_335' title='bbox 976 3392 1161 3480; x_wconf 85' lang='lat' dir='ltr'><strong>praecipere</strong></span> <span class='ocrx_word' id='word_1_336' title='bbox 1183 3391 1280 3464; x_wconf 88' lang='lat' dir='ltr'><strong>soles,</strong></span> <span class='ocrx_word' id='word_1_337' title='bbox 1312 3409 1349 3454; x_wconf 90' lang='lat' dir='ltr'><strong>ea</strong></span> <span class='ocrx_word' id='word_1_338' title='bbox 1374 3397 1441 3454; x_wconf 91' lang='lat' dir='ltr'><strong>tute</strong></span> <span class='ocrx_word' id='word_1_339' title='bbox 1462 3387 1520 3456; x_wconf 85' lang='lat' dir='ltr'><strong>tibi</strong></span> 
     </span>
     <span class='ocr_line' id='line_1_33' title="bbox 187 3486 1522 3577; baseline -0.005 -22"><span class='ocrx_word' id='word_1_340' title='bbox 187 3488 308 3555; x_wconf 90' lang='lat' dir='ltr'><strong>subiice</strong></span> <span class='ocrx_word' id='word_1_341' title='bbox 320 3499 414 3576; x_wconf 90' lang='lat' dir='ltr'><strong>atque</strong></span> <span class='ocrx_word' id='word_1_342' title='bbox 428 3489 511 3577; x_wconf 91' lang='lat' dir='ltr'><strong>apud</strong></span> <span class='ocrx_word' id='word_1_343' title='bbox 525 3491 664 3556; x_wconf 89' lang='lat' dir='ltr'><strong>animum</strong></span> <span class='ocrx_word' id='word_1_344' title='bbox 676 3509 830 3577; x_wconf 87' lang='lat' dir='ltr'><strong>propone.</strong></span> <span class='ocrx_word' id='word_1_345' title='bbox 853 3493 883 3554; x_wconf 83' lang='lat' dir='ltr'><strong>d.</strong></span> <span class='ocrx_word' id='word_1_346' title='bbox 898 3487 1008 3554; x_wconf 88' lang='lat' dir='ltr'><strong>Nullus</strong></span> <span class='ocrx_word' id='word_1_347' title='bbox 1023 3486 1117 3553; x_wconf 93' lang='lat' dir='ltr'><strong>dolor</strong></span> <span class='ocrx_word' id='word_1_348' title='bbox 1135 3493 1191 3560; x_wconf 90' lang='lat' dir='ltr'><strong>est,</strong></span> <span class='ocrx_word' id='word_1_349' title='bbox 1215 3504 1309 3572; x_wconf 88' lang='lat' dir='ltr'><strong>quem</strong></span> <span class='ocrx_word' id='word_1_350' title='bbox 1321 3503 1385 3549; x_wconf 91' lang='lat' dir='ltr'><strong>non</strong></span> <span class='ocrx_word' id='word_1_351' title='bbox 1399 3486 1522 3569; x_wconf 86' lang='lat' dir='ltr'><strong>longin-</strong></span> 
     </span>
     <span class='ocr_line' id='line_1_34' title="bbox 187 3575 1522 3670; baseline -0.003 -22"><span class='ocrx_word' id='word_1_352' title='bbox 187 3581 292 3669; x_wconf 88' lang='lat' dir='ltr'><strong>quitas</strong></span> <span class='ocrx_word' id='word_1_353' title='bbox 312 3583 464 3670; x_wconf 90' lang='lat' dir='ltr'><strong>temporis</strong></span> <span class='ocrx_word' id='word_1_354' title='bbox 483 3589 603 3650; x_wconf 90' lang='lat' dir='ltr'><strong>minuat</strong></span> <span class='ocrx_word' id='word_1_355' title='bbox 623 3603 660 3648; x_wconf 90' lang='lat' dir='ltr'><strong>ac</strong></span> <span class='ocrx_word' id='word_1_356' title='bbox 677 3583 806 3650; x_wconf 87' lang='lat' dir='ltr'><strong>molliat.</strong></span> <span class='ocrx_word' id='word_1_357' title='bbox 854 3585 924 3648; x_wconf 84' lang='lat' dir='ltr'><strong>Hoc</strong></span> <span class='ocrx_word' id='word_1_358' title='bbox 942 3591 973 3646; x_wconf 90' lang='lat' dir='ltr'><strong>te</strong></span> <span class='ocrx_word' id='word_1_359' title='bbox 996 3587 1180 3668; x_wconf 85' lang='lat' dir='ltr'><strong>exspectare</strong></span> <span class='ocrx_word' id='word_1_360' title='bbox 1208 3587 1331 3665; x_wconf 89' lang='lat' dir='ltr'><strong>tempus</strong></span> <span class='ocrx_word' id='word_1_361' title='bbox 1348 3575 1404 3643; x_wconf 93' lang='lat' dir='ltr'><strong>tibi</strong></span> <span class='ocrx_word' id='word_1_362' title='bbox 1429 3587 1522 3665; x_wconf 87' lang='lat' dir='ltr'><strong>turpe</strong></span> 
     </span>
     <span class='ocr_line' id='line_1_35' title="bbox 188 3671 1521 3765; baseline -0.002 -25"><span class='ocrx_word' id='word_1_363' title='bbox 188 3684 251 3748; x_wconf 87' lang='lat' dir='ltr'><strong>est,</strong></span> <span class='ocrx_word' id='word_1_364' title='bbox 274 3696 312 3740; x_wconf 91' lang='lat' dir='ltr'><strong>ac</strong></span> <span class='ocrx_word' id='word_1_365' title='bbox 334 3697 396 3742; x_wconf 92' lang='lat' dir='ltr'><strong>non</strong></span> <span class='ocrx_word' id='word_1_366' title='bbox 418 3679 448 3744; x_wconf 89' lang='lat' dir='ltr'><strong>ei</strong></span> <span class='ocrx_word' id='word_1_367' title='bbox 470 3683 518 3744; x_wconf 90' lang='lat' dir='ltr'><strong>rei</strong></span> <span class='ocrx_word' id='word_1_368' title='bbox 539 3677 691 3765; x_wconf 85' lang='lat' dir='ltr'><strong>sapientia</strong></span> <span class='ocrx_word' id='word_1_369' title='bbox 713 3685 818 3744; x_wconf 86' lang='lat' dir='ltr'><strong>tuate</strong></span> <span class='ocrx_word' id='word_1_370' title='bbox 839 3697 1019 3743; x_wconf 87' lang='lat' dir='ltr'><strong>occurrere.</strong></span> <span class='ocrx_word' id='word_1_371' title='bbox 1062 3673 1185 3754; x_wconf 88' lang='lat' dir='ltr'><strong>Quodsi</strong></span> <span class='ocrx_word' id='word_1_372' title='bbox 1213 3673 1268 3760; x_wconf 85' lang='lat' dir='ltr'><strong>qui</strong></span> <span class='ocrx_word' id='word_1_373' title='bbox 1298 3677 1392 3738; x_wconf 90' lang='lat' dir='ltr'><strong>etiam</strong></span> <span class='ocrx_word' id='word_1_374' title='bbox 1411 3671 1521 3738; x_wconf 86' lang='lat' dir='ltr'><strong>inieris</strong></span> 
     </span>
     <span class='ocr_line' id='line_1_36' title="bbox 188 3766 1559 3859; baseline -0.002 -24"><span class='ocrx_word' id='word_1_375' title='bbox 188 3791 300 3836; x_wconf 87' lang='lat' dir='ltr'><strong>sensus</strong></span> <span class='ocrx_word' id='word_1_376' title='bbox 311 3780 378 3844; x_wconf 90' lang='lat' dir='ltr'><strong>est,</strong></span> <span class='ocrx_word' id='word_1_377' title='bbox 401 3776 455 3859; x_wconf 83' lang='lat' dir='ltr'><strong>qui</strong></span> <span class='ocrx_word' id='word_1_378' title='bbox 476 3772 559 3838; x_wconf 93' lang='lat' dir='ltr'><strong>illius</strong></span> <span class='ocrx_word' id='word_1_379' title='bbox 573 3772 606 3837; x_wconf 93' lang='lat' dir='ltr'><strong>in</strong></span> <span class='ocrx_word' id='word_1_380' title='bbox 627 3781 657 3837; x_wconf 91' lang='lat' dir='ltr'><strong>te</strong></span> <span class='ocrx_word' id='word_1_381' title='bbox 672 3793 763 3838; x_wconf 88' lang='lat' dir='ltr'><strong>amor</strong></span> <span class='ocrx_word' id='word_1_382' title='bbox 779 3771 838 3838; x_wconf 83' lang='lat' dir='ltr'><strong>fuit</strong></span> <span class='ocrx_word' id='word_1_383' title='bbox 862 3771 1025 3857; x_wconf 88' lang='lat' dir='ltr'><strong>pietasque</strong></span> <span class='ocrx_word' id='word_1_384' title='bbox 1049 3773 1083 3835; x_wconf 94' lang='lat' dir='ltr'><strong>in</strong></span> <span class='ocrx_word' id='word_1_385' title='bbox 1109 3791 1220 3835; x_wconf 92' lang='lat' dir='ltr'><strong>omnes</strong></span> <span class='ocrx_word' id='word_1_386' title='bbox 1237 3787 1328 3839; x_wconf 88' lang='lat' dir='ltr'><strong>suos,</strong></span> <span class='ocrx_word' id='word_1_387' title='bbox 1351 3766 1413 3832; x_wconf 86' lang='lat' dir='ltr'><strong>hoc</strong></span> <span class='ocrx_word' id='word_1_388' title='bbox 1435 3775 1559 3832; x_wconf 67' lang='lat' dir='ltr'><strong>cauea</strong></span> 
     </span>
     <span class='ocr_line' id='line_1_37' title="bbox 188 3860 1522 3943; baseline -0.001 -15"><span class='ocrx_word' id='word_1_389' title='bbox 188 3863 293 3932; x_wconf 84' lang='lat' dir='ltr'><strong>illata</strong></span> <span class='ocrx_word' id='word_1_390' title='bbox 319 3863 423 3930; x_wconf 84' lang='lat' dir='ltr'><strong>lacere</strong></span> <span class='ocrx_word' id='word_1_391' title='bbox 448 3885 512 3932; x_wconf 92' lang='lat' dir='ltr'><strong>non</strong></span> <span class='ocrx_word' id='word_1_392' title='bbox 530 3865 606 3932; x_wconf 80' lang='lat' dir='ltr'><strong>vult</strong></span> <span class='ocrx_word' id='word_1_393' title='bbox 648 3871 696 3931; x_wconf 87' lang='lat' dir='ltr'><strong>Da</strong></span> <span class='ocrx_word' id='word_1_394' title='bbox 719 3865 780 3933; x_wconf 89' lang='lat' dir='ltr'><strong>hoc</strong></span> <span class='ocrx_word' id='word_1_395' title='bbox 802 3865 848 3931; x_wconf 92' lang='lat' dir='ltr'><strong>illi</strong></span> <span class='ocrx_word' id='word_1_396' title='bbox 867 3873 1025 3943; x_wconf 64' lang='lat' dir='ltr'><strong>mortuam</strong></span> <span class='ocrx_word' id='word_1_397' title='bbox 1049 3862 1089 3929; x_wconf 89' lang='lat' dir='ltr'><strong>da</strong></span> <span class='ocrx_word' id='word_1_398' title='bbox 1114 3867 1227 3929; x_wconf 88' lang='lat' dir='ltr'><strong>ceteris</strong></span> <span class='ocrx_word' id='word_1_399' title='bbox 1245 3860 1353 3926; x_wconf 86' lang='lat' dir='ltr'><strong>amicis</strong></span> <span class='ocrx_word' id='word_1_400' title='bbox 1377 3881 1414 3925; x_wconf 90' lang='lat' dir='ltr'><strong>ac</strong></span> <span class='ocrx_word' id='word_1_401' title='bbox 1430 3860 1522 3926; x_wconf 86' lang='lat' dir='ltr'><strong>iami-</strong></span> 
     </span>
     <span class='ocr_line' id='line_1_38' title="bbox 189 3955 1520 4046; baseline -0.002 -24"><span class='ocrx_word' id='word_1_402' title='bbox 189 3955 339 4032; x_wconf 87' lang='lat' dir='ltr'><strong>liaribus,</strong></span> <span class='ocrx_word' id='word_1_403' title='bbox 362 3964 415 4046; x_wconf 87' lang='lat' dir='ltr'><strong>qui</strong></span> <span class='ocrx_word' id='word_1_404' title='bbox 438 3966 494 4026; x_wconf 95' lang='lat' dir='ltr'><strong>tuo</strong></span> <span class='ocrx_word' id='word_1_405' title='bbox 514 3959 627 4026; x_wconf 90' lang='lat' dir='ltr'><strong>dolore</strong></span> <span class='ocrx_word' id='word_1_406' title='bbox 649 3969 804 4037; x_wconf 77' lang='lat' dir='ltr'><strong>maerent:</strong></span> <span class='ocrx_word' id='word_1_407' title='bbox 833 3957 872 4025; x_wconf 94' lang='lat' dir='ltr'><strong>da</strong></span> <span class='ocrx_word' id='word_1_408' title='bbox 897 3958 1033 4046; x_wconf 86' lang='lat' dir='ltr'><strong>patriae,</strong></span> <span class='ocrx_word' id='word_1_409' title='bbox 1056 3966 1109 4031; x_wconf 89' lang='lat' dir='ltr'><strong>ut,</strong></span> <span class='ocrx_word' id='word_1_410' title='bbox 1132 3958 1159 4022; x_wconf 90' lang='lat' dir='ltr'><strong>si</strong></span> <span class='ocrx_word' id='word_1_411' title='bbox 1181 3977 1243 4045; x_wconf 85' lang='lat' dir='ltr'><strong>qua</strong></span> <span class='ocrx_word' id='word_1_412' title='bbox 1261 3956 1346 4020; x_wconf 88' lang='lat' dir='ltr'><strong>inre</strong></span> <span class='ocrx_word' id='word_1_413' title='bbox 1368 3974 1449 4041; x_wconf 92' lang='lat' dir='ltr'><strong>opus</strong></span> <span class='ocrx_word' id='word_1_414' title='bbox 1463 3960 1520 4030; x_wconf 89' lang='lat' dir='ltr'><strong>sit,</strong></span> 
     </span>
     <span class='ocr_line' id='line_1_39' title="bbox 190 4049 1521 4140; baseline 0 -24"><span class='ocrx_word' id='word_1_415' title='bbox 190 4073 289 4139; x_wconf 88' lang='lat' dir='ltr'><strong>opera</strong></span> <span class='ocrx_word' id='word_1_416' title='bbox 312 4062 344 4118; x_wconf 90' lang='lat' dir='ltr'><strong>et</strong></span> <span class='ocrx_word' id='word_1_417' title='bbox 364 4051 495 4119; x_wconf 88' lang='lat' dir='ltr'><strong>consilio</strong></span> <span class='ocrx_word' id='word_1_418' title='bbox 521 4064 576 4119; x_wconf 91' lang='lat' dir='ltr'><strong>tuo</strong></span> <span class='ocrx_word' id='word_1_419' title='bbox 604 4053 650 4119; x_wconf 93' lang='lat' dir='ltr'><strong>uti</strong></span> <span class='ocrx_word' id='word_1_420' title='bbox 670 4058 779 4140; x_wconf 81' lang='lat' dir='ltr'><strong>possit</strong></span> <span class='ocrx_word' id='word_1_421' title='bbox 835 4053 996 4140; x_wconf 84' lang='lat' dir='ltr'><strong>Denique,</strong></span> <span class='ocrx_word' id='word_1_422' title='bbox 1026 4051 1175 4140; x_wconf 82' lang='lat' dir='ltr'><strong>quomam</strong></span> <span class='ocrx_word' id='word_1_423' title='bbox 1205 4056 1238 4116; x_wconf 90' lang='lat' dir='ltr'><strong>in</strong></span> <span class='ocrx_word' id='word_1_424' title='bbox 1265 4068 1335 4114; x_wconf 87' lang='lat' dir='ltr'><strong>eam</strong></span> <span class='ocrx_word' id='word_1_425' title='bbox 1363 4049 1521 4116; x_wconf 80' lang='lat' dir='ltr'><strong>tartunam</strong></span> 
     </span>
     <span class='ocr_line' id='line_1_40' title="bbox 190 4141 1522 4222; baseline -0.004 -10"><span class='ocrx_word' id='word_1_426' title='bbox 190 4144 390 4219; x_wconf 78' lang='lat' dir='ltr'><strong>devenimus,</strong></span> <span class='ocrx_word' id='word_1_427' title='bbox 411 4155 447 4213; x_wconf 90' lang='lat' dir='ltr'><strong>ut</strong></span> <span class='ocrx_word' id='word_1_428' title='bbox 463 4152 557 4213; x_wconf 89' lang='lat' dir='ltr'><strong>etiam</strong></span> <span class='ocrx_word' id='word_1_429' title='bbox 584 4147 656 4214; x_wconf 88' lang='lat' dir='ltr'><strong>huic</strong></span> <span class='ocrx_word' id='word_1_430' title='bbox 674 4147 723 4214; x_wconf 86' lang='lat' dir='ltr'><strong>rei</strong></span> <span class='ocrx_word' id='word_1_431' title='bbox 743 4146 835 4213; x_wconf 88' lang='lat' dir='ltr'><strong>nobis</strong></span> <span class='ocrx_word' id='word_1_432' title='bbox 861 4144 1063 4212; x_wconf 87' lang='lat' dir='ltr'><strong>serviendum</strong></span> <span class='ocrx_word' id='word_1_433' title='bbox 1088 4145 1144 4222; x_wconf 91' lang='lat' dir='ltr'><strong>sit,</strong></span> <span class='ocrx_word' id='word_1_434' title='bbox 1166 4145 1231 4211; x_wconf 91' lang='lat' dir='ltr'><strong>noli</strong></span> <span class='ocrx_word' id='word_1_435' title='bbox 1253 4141 1464 4217; x_wconf 85' lang='lat' dir='ltr'><strong>committere,</strong></span> <span class='ocrx_word' id='word_1_436' title='bbox 1486 4152 1522 4209; x_wconf 92' lang='lat' dir='ltr'><strong>ut</strong></span> 
     </span>
     <span class='ocr_line' id='line_1_41' title="bbox 191 4235 1559 4328; baseline -0.002 -22"><span class='ocrx_word' id='word_1_437' title='bbox 191 4245 357 4328; x_wconf 85' lang='lat' dir='ltr'><strong>quisquam</strong></span> <span class='ocrx_word' id='word_1_438' title='bbox 374 4249 405 4305; x_wconf 90' lang='lat' dir='ltr'><strong>te</strong></span> <span class='ocrx_word' id='word_1_439' title='bbox 425 4249 513 4328; x_wconf 91' lang='lat' dir='ltr'><strong>putet</strong></span> <span class='ocrx_word' id='word_1_440' title='bbox 534 4262 598 4307; x_wconf 95' lang='lat' dir='ltr'><strong>non</strong></span> <span class='ocrx_word' id='word_1_441' title='bbox 619 4251 682 4310; x_wconf 66' lang='lat' dir='ltr'><strong>um</strong></span> <span class='ocrx_word' id='word_1_442' title='bbox 703 4239 798 4308; x_wconf 87' lang='lat' dir='ltr'><strong>liliam</strong></span> <span class='ocrx_word' id='word_1_443' title='bbox 817 4263 911 4328; x_wconf 90' lang='lat' dir='ltr'><strong>quam</strong></span> <span class='ocrx_word' id='word_1_444' title='bbox 932 4239 979 4304; x_wconf 88' lang='lat' dir='ltr'><strong>rei</strong></span> <span class='ocrx_word' id='word_1_445' title='bbox 1003 4237 1147 4326; x_wconf 86' lang='lat' dir='ltr'><strong>publicae</strong></span> <span class='ocrx_word' id='word_1_446' title='bbox 1169 4248 1313 4326; x_wconf 87' lang='lat' dir='ltr'><strong>tempora</strong></span> <span class='ocrx_word' id='word_1_447' title='bbox 1335 4245 1367 4301; x_wconf 92' lang='lat' dir='ltr'><strong>et</strong></span> <span class='ocrx_word' id='word_1_448' title='bbox 1384 4235 1559 4303; x_wconf 76' lang='lat' dir='ltr'><strong>aliorumtt</strong></span> 
     </span>
     <span class='ocr_line' id='line_1_42' title="bbox 191 4329 1521 4420; baseline -0.005 -20"><span class='ocrx_word' id='word_1_449' title='bbox 191 4339 356 4400; x_wconf 81' lang='lat' dir='ltr'><strong>victoriam</strong></span> <span class='ocrx_word' id='word_1_450' title='bbox 376 4335 496 4420; x_wconf 89' lang='lat' dir='ltr'><strong>lugere.</strong></span> <span class='ocrx_word' id='word_1_451' title='bbox 538 4335 632 4402; x_wconf 89' lang='lat' dir='ltr'><strong>Plura</strong></span> <span class='ocrx_word' id='word_1_452' title='bbox 658 4358 710 4402; x_wconf 91' lang='lat' dir='ltr'><strong>me</strong></span> <span class='ocrx_word' id='word_1_453' title='bbox 728 4334 768 4402; x_wconf 83' lang='lat' dir='ltr'><strong>ad</strong></span> <span class='ocrx_word' id='word_1_454' title='bbox 790 4343 821 4402; x_wconf 90' lang='lat' dir='ltr'><strong>te</strong></span> <span class='ocrx_word' id='word_1_455' title='bbox 844 4334 882 4401; x_wconf 92' lang='lat' dir='ltr'><strong>de</strong></span> <span class='ocrx_word' id='word_1_456' title='bbox 906 4333 964 4400; x_wconf 87' lang='lat' dir='ltr'><strong>lmc</strong></span> <span class='ocrx_word' id='word_1_457' title='bbox 986 4353 1023 4399; x_wconf 89' lang='lat' dir='ltr'><strong>re</strong></span> <span class='ocrx_word' id='word_1_458' title='bbox 1048 4331 1187 4399; x_wconf 87' lang='lat' dir='ltr'><strong>scribere</strong></span> <span class='ocrx_word' id='word_1_459' title='bbox 1215 4335 1326 4420; x_wconf 91' lang='lat' dir='ltr'><strong>pudet,</strong></span> <span class='ocrx_word' id='word_1_460' title='bbox 1349 4351 1393 4395; x_wconf 89' lang='lat' dir='ltr'><strong>ne</strong></span> <span class='ocrx_word' id='word_1_461' title='bbox 1412 4329 1521 4396; x_wconf 83' lang='lat' dir='ltr'><strong>videat·</strong></span> 
     </span>
     <span class='ocr_line' id='line_1_43' title="bbox 191 4425 1522 4520; baseline -0.002 -28"><span class='ocrx_word' id='word_1_462' title='bbox 191 4427 377 4515; x_wconf 87' lang='lat' dir='ltr'><strong>prudentiae</strong></span> <span class='ocrx_word' id='word_1_463' title='bbox 399 4438 470 4494; x_wconf 90' lang='lat' dir='ltr'><strong>tuae</strong></span> <span class='ocrx_word' id='word_1_464' title='bbox 492 4428 651 4496; x_wconf 87' lang='lat' dir='ltr'><strong>diffidere:</strong></span> <span class='ocrx_word' id='word_1_465' title='bbox 675 4451 789 4520; x_wconf 86' lang='lat' dir='ltr'><strong>quare,</strong></span> <span class='ocrx_word' id='word_1_466' title='bbox 811 4429 838 4496; x_wconf 91' lang='lat' dir='ltr'><strong>si</strong></span> <span class='ocrx_word' id='word_1_467' title='bbox 860 4429 921 4495; x_wconf 90' lang='lat' dir='ltr'><strong>hoc</strong></span> <span class='ocrx_word' id='word_1_468' title='bbox 941 4449 1039 4494; x_wconf 92' lang='lat' dir='ltr'><strong>uuum</strong></span> <span class='ocrx_word' id='word_1_469' title='bbox 1054 4447 1270 4514; x_wconf 87' lang='lat' dir='ltr'><strong>proposuero,</strong></span> <span class='ocrx_word' id='word_1_470' title='bbox 1294 4430 1388 4496; x_wconf 90' lang='lat' dir='ltr'><strong>linem</strong></span> <span class='ocrx_word' id='word_1_471' title='bbox 1409 4425 1522 4512; x_wconf 86' lang='lat' dir='ltr'><strong>iactam</strong></span> 
     </span>
     <span class='ocr_line' id='line_1_44' title="bbox 192 4520 1522 4612; baseline -0.003 -25"><span class='ocrx_word' id='word_1_472' title='bbox 192 4520 360 4587; x_wconf 87' lang='lat' dir='ltr'><strong>scribendi.</strong></span> <span class='ocrx_word' id='word_1_473' title='bbox 405 4521 546 4590; x_wconf 87' lang='lat' dir='ltr'><strong>Vidimus</strong></span> <span class='ocrx_word' id='word_1_474' title='bbox 573 4523 738 4612; x_wconf 87' lang='lat' dir='ltr'><strong>aliquoties</strong></span> <span class='ocrx_word' id='word_1_475' title='bbox 767 4523 935 4590; x_wconf 89' lang='lat' dir='ltr'><strong>secundam</strong></span> <span class='ocrx_word' id='word_1_476' title='bbox 961 4520 1174 4608; x_wconf 88' lang='lat' dir='ltr'><strong>pulcherrime</strong></span> <span class='ocrx_word' id='word_1_477' title='bbox 1202 4531 1234 4587; x_wconf 93' lang='lat' dir='ltr'><strong>te</strong></span> <span class='ocrx_word' id='word_1_478' title='bbox 1256 4523 1340 4589; x_wconf 85' lang='lat' dir='ltr'><strong>ierre</strong></span> <span class='ocrx_word' id='word_1_479' title='bbox 1363 4523 1522 4587; x_wconf 80' lang='lat' dir='ltr'><strong>lor-tunam</strong></span> 
     </span>
     <span class='ocr_line' id='line_1_45' title="bbox 192 4613 1520 4703; baseline -0.002 -23"><span class='ocrx_word' id='word_1_480' title='bbox 192 4635 400 4702; x_wconf 84' lang='lat' dir='ltr'><strong>magnumque</strong></span> <span class='ocrx_word' id='word_1_481' title='bbox 421 4637 572 4682; x_wconf 81' lang='lat' dir='ltr'><strong>creare</strong></span> <span class='ocrx_word' id='word_1_482' title='bbox 589 4627 620 4682; x_wconf 90' lang='lat' dir='ltr'><strong>te</strong></span> <span class='ocrx_word' id='word_1_483' title='bbox 638 4617 763 4685; x_wconf 90' lang='lat' dir='ltr'><strong>laudem</strong></span> <span class='ocrx_word' id='word_1_484' title='bbox 781 4618 897 4703; x_wconf 88' lang='lat' dir='ltr'><strong>apisci:</strong></span> <span class='ocrx_word' id='word_1_485' title='bbox 921 4615 970 4680; x_wconf 83' lang='lat' dir='ltr'><strong>iac</strong></span> <span class='ocrx_word' id='word_1_486' title='bbox 991 4613 1158 4702; x_wconf 85' lang='lat' dir='ltr'><strong>aliquando</strong></span> <span class='ocrx_word' id='word_1_487' title='bbox 1178 4615 1387 4702; x_wconf 88' lang='lat' dir='ltr'><strong>intelligamus</strong></span> <span class='ocrx_word' id='word_1_488' title='bbox 1408 4613 1520 4680; x_wconf 85' lang='lat' dir='ltr'><strong>adver·</strong></span> 
     </span>
    </p>
   </div>
   <div class='ocr_carea' id='block_1_3' title="bbox 193 4739 1524 5160">
    <p class='ocr_par' dir='ltr' id='par_1_3' title="bbox 193 4739 1524 5160">
     <span class='ocr_line' id='line_1_46' title="bbox 262 4739 1521 4806; baseline -0.004 -12"><span class='ocrx_word' id='word_1_489' title='bbox 262 4743 288 4794; x_wconf 90' lang='lat'><strong>1.</strong></span> <span class='ocrx_word' id='word_1_490' title='bbox 317 4749 431 4806; x_wconf 80' lang='lat' dir='ltr'><strong>pareret</strong></span> <span class='ocrx_word' id='word_1_491' title='bbox 455 4743 493 4796; x_wconf 83' lang='grc' dir='ltr'><strong>Μ.</strong></span> <span class='ocrx_word' id='word_1_492' title='bbox 526 4770 558 4781; x_wconf 92' lang='grc'>-</span> <span class='ocrx_word' id='word_1_493' title='bbox 594 4745 621 4796; x_wconf 86' lang='lat' dir='ltr'><strong>e.</strong></span> <span class='ocrx_word' id='word_1_494' title='bbox 648 4751 731 4795; x_wconf 76' lang='lat' dir='ltr'><strong>meent</strong></span> <span class='ocrx_word' id='word_1_495' title='bbox 749 4745 778 4796; x_wconf 88' lang='lat' dir='ltr'><strong>tn</strong></span> <span class='ocrx_word' id='word_1_496' title='bbox 795 4759 824 4796; x_wconf 82' lang='lat' dir='ltr'><strong>rs</strong></span> <span class='ocrx_word' id='word_1_497' title='bbox 841 4741 968 4806; x_wconf 76' lang='lat' dir='ltr'><strong>potitae?</strong></span> <span class='ocrx_word' id='word_1_498' title='bbox 994 4743 1024 4791; x_wconf 81' lang='lat' dir='ltr'><strong>tn</strong></span> <span class='ocrx_word' id='word_1_499' title='bbox 1042 4741 1073 4792; x_wconf 82' lang='lat' dir='ltr'><strong>il.</strong></span> <span class='ocrx_word' id='word_1_500' title='bbox 1106 4768 1134 4779; x_wconf 98' lang='lat'><em>-</em></span> <span class='ocrx_word' id='word_1_501' title='bbox 1173 4745 1213 4793; x_wconf 82' lang='lat' dir='ltr'><strong>ott</strong></span> <span class='ocrx_word' id='word_1_502' title='bbox 1239 4744 1285 4795; x_wconf 81' lang='lat' dir='ltr'><strong>ii:</strong></span> <span class='ocrx_word' id='word_1_503' title='bbox 1313 4750 1449 4794; x_wconf 80' lang='lat' dir='ltr'><strong>uterentur</strong></span> <span class='ocrx_word' id='word_1_504' title='bbox 1478 4739 1521 4801; x_wconf 83' lang='lat' dir='ltr'><strong>lt,</strong></span> 
     </span>
     <span class='ocr_line' id='line_1_47' title="bbox 193 4809 1524 4880; baseline -0.001 -19"><span class='ocrx_word' id='word_1_505' title='bbox 193 4811 234 4861; x_wconf 81' lang='lat' dir='ltr'><strong>uri</strong></span> <span class='ocrx_word' id='word_1_506' title='bbox 251 4811 504 4880; x_wconf 75' lang='lat' dir='ltr'><strong>idertyui-Laguna.</strong></span> <span class='ocrx_word' id='word_1_507' title='bbox 526 4837 557 4850; x_wconf 90' lang='lat'>-</span> <span class='ocrx_word' id='word_1_508' title='bbox 593 4813 873 4866; x_wconf 61' lang='lat' dir='ltr'><strong>consuessent.</strong></span> <span class='ocrx_word' id='word_1_509' title='bbox 900 4839 925 4848; x_wconf 99' lang='lat'>-</span> <span class='ocrx_word' id='word_1_510' title='bbox 962 4811 990 4862; x_wconf 82' lang='grc'><strong>5.</strong></span> <span class='ocrx_word' id='word_1_511' title='bbox 1010 4812 1056 4862; x_wconf 79' lang='lat' dir='ltr'><strong>noe</strong></span> <span class='ocrx_word' id='word_1_512' title='bbox 1073 4813 1146 4876; x_wconf 73' lang='lat' dir='ltr'><strong>pem</strong></span> <span class='ocrx_word' id='word_1_513' title='bbox 1164 4811 1208 4864; x_wconf 77' lang='grc' dir='ltr'><strong>Μι</strong></span> <span class='ocrx_word' id='word_1_514' title='bbox 1236 4815 1310 4878; x_wconf 79' lang='lat' dir='ltr'><strong>patos</strong></span> <span class='ocrx_word' id='word_1_515' title='bbox 1328 4815 1360 4863; x_wconf 73' lang='lat' dir='ltr'><strong>E.</strong></span> <span class='ocrx_word' id='word_1_516' title='bbox 1382 4837 1412 4847; x_wconf 97' lang='lat'>-</span> <span class='ocrx_word' id='word_1_517' title='bbox 1432 4809 1459 4862; x_wconf 84' lang='grc'><strong>7.</strong></span> <span class='ocrx_word' id='word_1_518' title='bbox 1478 4811 1524 4860; x_wconf 89' lang='lat' dir='ltr'><strong>do-</strong></span> 
     </span>
     <span class='ocr_line' id='line_1_48' title="bbox 194 4879 1523 4946; baseline 0.002 -16"><span class='ocrx_word' id='word_1_519' title='bbox 194 4879 275 4932; x_wconf 82' lang='lat' dir='ltr'><strong>lerem</strong></span> <span class='ocrx_word' id='word_1_520' title='bbox 292 4885 407 4936; x_wconf 78' lang='lat' dir='ltr'><strong>minuere</strong></span> <span class='ocrx_word' id='word_1_521' title='bbox 425 4885 469 4936; x_wconf 75' lang='lat' dir='ltr'><strong>its</strong></span> <span class='ocrx_word' id='word_1_522' title='bbox 493 4886 610 4936; x_wconf 81' lang='lat' dir='ltr'><strong>minuere</strong></span> <span class='ocrx_word' id='word_1_523' title='bbox 626 4885 743 4935; x_wconf 64' lang='lat' dir='ltr'><strong>domem</strong></span> <span class='ocrx_word' id='word_1_524' title='bbox 761 4885 791 4934; x_wconf 80' lang='lat' dir='ltr'><strong>E.</strong></span> <span class='ocrx_word' id='word_1_525' title='bbox 822 4909 853 4920; x_wconf 97' lang='lat'>-</span> <span class='ocrx_word' id='word_1_526' title='bbox 889 4883 916 4934; x_wconf 80' lang='grc'><strong>9.</strong></span> <span class='ocrx_word' id='word_1_527' title='bbox 935 4887 998 4934; x_wconf 85' lang='lat' dir='ltr'><strong>ants</strong></span> <span class='ocrx_word' id='word_1_528' title='bbox 1015 4896 1054 4934; x_wconf 85' lang='lat' dir='ltr'><strong>ms</strong></span> <span class='ocrx_word' id='word_1_529' title='bbox 1071 4881 1182 4946; x_wconf 75' lang='lat' dir='ltr'><strong>Megara</strong></span> <span class='ocrx_word' id='word_1_530' title='bbox 1201 4883 1338 4934; x_wconf 76' lang='lat' dir='ltr'><strong>Orelliuss</strong></span> <span class='ocrx_word' id='word_1_531' title='bbox 1358 4889 1420 4933; x_wconf 86' lang='lat' dir='ltr'><strong>onte</strong></span> <span class='ocrx_word' id='word_1_532' title='bbox 1441 4893 1523 4932; x_wconf 69' lang='lat' dir='ltr'><strong>mna</strong></span> 
     </span>
     <span class='ocr_line' id='line_1_49' title="bbox 194 4951 1522 5019; baseline 0.001 -19"><span class='ocrx_word' id='word_1_533' title='bbox 194 4965 258 5016; x_wconf 80' lang='lat' dir='ltr'><strong>pore</strong></span> <span class='ocrx_word' id='word_1_534' title='bbox 276 4953 320 5011; x_wconf 85' lang='lat' dir='ltr'><strong>ld,</strong></span> <span class='ocrx_word' id='word_1_535' title='bbox 352 4959 413 5005; x_wconf 84' lang='lat' dir='ltr'><strong>onte</strong></span> <span class='ocrx_word' id='word_1_536' title='bbox 430 4953 541 5019; x_wconf 77' lang='lat' dir='ltr'><strong>dispare</strong></span> <span class='ocrx_word' id='word_1_537' title='bbox 567 4953 598 5005; x_wconf 80' lang='grc' dir='ltr'><strong>Ε.</strong></span> <span class='ocrx_word' id='word_1_538' title='bbox 626 4979 661 4989; x_wconf 89' lang='grc'>-</span> <span class='ocrx_word' id='word_1_539' title='bbox 696 4955 740 5005; x_wconf 79' lang='lat' dir='ltr'><strong>tt.</strong></span> <span class='ocrx_word' id='word_1_540' title='bbox 760 4955 845 5004; x_wconf 83' lang='lat' dir='ltr'><strong>tacent</strong></span> <span class='ocrx_word' id='word_1_541' title='bbox 864 4953 904 5004; x_wconf 81' lang='lat' dir='ltr'><strong>ll:</strong></span> <span class='ocrx_word' id='word_1_542' title='bbox 932 4953 1036 5004; x_wconf 80' lang='lat' dir='ltr'><strong>taceant</strong></span> <span class='ocrx_word' id='word_1_543' title='bbox 1064 4951 1097 5002; x_wconf 85' lang='lat' dir='ltr'><strong>it.</strong></span> <span class='ocrx_word' id='word_1_544' title='bbox 1129 4979 1162 4986; x_wconf 99' lang='lat'>—</span> <span class='ocrx_word' id='word_1_545' title='bbox 1198 4955 1241 5004; x_wconf 87' lang='lat' dir='ltr'><strong>l&#39;l.</strong></span> <span class='ocrx_word' id='word_1_546' title='bbox 1269 4954 1398 5006; x_wconf 65' lang='lat' dir='ltr'><strong>cacumini</strong></span> <span class='ocrx_word' id='word_1_547' title='bbox 1423 4951 1462 5002; x_wconf 81' lang='lat' dir='ltr'><strong>ll.</strong></span> <span class='ocrx_word' id='word_1_548' title='bbox 1492 4971 1522 4986; x_wconf 91' lang='lat'>-</span> 
     </span>
     <span class='ocr_line' id='line_1_50' title="bbox 197 5021 1522 5118; baseline 0.001 -47"><span class='ocrx_word' id='word_1_549' title='bbox 197 5021 240 5072; x_wconf 81' lang='lat'><strong>¹8.</strong></span> <span class='ocrx_word' id='word_1_550' title='bbox 255 5023 351 5087; x_wconf 79' lang='lat' dir='ltr'><strong>popuii</strong></span> <span class='ocrx_word' id='word_1_551' title='bbox 367 5025 480 5075; x_wconf 80' lang='lat' dir='ltr'><strong>itomunt</strong></span> <span class='ocrx_word' id='word_1_552' title='bbox 498 5023 633 5076; x_wconf 74' lang='lat' dir='ltr'><strong>Orelliusa</strong></span> <span class='ocrx_word' id='word_1_553' title='bbox 651 5031 762 5088; x_wconf 80' lang='lat' dir='ltr'><strong>propter</strong></span> <span class='ocrx_word' id='word_1_554' title='bbox 780 5023 825 5086; x_wconf 85' lang='lat' dir='ltr'><strong>id,</strong></span> <span class='ocrx_word' id='word_1_555' title='bbox 835 5028 980 5118; x_wconf 58' lang='grc' dir='ltr'><em>[πωπω</em></span> <span class='ocrx_word' id='word_1_556' title='bbox 999 5022 1030 5073; x_wconf 88' lang='lat' dir='ltr'><strong>it.</strong></span> <span class='ocrx_word' id='word_1_557' title='bbox 1054 5046 1081 5058; x_wconf 91' lang='lat'>-</span> <span class='ocrx_word' id='word_1_558' title='bbox 1101 5021 1147 5074; x_wconf 69' lang='lat' dir='ltr'><strong>id.</strong></span> <span class='ocrx_word' id='word_1_559' title='bbox 1166 5021 1253 5090; x_wconf 61' lang='lat' dir='ltr'><strong>[uum]</strong></span> <span class='ocrx_word' id='word_1_560' title='bbox 1271 5025 1388 5094; x_wconf 59' lang='lat' dir='ltr'><strong>pomosa</strong></span> <span class='ocrx_word' id='word_1_561' title='bbox 1406 5021 1469 5074; x_wconf 84' lang='lat' dir='ltr'><strong>Sch.</strong></span> <span class='ocrx_word' id='word_1_562' title='bbox 1491 5044 1522 5056; x_wconf 95' lang='lat'>-</span> 
     </span>
     <span class='ocr_line' id='line_1_51' title="bbox 196 5092 736 5160; baseline 0.011 -19"><span class='ocrx_word' id='word_1_563' title='bbox 196 5092 239 5144; x_wconf 66' lang='lat'><strong>³2·</strong></span> <span class='ocrx_word' id='word_1_564' title='bbox 257 5094 361 5147; x_wconf 57' lang='lat' dir='ltr'><strong>mm</strong></span> <span class='ocrx_word' id='word_1_565' title='bbox 378 5094 416 5147; x_wconf 60' lang='lat' dir='ltr'><strong>”a</strong></span> <span class='ocrx_word' id='word_1_566' title='bbox 437 5117 467 5132; x_wconf 85' lang='lat'>&#39;¹¹&#39;</span> <span class='ocrx_word' id='word_1_567' title='bbox 504 5095 549 5147; x_wconf 63' lang='grc' dir='ltr'><strong>Η·</strong></span> <span class='ocrx_word' id='word_1_568' title='bbox 569 5095 684 5160; x_wconf 56' lang='grc' dir='ltr'><strong>ααψὴά</strong></span> <span class='ocrx_word' id='word_1_569' title='bbox 705 5095 736 5146; x_wconf 66' lang='grc' dir='ltr'><strong>Β·</strong></span> 
     </span>
    </p>
   </div>
   <div class='ocr_carea' id='block_1_4' title="bbox 0 0 1857 5868">
    <p class='ocr_par' dir='ltr' id='par_1_4' title="bbox 0 0 1857 5868">
     <span class='ocr_line' id='line_1_52' title="bbox 0 0 1857 5868; baseline 0 0"><span class='ocrx_word' id='word_1_570' title='bbox 0 0 1857 5868; x_wconf 95' lang='lat' dir='ltr'><strong> </strong></span> 
     </span>
    </p>
   </div>
  </div>
 </body>
</html>
