3656 5868
660 427 734 491 ΠΒ.
755 429 823 492 vll.
864 428 924 491 ΕΡ.
969 429 998 492 1.
1019 429 1051 492 2.
1449 433 1510 497 107

186 603 243 650 cos
264 587 308 650 ita
328 602 393 650 non
413 602 516 658 ames,
548 590 645 648 utne
666 583 706 650 ad
727 583 832 650 villam
859 582 987 671 quidem
1007 591 1093 650 tuam
1115 581 1167 650 via
1189 588 1308 652 Graeca
1328 587 1376 654 ire
1397 588 1510 656 soleas.

184 681 265 742 Nam
288 676 363 764 quid
384 697 444 762 ego
465 685 496 743 te
518 678 648 743 athletas
669 687 775 764 putem
797 677 994 754 desiderare,
1031 683 1086 765 qui
1107 679 1294 764 gladiatores
1316 691 1511 770 contempse-

186 770 257 836 ris?
293 770 326 835 in
356 771 470 857 quihus
497 771 565 858 ipse
590 773 758 858 Pompeius
780 771 949 839 confitetur
969 793 1003 838 sc
1024 780 1057 838 et
1077 793 1207 858 operam
1228 785 1260 841 ct
1279 775 1385 842 oleum
1406 777 1512 864 perdi-

187 864 283 931 disse.
326 865 475 952 Reliquae
496 873 569 932 sunt
588 871 768 932 venationes
789 865 880 932 binae
909 887 967 952 per
989 865 1057 932 dies
1082 867 1236 954 quinque,
1267 869 1448 955 magnificae
1468 907 1511 920 —

188 978 283 1024 nemo
298 968 391 1043 negat
402 997 455 1035 -‚
470 959 526 1024 sed
537 981 617 1046 quae
633 960 861 1046 potesthomini
877 982 944 1026 esse
959 961 1058 1046 polito
1073 961 1251 1038 delectatio,
1262 983 1333 1029 cnm
1348 973 1402 1031 aut
1415 964 1534 1032 bomon

185 1049 363 1118 imbecillus
388 1073 406 1116 a
434 1053 644 1118 valentissima
670 1053 770 1120 bestia
795 1054 931 1120 laniatur
956 1063 1010 1120 aut
1036 1056 1197 1141 praeclara
1223 1055 1325 1123 bestia
1354 1057 1510 1125 venabulo

185 1143 481 1212 transverberatur?
516 1151 604 1224 Quae
625 1156 742 1222 tamen,
765 1148 793 1214 si
807 1148 940 1214 videnda
958 1157 1044 1225 sunt,
1066 1171 1161 1236 saepe
1180 1149 1302 1229 vidisti;
1325 1171 1427 1238 neque
1441 1173 1509 1229 nos,

184 1239 244 1326 qui
264 1239 343 1304 baec
369 1250 558 1326 spectamus,
587 1240 759 1329 quidquam
786 1243 861 1308 novi
882 1243 1028 1309 vidimus.
1081 1247 1250 1309 Extremus
1272 1245 1511 1331 elephantorum

187 1333 255 1399 dies
276 1332 350 1409 luit,
379 1338 413 1399 in
439 1337 523 1423 quo(
530 1333 694 1401 admiratio
716 1331 941 1422 magnalvulgi
971 1345 1064 1423 atque
1086 1336 1197 1403 turbae
1208 1335 1404 1418 ,sdelectatio
1425 1340 1511 1406 nulla

187 1425 329 1522 exstitit.)
375 1428 460 1506 Quin
492 1433 585 1493 etiam
596 1421 830 1526 (misericordia
856 1429 1009 1516 quaedam
1031 1439 1196 1496 consecuta
1218 1441 1265 1498 est
1286 1443 1381 1521 atque
1402 1433 1548 1594 opinicpo
1590 1425 1659 1518 μζ.
1685 1417 1748 1500 Α*

188 1519 360 1595 eiusmodi,
383 1541 451 1586 esse
467 1520 621 1608 quandam
636 1522 682 1588 illi
697 1521 809 1588 beluae
823 1544 894 1589 cum
909 1545 1023 1610 genere
1038 1523 1174 1590 humano
1190 1527 1379 1593 societatem.
1401 1532 1433 1594 l.
1454 1528 1495 1594 lli

187 1635 249 1700 ego
271 1625 373 1682 tamen
394 1614 521 1690 diebus,
544 1616 625 1683 ludis
646 1617 793 1693 scenicis,
815 1639 855 1682 ne
875 1618 958 1683 [orte
979 1617 1088 1684 videar
1110 1617 1166 1684 tibi
1182 1641 1246 1686 non
1262 1622 1358 1688 modo
1381 1621 1510 1697 beatus,

187 1709 245 1776 sed
262 1709 344 1775 liber
363 1714 492 1775 omnino
510 1709 623 1786 luisse,
646 1711 750 1797 dirupi
775 1732 826 1776 me
845 1733 945 1798 paene
967 1712 1000 1776 in
1023 1711 1141 1778 indicio
1163 1713 1241 1779 Galli
1265 1715 1399 1789 Caninii,
1421 1715 1513 1802 iami-

186 1803 276 1890 liaris
300 1805 356 1869 tui.
400 1804 522 1882 Quodsi
545 1815 607 1870 tam
624 1805 747 1871 facilem
769 1806 920 1892 populum
935 1803 1102 1881 haberem,
1123 1828 1218 1892 quam
1232 1813 1375 1895 Aesopus
1392 1808 1509 1884 habuit,
1603 1760 1635 1864 ί

187 1897 323 1964 libenter
346 1897 524 1964 mehercule
554 1908 654 1965 artem
680 1899 857 1964 desinerem
879 1907 1044 1986 tecumque
1074 1907 1201 1965 etcum
1233 1901 1387 1968 similibus
1411 1903 1548 1970 nostrits

188 1996 340 2057 viverem.
388 1997 466 2058 Nam
493 2013 544 2057 me
565 2014 637 2058 curn
658 2001 747 2058 antea
768 1992 930 2067 taedebat,
949 1997 1039 2058 lcum
1061 2001 1093 2057 et
1114 2001 1198 2060 aetas
1229 2005 1261 2061 et
1292 1996 1421 2063 ambitio
1458 2017 1510 2062 me

187 2078 426 2176 hortabaturlet
446 2085 558 2151 licebat
578 2086 727 2173 denique,
755 2108 849 2174 quem
870 2048 1030 2161 nolebam,
1052 2107 1116 2152 non
1137 2087 1322 2164 defendere,
1345 2098 1411 2156 tum
1432 2110 1510 2157 vero
1569 2073 1655 2162 r?
1739 2071 1743 2079 ¹

187 2178 251 2245 boc
269 2192 410 2267 tempore
429 2184 493 2245 vita
514 2180 598 2246 nulla
627 2189 683 2246 est.
734 2187 842 2268 Neque
871 2181 955 2246 enim
983 2181 1119 2248 fructum
1140 2182 1239 2248 ullum
1259 2181 1377 2248 laboris
1399 2203 1512 2268 exspe-

188 2284 256 2349 cto,
293 2287 324 2340 et
350 2295 448 2360 cogor
469 2296 692 2362 nonnunquam
720 2275 862 2341 homines
890 2296 955 2341 non
975 2281 1092 2362 optime
1114 2275 1152 2341 de
1171 2296 1221 2341 me
1244 2281 1373 2342 meritos
1397 2283 1511 2362 rogatu

188 2388 316 2443 eorum,
338 2372 391 2454 qui
412 2367 609 2434 benemeriti
623 2378 708 2444 sunt,
731 2368 910 2435 defendere.
953 2374 983 2434 5.
1004 2373 1112 2456 ltaque
1133 2391 1252 2457 quaero
1274 2389 1382 2435 causas
1400 2385 1549 2436 omnesrc

188 2461 356 2549 aliquando
371 2462 497 2528 vivendi
510 2461 663 2529 arbitratu
676 2484 764 2539 meo,
787 2471 881 2550 teque
897 2471 929 2528 et
948 2464 1038 2530 utam
1057 2464 1211 2530 rationem
1227 2465 1285 2530 otii
1306 2463 1352 2530 tui
1371 2472 1402 2529 et
1413 2461 1511 2530 laudo

188 2555 391 2622 vehementer
412 2566 443 2622 et
470 2555 589 2643 probo,
622 2557 769 2644 quodque
796 2577 853 2622 nos
881 2562 985 2624 minus
1012 2556 1183 2633 intercisis,
1213 2557 1275 2624 boc
1307 2557 1377 2623 lero
1405 2560 1546 2624 animo*

190 2655 356 2738 aequiore,
387 2649 487 2737 quod,
517 2650 544 2716 si
565 2656 683 2717 Romae
703 2671 803 2724 esses,
825 2659 930 2716 umen
951 2672 1053 2739 neque
1074 2672 1131 2718 nos
1151 2653 1260 2738 lepore
1283 2660 1338 2718 tuo
1360 2673 1462 2738 neque
1481 2661 1511 2717 te

189 2749 279 2810 —si
307 2749 361 2831 qui
383 2754 430 2808 est
450 2743 483 2808 in
505 2765 555 2810 me
577 2779 617 2791 -
638 2764 710 2810 meo
738 2743 802 2810 irui
827 2745 936 2810 liceret
963 2755 1095 2832 propter
1122 2746 1356 2812 molestissimas
1377 2765 1511 2831 occupa-

189 2839 292 2905 tiones
312 2859 411 2916 meas;
447 2836 562 2924 quibus
584 2837 611 2902 si
641 2858 692 2902 mc
713 2839 860 2903 relaxaro
882 2875 923 2886 -
944 2860 1033 2914 nam,
1060 2847 1097 2904 ut
1123 2841 1214 2924 plane
1236 2838 1413 2915 exsolvam,
1446 2858 1511 2903 non
1520 2851 1549 2897 ²⁵

189 2932 317 3019 postulo
339 2969 396 3007 -,
418 2931 589 3018 teipsum,
613 2932 668 3019 qui
688 2933 803 2998 multos
825 2954 922 2999 annos
938 2932 1015 2999 nihil
1030 2932 1115 2999 aliud
1129 2932 1366 3006 commentaris,
1388 2929 1510 2997 docebo

189 3024 347 3112 prolecto,
370 3024 448 3112 quid
467 3027 508 3091 sit
529 3027 705 3091 humaniter
725 3026 844 3092 vivere.
897 3032 945 3092 Tu
966 3025 1062 3092 modo
1079 3026 1170 3090 istam
1193 3025 1436 3091 imbecillitatem
1457 3046 1513 3091 va·

189 3120 337 3186 letudinis
358 3129 429 3185 tuae
451 3127 589 3186 sustenta
611 3128 642 3184 et
663 3127 767 3193 tuere,
799 3127 834 3184 ut
854 3118 946 3196 iacis,
975 3127 1011 3185 ut
1032 3127 1154 3184 nostras
1175 3119 1264 3185 villus
1286 3118 1376 3184 obire
1398 3126 1430 3184 et
1446 3139 1513 3183 me·

190 3235 263 3280 cum
284 3213 378 3280 simul
408 3213 550 3278 lecticula
577 3233 766 3279 concursare
799 3213 912 3298 possis.
963 3217 993 3279 6.
1021 3217 1107 3279 llaec
1127 3211 1167 3277 ad
1188 3221 1219 3278 te
1240 3211 1383 3298 pluribus
1404 3210 1511 3278 verbis

191 3309 303 3394 scripsi
324 3329 418 3395 mam
440 3307 547 3382 soleo,
581 3327 645 3373 non
666 3307 723 3372 otii
744 3305 935 3372 abundantia
955 3306 1011 3372 sed
1042 3306 1161 3372 amoris
1183 3326 1259 3392 erga
1280 3315 1325 3380 te,
1354 3304 1440 3392 quod
1460 3318 1550 3370 mett

191 3402 326 3490 quadam
354 3402 485 3488 epistola
519 3399 742 3476 subinvitaras,
775 3400 802 3466 si
823 3403 976 3466 memoria
998 3409 1100 3475 tenes,
1122 3409 1158 3466 nt
1178 3399 1217 3466 ad
1239 3407 1269 3466 te
1290 3398 1409 3486 aliqrrid
1430 3399 1514 3464 eius·

191 3496 279 3562 modi
306 3495 495 3569 scriberem,
530 3515 594 3581 quo
616 3495 718 3561 minus
745 3503 776 3560 te
797 3495 1046 3581 praetermisisse
1073 3493 1165 3574 ludos
1187 3494 1373 3580 poeniteret.
1417 3491 1512 3570 Quod

191 3591 220 3658 si
250 3600 409 3658 assecutus
437 3611 522 3664 sum,
548 3588 685 3673 gaudem
718 3589 767 3654 sin
798 3589 917 3664 minus,
950 3587 1011 3654 hoc
1031 3609 1082 3654 me
1105 3596 1208 3653 tamen
1229 3587 1390 3660 consolor,
1427 3585 1513 3674 quod

191 3683 323 3772 posthac
350 3683 391 3749 ad
417 3683 509 3750 ludos
541 3682 648 3749 venies
669 3703 789 3770 nosque
809 3683 893 3750 vises
914 3703 1016 3770 neque
1037 3681 1071 3748 in
1092 3681 1231 3768 epistolis
1253 3681 1411 3769 relinques
1432 3679 1512 3746 meis

192 3800 281 3867 spem
302 3779 439 3866 aliquam
461 3776 673 3844 delectationis
694 3785 778 3842 tuae.
1521 3782 1551 3828 ⁸³

671 3913 1028 4005 nucum)

584 4043 626 4104 Μ.
649 4040 791 4106 ClCEllO
814 4042 845 4105 S.
865 4043 903 4104 D.
921 4043 963 4104 Μ.
983 4039 1120 4105 ΜΑΒΙΟ.

281 4158 309 4219 1.
330 4151 508 4220 Mandatum
530 4159 619 4218 tuum
640 4150 758 4217 curabo
780 4150 954 4236 diligenter.
996 4149 1059 4216 Sed
1086 4149 1181 4216 homo
1203 4158 1311 4217 acutus
1333 4149 1363 4214 ei
1383 4147 1512 4214 manda·

195 4248 235 4314 sti
254 4246 472 4333 potissimum,
495 4245 547 4312 cui
568 4245 732 4331 expediret
752 4244 830 4310 illud
851 4244 958 4310 venire
980 4265 1075 4331 quam
1096 4242 1243 4330 plurimo.
1287 4242 1350 4309 Sed
1371 4263 1410 4308 eo
1432 4242 1512 4309 vidi·

195 4339 236 4406 sti
263 4340 415 4417 multum,
452 4339 538 4428 quod
564 4338 750 4426 praefinisti,
787 4359 851 4426 quo
886 4359 925 4403 ne
952 4336 1051 4423 pluris
1078 4357 1227 4402 emerem.
1284 4336 1405 4414 Quodsi
1438 4334 1553 4400 mibitt

195 4434 407 4522 permisisses,
429 4434 483 4521 qui
498 4455 586 4499 meus
600 4453 689 4498 amor
702 4432 735 4497 in
750 4439 780 4496 te
795 4441 856 4506 est,
879 4430 1081 4497 coniecissem
1093 4451 1164 4496 cum
1178 4429 1400 4509 coheredibus;
1423 4449 1514 4502 nunc,

267 4589 294 4639 8.
313 4595 458 4652 spectamus
475 4588 519 4640 ltl:
537 4588 709 4650 spectavimus
726 4586 758 4637 E.
776 4611 809 4621 -
837 4587 879 4636 10.
899 4591 1059 4636 consecutust
1076 4585 1115 4636 Μ.
1134 4607 1168 4622 -
1194 4585 1237 4636 13.
1257 4585 1361 4646 dirrupt
1377 4596 1417 4632 me
1432 4597 1517 4646 poene

197 4657 244 4718 Μ,
264 4661 353 4722 dimpt
366 4671 451 4723 poene
467 4673 508 4707 ms
525 4656 683 4708 Lambinus.
710 4679 742 4692 -
777 4657 820 4708 l'l.
840 4657 998 4706 hortabatur
1014 4656 1058 4707 bl:
1083 4655 1259 4705 hortabuntur
1275 4653 1306 4702 E.
1328 4676 1359 4688 -
1395 4652 1438 4703 18.
1458 4653 1516 4702 uul-

198 4727 249 4778 test
267 4730 305 4779 Μ.
327 4752 358 4765 -
378 4729 475 4779 loboris
492 4733 610 4790 ramaclo
628 4727 683 4776 Vb:
711 4726 808 4776 locutu
825 4728 953 4787 ceupecto
972 4724 1089 4789 (litterae
1106 4725 1129 4774 ts
1147 4727 1252 4788 punctis
1271 4727 1378 4772 notatae
1396 4719 1470 4786 runt)
1489 4722 1517 4774 Μ

200 4795 260 4860 (etr.
281 4799 340 4849 Ltb.
359 4799 386 4858 c,
405 4798 433 4858 4,
452 4799 479 4848 1.
500 4798 544 4847 obt
563 4799 627 4848 ltem
646 4799 803 4859 eetspectme
822 4809 870 4859 pro
897 4803 1045 4860 eespmtcre
1070 4795 1150 4845 babet
1174 4795 1212 4847 Μ.
1239 4791 1350 4854 Bam-J,
1370 4791 1468 4844 loboris
1484 4807 1518 4844 aa

197 4869 238 4918 bis
255 4875 374 4932 respecto
392 4867 431 4928 lt,
459 4868 558 4918 lobcrts
574 4882 607 4918 ee
624 4867 663 4917 hta
677 4874 740 4932 peto
757 4866 843 4918 codd.
868 4866 930 4916 Bes.
950 4867 1023 4930 Ltpa.
1042 4865 1151 4916 hmhrr.
1171 4877 1264 4916 omnes
1283 4869 1390 4927 praeter
1408 4863 1451 4914 13.
1471 4863 1515 4914 15.

197 4937 255 4988 Zet.
279 4940 311 4989 B.
336 4938 386 4988 Ed.
413 4939 491 4989 Rom.
518 4937 677 4988 Cratander.
712 4961 742 4971 -
778 4937 822 4986 26.
852 4937 956 4999 postulo
983 4943 1007 4987 et
1025 4937 1110 4998 epum
1134 4937 1196 5000 quid
1224 4934 1262 4986 Μ.
1283 4957 1314 4969 -
1332 4939 1517 4984 commestam

197 5007 237 5059 Μ.
270 5033 301 5045 -
337 5008 380 5058 37.
402 5007 599 5059 Tumodobl:
632 5006 895 5058 Tumtbtmodoss.
921 5031 952 5044 -
987 5007 1033 5058 ³1.
1051 5005 1241 5059 sumamus
1268 5003 1515 5056 tumosis.-

198 5077 243 5128 33.
261 5078 415 5130 swatobor
432 5078 465 5129 a.
486 5103 515 5117 -
553 5077 598 5130 33.
616 5077 778 5129 decurtatum
794 5077 840 5142 qut
860 5075 899 5129 Μ.
