3668 5886
722 375 796 438 LlB.
818 379 856 440 V.
897 377 956 439 ΕΡ.
978 375 1009 439 5.
1032 377 1061 438 d.
1085 377 1115 440 7.
1481 393 1483 403 ’
1538 371 1576 438 71

257 527 456 616 †prudeuti,
480 536 542 594 tam
565 529 655 595 valde
678 551 746 596 esse
769 541 916 598 mutatam
938 529 1129 598 voluntatem
1152 541 1247 597 tuam.
1292 533 1353 598 Sed
1375 541 1577 620 posteaquam

256 633 288 688 et
308 621 452 690 Cornelia
472 631 524 687 tua
542 625 720 690 Terentiam
740 627 886 692 convenit
903 638 934 692 et
954 645 1014 710 ego
1032 647 1103 690 cum
1127 629 1165 704 Q.
1187 626 1334 692 Cornelio
1354 627 1476 692 locutus
1498 647 1577 696 sum.

256 715 385 782 adhibui
407 715 613 800 diligentiam,
647 719 894 806 quotiescunque
913 729 1037 785 senatus
1057 718 1135 792 suit,
1157 727 1192 783 nt
1213 719 1370 790 adessem,
1392 719 1578 804 plurimum-
1701 785 1705 796 ,

256 831 318 896 que
335 809 368 874 in
387 829 426 874 eo
447 808 565 894 negotii
582 809 692 884 habui,
716 822 751 877 ut
772 815 810 890 Q.
834 812 975 888 Fufium,
997 811 1157 879 tribunum
1178 811 1294 898 plebis,
1324 823 1354 878 et
1378 821 1514 888 ceteros,
1537 812 1577 876 ad
1675 794 1700 871 <s

256 925 336 990 quos
367 913 400 968 tu
433 903 618 988 scripseras,
651 925 798 990 cogerem
832 907 910 972 mibi
936 895 1199 993 potiuscredere
1235 927 1329 992 quarn
1362 907 1424 972 tuis
1455 905 1601 972 litterist

258 996 393 1062 Omnino
413 1017 463 1061 res
485 1005 550 1062 tota
570 996 602 1061 in
622 1019 760 1063 mensem
780 1000 959 1066 Ianuarium
979 999 1094 1064 reiecta
1118 1008 1204 1075 erat,
1227 999 1281 1065 sed
1301 999 1392 1065 facile
1415 998 1577 1064 obtineba-

257 1100 317 1156 tur.
360 1093 390 1154 2.
412 1095 480 1175 Ego
502 1099 553 1155 tua
575 1091 782 1175 gratulatione
803 1103 992 1168 commotus,
1021 1093 1107 1180 quod
1127 1093 1167 1158 ad
1187 1115 1238 1158 me
1258 1093 1380 1179 pridem
1407 1094 1577 1179 scripseras

256 1184 335 1249 velle
356 1193 386 1250 te
412 1182 492 1248 bene
517 1184 662 1259 evenire,
685 1185 771 1270 quod
789 1186 827 1251 de
850 1191 962 1252 Crasso
983 1188 1110 1252 domum
1129 1187 1291 1261 emissem,
1314 1187 1376 1251 emi
1393 1209 1462 1252 eam
1478 1187 1577 1272 ipsam

256 1277 384 1343 domum
408 1279 479 1343 HS.
506 1281 636 1344 XXXV.
661 1279 820 1366 aliquanto
845 1289 916 1366 post
940 1291 1024 1347 tuam
1052 1281 1301 1367 gratulationem.
1351 1285 1458 1368 ltaque
1496 1301 1577 1345 nunc

257 1393 305 1436 me
325 1372 403 1436 scito
426 1380 545 1437 tanturn
564 1371 680 1437 babere
706 1374 789 1438 aeris
813 1375 924 1448 alieni,
954 1385 988 1440 ut
1009 1377 1132 1462 cupiam
1158 1376 1341 1450 coniurare,
1364 1375 1390 1440 si
1411 1376 1576 1462 quisquam
1590 1388 1614 1427 ¹⁰

257 1467 401 1550 recipiat;
424 1467 480 1532 sed
498 1467 612 1551 partim
635 1466 711 1532 odio
736 1468 855 1534 inducti
876 1491 926 1533 me
952 1471 1121 1536 excludunt
1147 1476 1178 1535 et
1199 1479 1305 1557 aperte
1326 1467 1481 1534 vindicem
1503 1489 1577 1534 con·

256 1559 419 1626 iurationis
436 1561 588 1633 oderunt,
611 1561 724 1646 partim
746 1584 808 1627 uon
826 1563 955 1628 credunt
972 1574 1003 1630 et
1021 1587 1039 1629 a
1054 1588 1103 1631 me
1126 1567 1254 1632 insidias
1273 1571 1428 1637 metuunt,
1450 1582 1508 1626 nee
1520 1583 1576 1647 pu·

255 1664 321 1719 tant
343 1655 374 1718 ei
395 1675 540 1720 nummos
570 1655 679 1720 deesse
705 1676 815 1741 posse,
848 1657 901 1744 qui
930 1679 970 1722 ex
997 1657 1161 1724 obsidione
1193 1660 1386 1725 feneratores
1412 1658 1575 1724 exemerit.

256 1747 391 1813 Omnino
412 1748 594 1814 semissibus
615 1771 727 1835 magna
750 1752 840 1837 copia
863 1761 919 1817 est.
974 1758 1040 1838 Ego
1059 1763 1163 1819 antem
1188 1755 1265 1819 meis
1283 1753 1379 1818 rebus
1400 1753 1495 1838 gestis
1516 1752 1576 1818 boc

254 1864 323 1907 sum
342 1853 520 1918 assecutus,
542 1852 577 1909 ut
596 1843 714 1909 bonum
732 1865 847 1910 nomeu
862 1846 1033 1912 existimer.
1077 1852 1107 1912 3.
1129 1853 1265 1914 Domum
1283 1856 1367 1912 tuam
1382 1857 1475 1934 atque
1489 1845 1574 1910 aedi·
1587 1859 1613 1896 ¹⁵

256 1933 429 2002 ficationem
446 1960 571 2003 omnem
593 1938 740 2025 perspexi
760 1949 791 2004 et
812 1939 1014 2006 vehementer
1031 1939 1175 2028 probavi.
1217 1940 1406 2014 Antonium,
1430 1940 1487 2005 etsi
1506 1939 1574 2005 eius

255 2029 288 2096 in
306 2053 356 2096 me
379 2032 481 2097 officia
501 2053 610 2097 omnes
633 2031 828 2108 desiderant,
858 2042 962 2100 tamen
989 2034 1021 2101 in
1046 2045 1154 2100 senatu
1180 2035 1362 2122 gravissime
1387 2055 1422 2099 ac
1442 2035 1573 2120 diligen-

256 2124 372 2191 tissime
400 2126 525 2192 desendi
553 2136 758 2214 senatumque
784 2127 985 2195 vehementer
1010 2130 1152 2195 oratione
1177 2150 1247 2194 mea
1269 2141 1362 2216 atque
1389 2127 1572 2194 auctoritate

255 2221 421 2286 commovi.
463 2226 511 2286 Tu
532 2220 572 2285 ad
594 2241 644 2286 me
666 2221 759 2286 velim
781 2220 900 2287 litteras
922 2219 1063 2288 crebrius
1084 2222 1198 2288 mittas.

731 2364 794 2426 an.
837 2359 886 2443 (a,
913 2365 945 2428 e.
968 2365 999 2428 c.
1022 2361 1108 2449 aaa.)
1583 2391 1610 2429 ι.

314 2478 354 2539 Μ.
377 2477 539 2540 TULLIUS
561 2479 602 2540 M.
624 2479 657 2539 F.
680 2477 823 2540 CICERO
846 2477 877 2539 S.
900 2479 938 2539 Ι).
961 2477 1020 2541 CN.
1043 2477 1219 2542 POMPEIO
1242 2479 1302 2543 CN.
1324 2480 1357 2541 F.
1378 2475 1518 2541 MAGNO

785 2571 1037 2635 IMPERATORI.

346 2693 373 2754 1.
397 2693 428 2755 S.
450 2695 484 2754 T.
506 2693 542 2753 E.
565 2692 604 2767 Q.
626 2695 663 2754 V.
685 2693 718 2754 B.
741 2693 776 2754 E.
818 2694 866 2754 Ex
885 2689 997 2756 litteris
1021 2691 1103 2765 tuis,
1126 2713 1203 2778 quas
1218 2689 1343 2779 publice
1360 2691 1481 2767 misisti,
1503 2689 1573 2775 cepi

254 2806 315 2849 una
335 2805 408 2848 cum
429 2781 575 2849 omnibus
590 2781 806 2847 incredibilem
827 2784 1033 2870 voluptatem
1059 2793 1175 2851 tantam
1197 2787 1281 2851 enim
1298 2807 1385 2873 spem
1398 2785 1454 2852 otii
1468 2794 1571 2850 osten·

254 2878 341 2954 disti,
362 2885 510 2964 quantam
532 2895 591 2962 ego
613 2897 738 2963 semper
758 2878 904 2944 omnibus
926 2885 956 2943 te
983 2900 1046 2944 uno
1068 2879 1168 2945 fretus
1193 2878 1374 2966 pollicebar.
1427 2877 1489 2944 Sed
1512 2876 1609 2949 boe„

254 2973 346 3046 scito,
378 2981 448 3036 tuos
477 2979 600 3036 veteres
620 2969 741 3044 hostes,
769 2990 869 3037 novos
891 2972 1022 3064 amicos,
1046 2971 1249 3037 vehementer
1269 2972 1381 3038 litteris
1408 2969 1571 3056 perculsos
1662 2931 1697 3016 f

254 3077 345 3154 atque
365 3087 406 3130 ex
428 3085 541 3150 magna
564 3085 619 3151 spe
642 3062 824 3131 deturbatus
850 3065 965 3131 iacere.
1021 3070 1052 3131 2.
1074 3066 1121 3131 Ad
1140 3087 1191 3130 me
1211 3076 1314 3132 autem
1334 3066 1471 3136 litteras,
1495 3083 1572 3149 quas

254 3161 378 3236 misisti,
400 3181 589 3247 quamquam
607 3159 753 3244 exiguam
772 3157 1028 3243 significationem
1044 3171 1115 3226 tuae
1139 3180 1214 3244 erga
1232 3181 1283 3224 me
1298 3155 1464 3236 voluntatis
1478 3154 1573 3220 babe-

254 3253 341 3328 bant,
364 3264 466 3320 tamen
489 3253 566 3318 mibi
585 3252 664 3318 scito
685 3251 837 3318 iucundas
856 3252 969 3330 brisse;
998 3253 1083 3318 nulla
1103 3252 1186 3317 enim
1209 3274 1245 3318 re
1267 3261 1329 3317 tam
1348 3250 1458 3317 laetari
1484 3249 1571 3315 soleo

253 3371 346 3436 quarn
367 3369 510 3413 meorum
532 3347 707 3412 officiorum
732 3347 942 3419 conscientia,
972 3346 1087 3434 quibus
1109 3347 1135 3411 si
1159 3346 1285 3434 quando
1304 3366 1367 3410 nou
1393 3351 1500 3410 mutue
1520 3363 1608 3417 re„

252 3444 439 3532 spondetur,
476 3444 559 3530 apud
591 3465 640 3509 me
668 3443 738 3528 plus
767 3441 862 3507 officii
895 3441 1033 3507 residere
1061 3441 1207 3506 facillime
1238 3440 1352 3527 patior.
1408 3437 1488 3503 lllud
1507 3458 1571 3502 non

252 3537 376 3611 dubito,
400 3538 491 3624 quin,
514 3539 540 3603 si
563 3547 593 3602 te
613 3557 684 3602 mea
704 3557 823 3601 summa
851 3544 977 3620 ergata
1000 3536 1101 3602 studia
1120 3555 1232 3622 parum
1257 3533 1335 3599 mibi
1353 3531 1571 3606 adiunxerint‚

254 3631 449 3718 respublica
482 3653 540 3696 nos
569 3631 650 3697 inter
678 3650 735 3694 uos
759 3629 960 3694 conciliatura
982 3631 1248 3715 coniuncturaque
1275 3628 1325 3693 sit.
1379 3631 1408 3692 3.
1438 3631 1496 3700 Ac,
1533 3645 1572 3689 ne

252 3728 395 3814 ignores,
432 3725 508 3813 quid
528 3745 588 3809 ego
610 3724 642 3789 in
661 3723 723 3788 tuis
740 3721 851 3788 litteris
873 3723 1096 3796 desiderarim,
1128 3721 1263 3787 scribam
1287 3730 1411 3808 aperte,
1441 3721 1521 3786 sicut
1541 3729 1573 3783 et

252 3843 321 3886 mea
342 3831 452 3885 natura
475 3828 506 3884 et
527 3827 633 3883 nostra
657 3816 794 3882 amicitia
818 3817 964 3902 postulat.
1007 3824 1068 3884 Res
1093 3838 1145 3881 eas
1165 3815 1261 3903 gessi,
1284 3836 1417 3904 quarum
1435 3814 1610 3900 aliquam„

253 3914 284 3978 in
303 3914 363 3980 tuis
385 3912 495 3979 litteris
517 3921 547 3976 et
569 3919 694 3978 nostrae
714 3911 953 3976 necessitudinis
983 3921 1015 3975 et
1033 3912 1079 3976 rei
1101 3909 1245 3996 publicae
1271 3931 1363 3975 causa
1391 3906 1573 3995 gratulatio-

252 4033 323 4076 nem
355 4006 553 4095 exspectavi:
586 4025 680 4092 quam
704 4025 763 4090 ego
790 4001 846 4087 abs
872 4014 902 4069 te
929 4004 1181 4092 praetermissam
1207 4025 1275 4068 esse
1298 4001 1454 4075 arbitror,
1488 3997 1573 4087 quod

252 4125 417 4176 vererere,
440 4123 480 4166 ne
503 4100 591 4166 cuius
612 4096 964 4164 animum'ollen'deres.
1008 4097 1072 4163 Sed
1097 4097 1193 4171 seito,
1225 4119 1279 4173 ea,
1315 4117 1396 4184 quae
1421 4117 1478 4161 nos
1512 4113 1573 4179 pro

253 4197 349 4262 salute
380 4195 501 4281 patriae
526 4191 695 4277 gessimus,
718 4188 805 4255 orbis
830 4200 932 4256 terrae
954 4191 1072 4258 iudicio
1095 4213 1131 4256 ac
1154 4192 1333 4258 testimonio
1359 4185 1571 4276 comprobari.

251 4333 377 4341 n—-n-

322 4399 348 4447 t.
372 4395 498 4460 prudenti
524 4392 635 4443 seclusit
660 4389 691 4440 tt.
720 4390 874 4454 ¹Sententia
897 4391 1012 4454 requirit
1031 4391 1144 4440 verbum
1163 4391 1275 4442 huiusce
1294 4392 1350 4442 iero
1368 4388 1573 4452 significationis

253 4468 458 4520 erentenetents',
478 4463 643 4528 aspernanti,
662 4463 864 4522 maumonii»,
894 4474 945 4511 nee
964 4467 1054 4511 tamen
1069 4462 1195 4523 prodenti
1213 4468 1258 4512 sut
1275 4462 1409 4528 profitenti
1435 4461 1499 4508 satie
1519 4459 1574 4521 pls·

253 4545 304 4588 cet.
330 4539 382 4588 Οι.
402 4562 435 4570 -
472 4536 498 4585 2.
518 4547 624 4596 euinque
642 4531 761 4580 Cornelio
779 4531 817 4582 Μ.
857 4557 887 4568 -
924 4532 952 4581 t.
970 4539 1048 4594 utque
1065 4532 1157 4596 [opum
1174 4531 1211 4583 M.
1233 4559 1260 4568 -
1300 4533 1327 4582 5.
1346 4532 1409 4580 mibi
1425 4530 1513 4593 potius
1529 4530 1572 4580 M:

251 4609 338 4670 potius
358 4609 422 4656 aiibi
441 4605 471 4656 Ε.
503 4628 530 4638 -
569 4603 596 4652 8.
616 4602 676 4651 bene
694 4602 782 4650 uenire
800 4602 838 4652 M.
860 4627 890 4638 —
926 4603 953 4652 9.
979 4603 1084 4650 domum
1102 4597 1171 4656 Hb.
1192 4603 1296 4652 XXXV.
1317 4599 1571 4665 Martynt-Lagnua:

252 4679 356 4728 domum
374 4710 498 4728 .....
518 4673 615 4722 XXXV
633 4669 707 4732 (curn
727 4670 835 4734 lacunas)
856 4673 900 4732 M,
926 4673 1031 4720 domem
1049 4673 1183 4737 quinquies
1202 4674 1286 4722 tricies
1306 4673 1334 4721 E.
1358 4695 1388 4706 -
1425 4671 1468 4720 ll.
1487 4671 1522 4736 at]
1542 4685 1573 4721 ee

254 4749 290 4800 M.
312 4771 339 4782 -
377 4748 419 4797 1³.
439 4745 571 4795 exemerit.
609 4742 720 4791 Omnino
737 4743 881 4792 semissibus
899 4748 1009 4792 auctore
1030 4743 1123 4793 Herm.
1144 4743 1262 4792 Rsrbsro
1281 4743 1318 4792 liz
1344 4742 1475 4793 wenmrit.
1503 4745 1574 4792 omni

251 4819 394 4868 semissibus
413 4816 458 4874 M,
478 4813 598 4863 exemerit
617 4812 697 4860 omni.
735 4811 883 4862 semissibus
901 4812 1058 4862 Cratander.
1080 4839 1111 4848 ·—
1150 4815 1193 4862 21.
1215 4813 1264 4863 Gn.
1282 4813 1403 4874 pompeio
1419 4827 1464 4876 pn.
1484 4814 1522 4864 M.
1541 4839 1570 4849 -·

252 4889 296 4938 ⁴23.
324 4889 351 4938 S.
380 4889 410 4936 T.
438 4886 470 4935 E.
498 4885 529 4945 Q.
559 4883 585 4930 V·
607 4881 639 4930 B.
658 4881 690 4930 E.
711 4880 752 4930 M:
779 4883 806 4931 S.
829 4883 859 4932 T.
878 4883 912 4932 Ε.
932 4884 963 4944 Q.
988 4884 1015 4932 V.
1035 4883 1068 4932 Β.
1087 4885 1120 4934 Ε.
1140 4885 1172 4933 li.
1196 4882 1224 4931 V.
1245 4881 1276 4932 ll.
1305 4907 1336 4918 -
1371 4881 1415 4932 25.
1435 4880 1572 4945 quantum]

253 4973 331 5022 quam
349 4959 385 5008 M.
406 4981 437 4990 —
470 4955 514 5004 ⁶26.
533 4953 627 5003 titteris
646 4951 686 4998 bis
701 4951 742 4998 vet
762 4955 813 5002 tuis
834 4952 951 5002 mslebst
968 4953 1126 5010 Ernestiue,
1147 4953 1198 5002 tuis
1216 4952 1311 5002 titteris
1323 4951 1572 5018 Marmei-Legum.

253 5027 325 5079 Fert.
345 5029 407 5078 titis.
427 5027 479 5076 01.
501 5049 530 5059 -
568 5021 611 5072 33.
633 5021 787 5070 mnettiuter
805 5022 841 5072 Μ.
865 5046 894 5058 -
932 5024 976 5074 33.
995 5037 1081 5075 verere
1104 5024 1141 5075 M.
