3628 5876
313 387 373 469 rio
743 391 1199 469 misronmuuaumu.

311 581 382 627 rum
409 561 550 635 illorum,
586 581 666 647 qnos
695 559 777 647 apud
803 561 942 627 Niciam?
978 569 1009 626 el
1035 561 1206 647 ingentium
1234 560 1403 643 icularnm
1424 579 1496 628 cnm
1515 561 1625 648 sopbia'

311 655 488 740 septimae?
531 653 615 732 Quid
651 661 749 740 ergo?
781 662 815 720 tu
843 655 922 720 adeo
953 654 1030 738 mibi
1058 675 1221 722 excussam
1255 655 1452 721 severitatem
1487 665 1626 722 veterem

311 757 417 835 putas,
449 756 485 812 ut
505 769 544 813 ne
564 749 597 813 in
620 746 691 814 loro
713 749 837 835 quidem
859 749 1011 835 reliquiae
1031 750 1181 834 pristinae
1202 749 1313 815 ironiis
1340 753 1529 835 appareant?
1565 747 1627 814 Sed

311 851 415 908 tamen
436 843 651 907 suavissimum
673 845 859 928 replicaris
880 853 1021 908 nostrum
1043 843 1209 929 praestabo
1231 841 1430 928 integellum¹
1463 863 1522 906 nec
1543 861 1628 907 com-¹

255 1003 272 1024 ,
290 937 444 1012 amittam,
466 943 515 1009 ut,
537 934 563 1000 si
585 956 644 1015 ego
667 957 737 1001 eum
760 935 990 1010 condemnaro,
1013 947 1046 1002 tu
1061 938 1222 1010 restituas,
1246 959 1285 1002 ne
1300 934 1413 1001 babeat
1426 940 1525 1000 Bursa
1538 937 1628 1002 Plan-¹

312 1049 382 1103 cns,
415 1027 498 1114 apud
520 1049 613 1114 quem
634 1029 752 1094 litteras
774 1029 880 1096 discat.
929 1035 958 1096 3.
983 1030 1044 1097 Sed
1065 1031 1141 1118 quid
1162 1035 1243 1117 agot
1276 1051 1347 1095 cum
1369 1027 1445 1093 mibi
1466 1029 1507 1094 sit
1527 1030 1628 1096 incer-

166 1143 185 1244 q
311 1131 396 1197 lum,
432 1122 639 1210 tranquillone
667 1122 709 1188 sis
739 1124 863 1199 animo,
901 1145 939 1189 an
969 1133 1003 1191 ul
1022 1125 1055 1190 in
1077 1125 1159 1192 bello
1181 1124 1215 1189 in
1235 1123 1338 1211 aliqua
1359 1122 1530 1208 maiuscula
1552 1145 1627 1191 cura

311 1216 479 1302 negotiove
506 1235 646 1292 versere,
678 1216 767 1283 labor
792 1217 925 1304 longius.
979 1222 1056 1285 Cum
1078 1231 1174 1305 rgrtur
1201 1217 1277 1284 msbr
1299 1207 1360 1282 e'rit
1380 1216 1576 1302 exploratum
1597 1227 1628 1286 te

311 1309 446 1377 libenter
465 1331 534 1375 esse
555 1311 708 1383 risurum,
732 1309 864 1376 scribam
880 1311 918 1378 sd
939 1319 969 1377 te
983 1311 1135 1398 pluribus.
1178 1319 1222 1380 Tc
1245 1321 1346 1377 tamen
1367 1308 1427 1374 boc
1448 1311 1529 1378 scire
1544 1315 1627 1391 volo,

276 1411 302 1473 il
312 1403 513 1469 vehementer
544 1405 694 1490 populum
725 1406 891 1472 sollicitum
927 1405 1022 1471 inisse
1050 1405 1089 1470 de
1117 1410 1149 1471 P.
1178 1406 1282 1473 Sullae
1312 1413 1429 1476 morte,
1462 1413 1628 1493 antequam

312 1507 431 1564 certum
458 1498 573 1563 scierit.
629 1503 716 1563 Nunc
737 1520 890 1585 quaerere
913 1499 1086 1575 desierunt,
1122 1501 1282 1588 quomodo
1304 1499 1448 1589 perieril;
1477 1502 1551 1566 satis
1572 1522 1626 1588 pu-

312 1601 379 1658 tant
407 1613 441 1658 se
469 1592 565 1667 scire,
593 1591 678 1679 quod
704 1594 814 1660 sciunt.
870 1597 938 1679 Ego
964 1598 1124 1682 ceteroqui
1153 1595 1257 1662 animo
1285 1612 1388 1680 aequo
1410 1593 1496 1675 iero;
1533 1615 1630 1660 unum

313 1705 448 1760 vereor,
469 1707 508 1751 ne
530 1685 617 1752 basta
639 1687 779 1753 Caesaris
801 1687 971 1754 refrixerit.

788 1831 843 1893 m.
887 1827 934 1912 (s.
961 1833 993 1895 c.
1016 1833 1048 1895 e.
1070 1829 1156 1912 roe.)

278 1957 303 1998 ι.
736 1942 878 2007 cunno
899 1943 1160 2008 consessum
1181 1946 1214 2008 e.

402 2057 431 2120 1.
463 2053 521 2122 Vel
547 2073 619 2118 meo
646 2051 744 2138 ipsius
764 2052 891 2119 interitu
912 2053 1036 2120 mallem
1057 2054 1175 2119 litteras
1201 2073 1287 2119 meas
1317 2051 1510 2121 desiderares
1538 2073 1632 2142 qnam

314 2173 353 2217 eo
375 2169 463 2220 casn,
500 2167 564 2233 quo
586 2167 656 2212 sum
677 2145 860 2231 gravissime
881 2148 1031 2226 afflictum
1065 2168 1159 2233 quem
1179 2145 1296 2212 serrem
1317 2157 1402 2213 certe
1424 2147 1631 2221 modernum.

314 2244 341 2310 si
362 2254 393 2308 te
415 2239 574 2308 haberem.
603 2227 700 2308 (Nam
723 2248 754 2303 et
775 2241 877 2306 oratio
898 2252 950 2307 tua
971 2240 1110 2327 prudens
1132 2251 1163 2306 et
1184 2261 1275 2307 amor
1296 2262 1372 2327 erga
1393 2263 1443 2306 me
1465 2240 1632 2326 singularis

138 2345 221 2443 ft}
316 2337 447 2402 multum
468 2334 609 2422 levaret.)
654 2331 716 2398 Sed
738 2332 887 2420 quoniam
907 2334 997 2400 brevi
1019 2343 1174 2420 tempore,
1202 2344 1237 2401 ut
1258 2334 1366 2421 opinio
1387 2343 1493 2400 nostra
1515 2343 1578 2407 est,
1601 2343 1633 2400 te

277 2451 384 2496 cesum
408 2428 547 2502 visurus,
577 2426 619 2491 ita
640 2447 690 2491 me
713 2425 858 2492 affectum
886 2424 1042 2502 ollendes,
1070 2435 1105 2494 nl
1126 2428 1256 2493 multum
1284 2437 1354 2492 ate
1375 2432 1492 2514 possim
1513 2425 1633 2507 invari;

316 2535 379 2588 non
401 2541 465 2608 quo
487 2525 529 2585 ita
550 2519 608 2584 sim
631 2518 762 2595 fractus,
798 2527 833 2586 nl
854 2530 907 2586 aut
927 2521 1086 2588 bominem
1114 2543 1164 2588 me
1186 2541 1254 2586 esse
1276 2518 1393 2587 oblitus
1414 2521 1472 2586 sim
1494 2531 1547 2587 ant
1568 2521 1635 2586 lor-

316 2624 409 2682 tnnae
433 2611 698 2680 succumbendum
719 2621 841 2698 putem;
863 2614 918 2681 sed
940 2615 1202 2698 tamenlbilaritas
1224 2615 1276 2680 illa
1297 2623 1403 2680 nostra
1425 2623 1457 2678 et
1477 2613 1633 2705 suavitas)

138 2713 224 2804 sp«
315 2725 396 2797 qnae
418 2717 448 2774 te
469 2717 594 2794 praeter
615 2716 737 2772 ceteros
759 2706 945 2783 delectabat,
964 2713 1087 2808 (erepta
1114 2710 1191 2776 mibi
1213 2710 1314 2776 omnis
1336 2709 1408 2804 est.)
1442 2711 1633 2776 Firmitatem

316 2813 419 2870 tamen
441 2810 473 2867 et
493 2799 713 2876 constantiam,
748 2802 891 2870 simodo
912 2803 971 2870 luit
991 2803 1157 2894 aliqnando
1179 2805 1211 2870 in
1233 2799 1493 2878 nobis,''eandem
1514 2823 1636 2888 cogno-

279 2917 397 2972 ssem,
431 2915 525 2982 qnam
554 2893 717 2981 reliquisti.
760 2899 790 2962 2.
814 2896 907 2974 Quod
935 2898 1046 2965 scribis
1067 2899 1188 2987 proelia
1210 2908 1239 2965 te
1261 2919 1331 2964 mea
1352 2917 1445 2964 censa
1465 2897 1634 2974 sustinere,

315 3010 379 3056 non
401 3000 464 3055 mm
485 2987 517 3054 id
538 2985 667 3062 laboro,
696 2999 746 3065 nt,
774 2990 876 3078 siqui
898 2991 975 3058 mibi
995 2990 1186 3069 obtrectant,
1214 3002 1284 3058 ate
1305 2992 1502 3066 refutentur,
1539 3011 1635 3078 quam

316 3083 448 3170 intelligi
469 3083 577 3169 cupio,
599 3082 684 3170 qued
706 3092 791 3149 certe
812 3087 1011 3172 intelligitur,
1040 3109 1090 3152 me
1112 3109 1130 3152 a
1152 3098 1182 3153 te
1203 3085 1311 3151 amari.
1355 3086 1449 3164 Quod
1470 3093 1505 3153 ut
1525 3085 1635 3158 incias,

317 3187 347 3244 te
369 3179 461 3243 etiam
484 3186 577 3264 atque
599 3182 693 3243 etiam
713 3199 794 3264 rogo
814 3179 1021 3268 ignoscasque
1038 3180 1181 3246 brevitati
1196 3181 1371 3246 litterarum
1385 3199 1540 3258 mearum;
1563 3197 1636 3243 nans

318 3281 349 3337 et
369 3271 515 3338 celeriter
540 3292 603 3336 una
632 3269 756 3338 futuros
788 3293 846 3338 nos
876 3274 1013 3342 arbitror
1034 3284 1065 3341 et
1086 3275 1225 3342 nondum
1250 3274 1324 3340 satis
1344 3273 1544 3340 confirmatus
1565 3289 1636 3338 sum

280 3364 357 3435 acad
378 3363 588 3432 scribendum.

784 3483 855 3547 ru.
897 3477 949 3562 (s.
975 3482 1007 3548 u.
1030 3485 1062 3547 c.
1083 3484 1172 3564 voe.)

759 3586 902 3650 nonno
922 3587 1193 3651 noemenias.

405 3697 433 3759 1.
467 3693 615 3760 Gratulor
635 3693 718 3760 Baiis
749 3695 881 3770 nostris,
917 3694 1086 3782 siquidem,
1119 3706 1154 3762 ut
1182 3694 1309 3772 scribis,
1342 3693 1483 3762 salubres
1506 3699 1636 3780 repente

318 3787 416 3852 factae
448 3794 538 3866 sunt;
574 3788 636 3852 nisi
656 3788 738 3853 sorte
759 3796 790 3853 te
812 3797 914 3853 amant
935 3801 966 3854 et
986 3789 1041 3856 tibi
1067 3802 1263 3857 assentantur
1283 3799 1315 3855 et
1337 3790 1469 3865 tamdiu,
1505 3787 1580 3854 dum
1603 3795 1637 3850 tu

281 3879 409 3960 uades.
443 3891 515 3947 sunt
534 3880 649 3948 oblitae
671 3881 730 3947 sui.
787 3881 880 3959 Quod
902 3881 1028 3968 quidem
1050 3884 1077 3949 si
1098 3882 1140 3948 ita
1163 3893 1223 3958 est,
1246 3883 1374 3951 minime
1395 3888 1495 3949 miror
1516 3881 1636 3946 caelum

318 3975 412 4042 etiam
434 3985 465 4041 et
486 3986 588 4042 terras
609 3977 674 4042 vim
695 3997 800 4050 suam,
833 3977 860 4042 si
882 3975 936 4041 tibi
956 3976 1000 4042 ita
1022 3982 1199 4054 conveniat,
1229 3978 1395 4045 dimittere.
1439 3981 1469 4043 2.
1492 3974 1638 4043 Oratiun-

318 4071 420 4138 culam
440 4091 500 4158 pro
522 4069 688 4147 Deiotaro,
710 4093 804 4158 quam
826 4069 1027 4157 requirebas,
1055 4071 1207 4138 habebam
1229 4093 1366 4145 mecum,
1390 4069 1475 4158 quod
1497 4089 1559 4135 non
1580 4087 1639 4153 pn·

318 4173 427 4231 taram
470 4170 578 4252 ltaque
600 4187 669 4231 eam
691 4166 749 4232 tibi
769 4165 855 4244 misi;
885 4187 980 4253 qnam
1000 4165 1094 4230 velim
1116 4171 1161 4232 sic
1181 4166 1280 4251 legas,
1310 4173 1345 4230 ut
1365 4185 1490 4230 cansam
1510 4171 1638 4228 tenuem

319 4269 352 4326 et
372 4263 497 4346 inopem
519 4281 577 4325 nec
598 4261 767 4347 scriptione
789 4280 902 4344 magno
925 4280 1023 4345 opere
1053 4259 1187 4346 diguam.
1238 4258 1300 4324 Sed
1321 4279 1381 4344 ego
1402 4258 1518 4344 bospiti
1539 4253 1639 4321 veteri

274 4389 309 4432 ¹,0
319 4365 352 4420 et
366 4354 466 4420 amico
481 4355 701 4420 munusculum
715 4358 838 4420 mittere
856 4353 941 4419 volui
956 4352 1115 4419 levidense
1129 4375 1235 4421 crasso
1250 4353 1322 4428 filo,
1344 4351 1521 4420 cuiusmodi
1540 4347 1639 4435 ipsius

391 4502 416 4549 1.
435 4500 553 4548 culorum
564 4497 607 4548 bl:
621 4499 774 4562 sqottlcrum
784 4499 813 4554 Β,
824 4498 984 4548 cochlearum
993 4499 1077 4548 Ccdd.
1088 4499 1199 4563 aliquot,
1213 4501 1357 4550 culinaram
1370 4497 1465 4553 Aldus,
1478 4495 1641 4560 pollinctum

321 4569 478 4619 Lambinus.
497 4593 532 4604 -
549 4583 606 4618 cem
617 4571 709 4630 scpbtc
727 4571 851 4630 septimae
864 4568 908 4619 M:
927 4583 985 4618 cum
996 4567 1095 4631 Sophia
1106 4570 1246 4634 Septimiae
1260 4569 1295 4630 11,
1314 4584 1371 4619 cum
1382 4571 1454 4632 septo
1467 4565 1606 4629 Septimiae
1615 4561 1638 4612 1.

320 4641 364 4689 Fr.
386 4639 547 4690 Gronovius.
575 4663 609 4672 -
644 4637 671 4688 3.
690 4639 919 4702 qutdcmsbesla
942 4639 979 4690 11.
1016 4639 1089 4690 Fort.
1108 4641 1285 4706 occioscro.
1306 4638 1346 4691 cl.
1367 4640 1448 4688 Tusc.
1469 4638 1499 4696 1,
1519 4634 1572 4692 26,
1591 4629 1637 4681 65.

321 4709 406 4760 dead.
426 4713 452 4769 1,
472 4711 499 4772 2,
519 4709 546 4761 ’1.
566 4709 646 4760 lists.
667 4734 698 4742 -
719 4710 762 4760 11.
781 4710 857 4760 sciret
875 4709 908 4760 Α.
922 4709 1097 4772 Augustinus.
1117 4736 1151 4746 -
1175 4711 1316 4761 12111111
1334 4710 1377 4774 qut
1390 4721 1459 4759 corr.
1472 4721 1512 4756 re.
1524 4703 1562 4754 11.
1581 4695 1638 4754 Cir.

322 4779 400 4830 Hand
420 4780 500 4830 Turs.
521 4777 556 4828 11.
576 4794 602 4844 p.
622 4777 668 4828 dd.
693 4804 727 4812 —
764 4779 807 4828 17.
827 4775 866 4842 so]
886 4793 932 4844 eqo
949 4779 987 4832 11.
1015 4805 1050 4815 -
1086 4782 1130 4832 12.
1155 4781 1266 4831 maltum
1288 4793 1328 4830 ms
1346 4779 1442 4830 levaret
1460 4773 1585 4827 Rutilius.
1604 4799 1635 4809 -

321 4851 364 4899 21).
390 4863 495 4912 possum
522 4864 562 4913 pr.
590 4848 628 4901 11.
659 4874 693 4882 -
728 4847 772 4898 27.
799 4849 962 4914 intellegetur
979 4851 1029 4900 Vb.
1056 4877 1090 4886 -
1125 4851 1169 4902 29.
1189 4863 1245 4900 som
1263 4851 1337 4901 abest
1356 4863 1371 4900 a
1389 4849 1427 4900 11.
1445 4871 1480 4882 -
1515 4843 1559 4894 35.
1579 4843 1640 4895 obss

321 4916 359 4970 11.
379 4945 412 4954 -
447 4919 492 4970 to.
510 4919 582 4970 eolat
599 4919 675 4969 abest
693 4931 708 4968 a
728 4917 765 4968 11.
789 4923 820 4954 ’-
856 4919 980 4982 tecipsnse
997 4920 1115 4971 malebat
1131 4921 1280 4980 Victorius,
1300 4920 1349 4970 leot
1365 4931 1444 4982 passo
1458 4917 1638 4967 Burmannus.

321 4988 707 5052 Cir.1sld.0rigg.li,22.
745 4989 811 5039 Vide
834 4994 943 5046 tamen.
970 5003 1005 5041 ns
1024 4993 1124 5042 mirum
1152 4990 1221 5058 istud
1247 4989 1407 5042 vocabulum
1435 4994 1523 5038 ortum
1552 4985 1586 5036 sll
1607 4987 1639 5036 ei

321 5061 393 5111 cclvi
408 5061 461 5110 iam
479 5064 606 5123 corrupto
624 5059 773 5125 Ciceroque
790 5059 927 5124 scripserit
944 5063 1046 5112 mittere
1064 5061 1136 5112 octat
1153 5062 1232 5112 maso
1249 5067 1273 5112 st
1291 5072 1378 5111 erasm
1395 5057 1450 5123 plo.
1475 5055 1526 5107 Os.
