3656 5868
799 299 858 414 E

691 411 852 480 uum.
884 415 944 478 aa.
966 413 997 480 4.

590 569 1193 656 ·mmucmp1.

524 686 566 749 u.
587 685 733 752 menno
754 687 787 749 s.
807 688 845 752 n.
868 686 953 751 san.
974 687 1168 752 summio:

267 792 297 862 l.
325 797 452 884 Accipio
483 800 719 863 excusationem
747 799 850 872 tuam,
879 817 941 886 qua
970 817 1046 863 usus
1073 817 1125 872 es,
1161 817 1219 863 cur
1245 799 1369 883 saepius
1396 795 1436 865 ad
1457 821 1508 866 me

177 891 300 957 litteras
329 909 393 957 uno
424 887 571 975 exemplo
598 887 759 970 dedisses;
792 889 849 958 sed
874 893 995 977 accipio
1017 912 1058 956 ex
1080 911 1117 957 ea
1138 899 1245 978 parte,
1282 899 1434 980 quatenus
1455 905 1509 960 aut

176 985 368 1070 negligentia
390 993 444 1049 aut
464 979 666 1069 improbitate
688 995 816 1060 eorum,
846 989 900 1072 qui
922 983 1070 1072 epistolas
1092 989 1264 1072 accipiant,
1290 983 1359 1051 lieri
1380 984 1532 1062 scribis,⁵

177 1101 216 1144 ne
237 1078 280 1144 ad
302 1099 361 1144 nos
380 1077 598 1164 perferantur:
617 1075 706 1144 'illam
729 1087 853 1166 partem
875 1081 1101 1154 excusationis,
1124 1101 1185 1166 qua
1207 1087 1237 1144 te
1259 1078 1370 1146 scribis
1391 1083 1509 1145 oratio-

176 1178 223 1239 nis
252 1179 500 1259 paupertate-
524 1174 675 1237 sicenim
701 1171 838 1258 appellas
871 1208 911 1220 -
944 1171 1054 1238 iisdem
1077 1172 1182 1239 verbis
1209 1174 1356 1260 epistolas
1383 1177 1508 1260 saepius

175 1273 317 1342 mittere,
340 1287 398 1331 nec
420 1285 516 1331 nosco
536 1285 595 1329 uec
616 1262 729 1351 probo.
773 1269 814 1342 Et,
833 1285 892 1352 ego
915 1269 999 1353 ipse,
1023 1287 1117 1354 quern
1136 1275 1171 1332 tu
1191 1287 1250 1354 per
1270 1273 1378 1336 iocum
1401 1300 1439 1316 -
1463 1273 1509 1336 sic

176 1365 260 1426 enim
283 1363 405 1448 accipio
439 1393 479 1406 -
507 1357 629 1425 divitias
651 1363 802 1425 orationis
824 1357 941 1424 hahere
964 1357 1058 1435 dicis,
1086 1381 1138 1426 me
1166 1381 1230 1426 non
1250 1383 1319 1429 esse
1335 1361 1507 1430 verborum

175 1451 349 1520 admodum
364 1457 490 1541 inopem
506 1473 658 1540 agnosco:
681 1454 911 1542 elpovedaehac
926 1458 1010 1519 enim
1025 1474 1089 1520 non
1103 1453 1229 1522 necesse
1244 1465 1308 1524 est:
1334 1458 1389 1523 sed
1402 1465 1507 1524 tamen
1519 1467 1545 1508 ¹⁰

175 1545 259 1612 idem
281 1583 325 1594 -
347 1569 405 1612 nee
430 1547 491 1612 hoc
508 1547 754 1633 εἰρωνευόμενος
784 1581 825 1595 -
852 1545 943 1615 facile
966 1545 1046 1613 cedo
1068 1557 1197 1614 tuorum
1220 1555 1411 1639 scriptorum
1433 1549 1507 1616 suh-

174 1641 276 1707 tilitati
300 1650 333 1706 et
354 1641 535 1726 elegantiae.
578 1643 609 1708 2.
631 1641 804 1710 Consilium
821 1649 928 1717 tuum,
951 1662 1015 1729 quo
1037 1651 1068 1708 te
1090 1663 1183 1708 usum
1198 1643 1309 1712 scribis
1324 1645 1384 1710 hoo
1398 1644 1509 1711 Achai-

175 1755 246 1800 cnm
279 1734 442 1820 negotium
472 1755 536 1800 non
562 1741 773 1810 recusavisse,
801 1756 874 1802 curn
901 1756 1028 1822 semper
1049 1734 1282 1823 probavissem,
1320 1747 1386 1804 tum
1408 1737 1507 1805 multo

176 1833 273 1914 magis
304 1825 438 1917 prohavi
468 1827 554 1894 lectis
582 1831 644 1895 tuis
670 1830 826 1918 proximis
853 1829 975 1896 litteris.
1025 1833 1145 1895 Omnes
1169 1836 1252 1897 enim
1279 1852 1406 1905 causae,
1429 1852 1506 1919 quas
1550 1881 1553 1888 .

175 1943 423 1998 commemoras,
445 1925 634 1988 iustissimae
656 1931 728 1988 sunt
754 1930 871 2012 tuaque
892 1934 924 1989 et
945 1929 1130 1990 auctoritate
1152 1934 1183 1992 et
1203 1922 1369 2012 prudentia
1391 1924 1506 2011 dignis·
1519 1937 1545 1978 ¹⁵

176 2022 284 2083 simne.
332 2015 426 2094 Quod
456 2016 548 2082 aliter
576 2015 727 2082 cecidisse
755 2038 824 2082 rem
846 2021 1006 2084 existimas
1034 2027 1127 2106 atque
1149 2019 1295 2105 opinatus
1316 2023 1373 2094 sis,
1395 2017 1428 2084 id
1449 2016 1505 2083 tihi

177 2111 262 2176 nullo
285 2107 386 2176 modo
407 2114 574 2176 assentior.
616 2110 679 2176 Sed
689 2115 776 2196 <quia
798 2119 881 2178 tanta
895 2109 1092 2198 pertuxhatio
1114 2119 1145 2177 et
1166 2110 1310 2177 conlusio
1325 2119 1374 2198 est
1386 2103 1525 2190 rernm.)
1563 2115 1647 2206 τίς»,

178 2207 217 2268 ita
250 2204 401 2291 perculsa
433 2213 465 2270 et
492 2211 649 2291 prostrata
678 2203 864 2272 foedissimo
890 2205 975 2272 hello
1001 2210 1103 2272 iacent
1134 2209 1254 2280 omnia,
1287 2214 1322 2270 ut
1343 2208 1370 2269 is
1391 2208 1506 2292 cuique

177 2297 279 2373 locus,
303 2296 359 2363 uhi
382 2301 449 2384 ipse
471 2301 527 2376 sit,
549 2307 581 2362 et
601 2296 661 2363 sihi
683 2303 816 2385 quisque
837 2303 1034 2365 miserrimus
1064 2319 1134 2364 esse
1156 2297 1316 2374 videatur,
1337 2306 1506 2390 propterea

178 2401 207 2457 et
227 2397 273 2458 tui
298 2392 421 2458 consilii
443 2397 584 2479 poenitet
611 2399 642 2457 te
664 2401 696 2457 et
725 2413 799 2467 nos,
828 2397 882 2480 qui
904 2393 990 2460 domi
1012 2414 1139 2468 sumus,
1162 2391 1217 2458 tibi
1239 2391 1322 2458 beati
1344 2391 1544 2469 videmnus

177 2494 207 2550 at
227 2493 341 2552 contra
363 2483 454 2551 nohis
476 2507 539 2552 non
559 2493 595 2552 tu
617 2484 745 2573 quidem
766 2507 884 2554 vacuus
906 2487 1073 2563 molestiis,
1096 2482 1152 2554 sed
1174 2507 1250 2574 prae
1272 2483 1364 2551 nohis
1385 2483 1504 2551 heatus.

176 2585 273 2667 Atque
304 2579 366 2645 hoc
394 2579 464 2667 ipso
492 2579 607 2646 melior
634 2586 681 2644 est
708 2591 761 2646 tua
788 2602 883 2668 quam
912 2591 1019 2648 nostra
1046 2579 1209 2657 condicio,
1239 2578 1326 2668 quod
1351 2589 1400 2656 tu,
1428 2579 1505 2668 quid

176 2671 295 2749 doleat,
320 2672 459 2739 scrihere
488 2673 604 2750 audes,
633 2695 692 2740 nos
714 2695 753 2740 ne
774 2673 806 2740 id
828 2674 955 2764 quidem
976 2683 1044 2743 tuto
1066 2696 1250 2762 possumus:
1272 2695 1330 2740 uec
1353 2672 1386 2739 id
1406 2679 1506 2740 victo-

176 2772 217 2833 ris
237 2772 337 2843 vitio,
360 2787 425 2854 quo
448 2767 524 2834 nihil
545 2768 752 2844 moderatius,
782 2766 838 2833 sed
867 2773 966 2857 ipsius
988 2773 1152 2845 victoriae,
1176 2789 1256 2856 quae
1279 2765 1422 2850 civilibus
1439 2766 1506 2832 hel-

176 2861 211 2927 lis
231 2881 362 2946 semper
383 2869 430 2926 est
452 2860 598 2928 insolens.
654 2865 684 2927 3.
708 2865 774 2928 Uno
796 2871 827 2927 te
848 2867 998 2938 vicimus,
1022 2860 1108 2951 quod
1129 2860 1169 2927 de
1189 2861 1344 2936 Marcelli,
1366 2860 1504 2954 collegae
1515 2873 1543 2912 ’ὃ
1600 2831 1629 2942 s

177 2958 235 3030 tui,
267 2954 370 3020 salute
392 2955 592 3042 paullo'ante
614 2975 709 3042 mam
731 2963 765 3022 tu
786 2961 1006 3042 cognovimus;
1042 2959 1135 3021 etiam
1163 2954 1365 3030 mehercule,
1402 2954 1502 3042 quod,

176 3047 441 3136 quemadmodum
474 3070 511 3114 ea
540 3069 593 3114 res
621 3058 784 3134 ageretur,
813 3047 960 3115 vidimus.
996 3053 1072 3114 Nam
1098 3053 1143 3114 sic
1164 3046 1213 3113 fac
1234 3051 1411 3112 existimes:
1434 3055 1505 3134 post

175 3141 225 3208 has
251 3145 416 3218 miserias,
451 3141 483 3208 id
510 3151 572 3220 est,
610 3151 776 3230 postquam
803 3146 900 3207 armis
928 3141 1094 3228 disceptari
1124 3149 1270 3227 coeptum
1300 3146 1340 3206 sit
1366 3141 1406 3206 de
1435 3145 1504 3206 iure

175 3237 320 3324 publico,
350 3235 427 3303 nihil
449 3256 519 3302 esse
540 3245 645 3302 actum
666 3233 752 3300 aliud
774 3257 846 3301 oum
876 3234 1034 3321 dignitate.
1076 3239 1154 3300 Nam
1176 3235 1297 3320 etipse
1320 3239 1434 3303 Caesar
1455 3255 1505 3300 ac-

175 3343 280 3398 cusata
302 3329 471 3412 acerbitate
498 3329 638 3396 Marcelli
656 3365 697 3377 -
722 3328 767 3395 sio
789 3327 875 3394 enim
897 3327 1073 3416 appellabat
1103 3319 1359 3417 -ssaudataque
1376 3323 1623 3414 honori-⁸⁰..f
1645 3367 1652 3379 ·

175 3423 375 3492 hcentissime
396 3433 427 3490 et
448 3428 604 3511 aequitate
626 3433 680 3490 tua
708 3430 741 3489 et
769 3423 935 3510 prudentia
989 3433 1119 3512 repente
1143 3410 1273 3510 praefer
1293 3443 1381 3510 spem
1404 3420 1503 3495 dixit,

176 3541 233 3594 „se
255 3523 380 3586 senatui
402 3522 526 3603 roganti
559 3516 599 3583 de
620 3515 769 3584 Marcello
797 3538 837 3582 ue
864 3516 1000 3583 hominis
1028 3517 1155 3604 quidem
1177 3537 1269 3584 causa
1291 3519 1504 3601 negaturum.”

176 3617 304 3680 Fecerat
325 3621 430 3678 autem
451 3611 514 3676 hoc
535 3620 675 3687 senatus,
708 3619 763 3686 ut,
793 3633 865 3678 cum
887 3633 905 3676 a
927 3615 961 3676 L.
984 3609 1096 3678 Pisone
1119 3615 1236 3678 mentio
1259 3617 1342 3676 esset
1362 3609 1442 3674 laeta
1465 3609 1504 3675 de

176 3707 324 3774 llarcello
346 3713 470 3771 etcum
492 3707 524 3772 C.
556 3705 721 3772 Marcellus
749 3726 783 3771 se
805 3704 845 3771 ad
867 3707 1009 3772 Caesaris
1035 3705 1132 3792 pedes
1153 3703 1338 3778 abiecisset,
1376 3711 1504 3769 cunctus

176 3807 381 3886 consurgeret
402 3807 433 3863 et
455 3797 495 3862 ad
516 3801 681 3864 Caesarem
702 3797 837 3886 supplex
860 3798 1031 3865 accederet.
1082 3799 1151 3864 Noli
1173 3819 1342 3886 quaerere:
1365 3802 1406 3864 ita
1428 3797 1545 3862 mihis»

177 3895 305 3982 pulcher
335 3893 386 3958 hic
417 3891 484 3958 dies
511 3897 597 3958 visus
626 3900 694 3967 est,
722 3901 757 3958 ut
783 3898 920 3979 speciem
954 3892 1089 3980 aliquam
1117 3890 1245 3957 viderer
1278 3891 1388 3958 videre
1415 3895 1504 3978 quasi

176 3988 394 4056 reviviscentis
415 3986 462 4051 rei
484 3984 638 4072 publicae.
688 3989 719 4053 d.
741 3989 849 4072 ltaque
871 4006 942 4052 cum
965 4007 1074 4052 omnes
1101 3993 1173 4051 ante
1195 4007 1246 4050 me
1266 3985 1369 4069 rogati
1390 3991 1504 4070 gratias

177 4087 301 4150 Caesari
323 4088 459 4169 egissent
479 4089 605 4168 praetor
625 4081 801 4148 Volcatium
824 4116 864 4127 -
886 4079 912 4145 is
934 4084 1033 4153 enim,
1056 4083 1082 4145 si
1104 4101 1143 4145 eo
1164 4080 1235 4146 loco
1249 4087 1346 4151 esset,
1368 4077 1503 4162 negavit.

177 4197 209 4244 ee
230 4177 387 4243 laetorum
408 4175 505 4242 luisse
523 4211 575 4251 —,
598 4195 659 4261 ego
680 4183 809 4260 rogatus
827 4179 944 4240 mutavi
960 4195 1063 4240 meum
1079 4173 1254 4240 consilium.
1297 4177 1374 4239 Nam
1390 4179 1505 4238 statue-

177 4289 256 4344 ram,
280 4291 343 4334 non
366 4269 545 4335 mehercule
565 4269 679 4334 inertia
701 4269 757 4335 sed
779 4267 936 4335 desiderio
964 4273 1112 4356 pristinae
1136 4267 1308 4353 dignitatis,
1338 4272 1369 4334 in
1390 4273 1540 4354 perpe-⁴⁰

178 4372 263 4432 tuum
286 4371 400 4430 tacere.
430 4353 636 4454 (Fregithoc
663 4383 770 4429 meum
796 4361 960 4429 consilium
988 4370 1020 4426 et
1042 4365 1182 4429 Caesaris
1203 4361 1388 4446 magnitudo
1407 4363 1501 4424 animi
1532 4355 1598 4456 ,ᾖ

177 4467 206 4522 et
226 4467 353 4524 senatus
374 4455 543 4548 officinm.)
576 4463 685 4546 ltaque
715 4455 859 4544 pluribus
881 4453 987 4521 vorhis
1010 4454 1060 4541 egi
1084 4459 1209 4522 Caesari
1231 4453 1367 4540 gratias;
1390 4473 1503 4540 meque

177 4563 282 4619 metuo
304 4573 344 4616 ne
366 4552 460 4618 etiam
482 4551 515 4618 in
536 4552 650 4618 ceteris
671 4549 767 4618 rebus
788 4551 919 4616 honesto
941 4549 1007 4615 otio
1021 4549 1187 4635 privarim,
1210 4546 1295 4636 quod
1317 4557 1385 4613 erat
1406 4567 1502 4613 unum

177 4647 321 4712 solatium
357 4644 389 4711 in
417 4647 517 4712 malis.
575 4644 637 4712 Sed
663 4653 781 4723 tamen,
814 4643 961 4731 quoniam
985 4642 1081 4729 effugi
1102 4642 1170 4708 eius
1191 4641 1414 4716 offensionem,
1448 4639 1503 4729 qui

245 4809 289 4861 15.
308 4817 332 4862 at
349 4809 491 4874 mentia
510 4815 534 4860 et
552 4809 702 4875 dignissima
719 4809 758 4860 Μ.
780 4831 811 4845 -
830 4809 873 4860 19.
891 4816 916 4860 at
929 4807 1122 4858 hueuemaun:
1151 4812 1182 4857 ut
1197 4805 1257 4858 ldll.
1278 4827 1309 4841 ···
1336 4803 1380 4856 ²0.
1400 4805 1503 4855 emostis

177 4883 288 4941 poenitet
307 4887 332 4931 te
350 4879 395 4931 ll:
415 4888 440 4930 ta
457 4879 560 4930 emilii
576 4881 691 4942 poenitet
710 4879 741 4930 ll.
758 4903 788 4916 -
824 4877 868 4930 25.
888 4876 949 4944 qao]
974 4877 1043 4942 good
1059 4877 1098 4926 Μ.
1118 4897 1150 4912 ·-
1185 4876 1230 4926 15.
1249 4877 1502 4926 mortuummare

179 4947 298 5001 druentia
319 4949 576 5014 marigni-hagana,
597 4955 622 4999 et
642 4949 825 5000 sicambros.
847 4953 909 5000 tros.
941 4978 969 4989 -
997 4945 1260 4998 controuersiam.
1290 4967 1320 4982 -·
1340 4945 1384 4996 28.
1404 4947 1439 4996 stt
1456 4945 1501 4996 lt:

178 5027 212 5069 stt
232 5020 261 5070 ll.
283 5043 314 5056 -
334 5019 378 5070 51.
397 5019 531 5070 maminot
550 5033 590 5082 pr.
611 5019 655 5079 Μ,
674 5033 706 5070 ae
725 5021 818 5070 malnis
838 5019 876 5070 Vb
894 5033 956 5072 cnm
970 5031 1043 5072 corr.
1061 5017 1099 5068 Μ.
1116 5039 1146 5051 -
1166 5017 1209 5066 ao.
1228 5017 1315 5067 nidere
1332 5017 1433 5068 uiderer
1446 5015 1501 5076 Vh,

179 5096 205 5140 ut
225 5090 283 5142 Llh.
302 5091 330 5142 9.
351 5104 395 5155 cp.
418 5091 460 5142 15.
475 5112 506 5126 -
525 5089 570 5140 tt.
590 5089 640 5140 Sed
657 5097 744 5142 tomen
763 5115 772 5126 ·
790 5115 800 5126 ·
819 5091 912 5142 studiis
930 5091 1041 5144 urcium
1060 5086 1150 5138 attulit
1169 5085 1272 5139 tielllns
1291 5087 1339 5147 ¹2,
1359 5087 1403 5137 1³.
