3628 5876
674 399 748 463 LIB.
770 401 851 464 VIII.
892 400 952 464 ΕΡ.
974 399 1004 462 ll.
1027 400 1058 462 3.
1462 401 1524 467 127

194 563 307 643 captus
329 575 408 621 esse.
453 553 538 633 Quid
559 553 637 620 alios
659 561 773 642 putas?
807 555 1001 624 Clamorihus
1022 557 1140 622 scilicet
1154 559 1299 626 maximis
1313 560 1433 627 iudices
1453 583 1523 629 cor-

196 653 365 738 ripuerunt
395 659 427 714 et
457 649 662 715 ostenderunt
694 650 786 735 plane
819 672 903 724 esse,
939 652 1025 738 qnod
1046 652 1124 716 ferri
1152 673 1216 718 non
1244 665 1360 739 posset.
1413 662 1523 744 ltaque

195 745 328 810 relictus
354 743 422 829 lege
451 743 570 808 Licinia
599 744 721 808 maiore
746 765 814 808 esse
834 744 976 830 periculo
1002 745 1136 811 videtur.
1178 749 1315 813 Accessit
1340 750 1415 824 huc,
1438 751 1524 838 quod

195 839 352 926 postridie
373 839 441 902 eins
456 835 685 902 ahsolutionem
705 838 738 902 in
754 837 910 903 theatrum
929 840 1073 905 Curionis
1088 841 1273 907 Hortensius
1287 843 1423 919 introiit,
1445 852 1522 931 puto

195 942 234 998 ut
254 953 347 998 snum
369 931 518 1017 gandium
539 930 757 1016 gauderemus.
800 932 859 997 Hic
877 931 935 996 tibi
1532 957 1547 998 e

325 1056 491 1136 Strepitus,
510 1056 666 1136 fremitus,
689 1056 804 1117 clamem
824 1056 991 1118 tonitruum
1011 1065 1038 1120 et
1059 1057 1218 1120 rudentum
1239 1059 1353 1124 sibiles.

196 1179 267 1241 lloc
298 1174 396 1258 magis
426 1174 677 1240 animadversum
704 1184 766 1248 est,
803 1175 887 1262 qnod
917 1176 1048 1243 intectus
1074 1198 1093 1241 a
1115 1175 1208 1243 sibilo
1232 1192 1419 1265 pervenerat
1439 1187 1522 1248 Hor·

196 1269 316 1335 tensius
338 1268 378 1333 ad
398 1277 604 1348 senectutem;
627 1267 682 1334 scd
703 1278 770 1334 tum
791 1269 833 1334 ita
857 1267 953 1350 bene,
975 1278 1009 1338 ut
1032 1270 1064 1335 in
1089 1281 1186 1337 totam
1213 1273 1306 1339 vitam
1326 1276 1425 1342 cnivis
1446 1279 1520 1344 satis

196 1371 282 1428 esset
303 1371 334 1427 et
353 1362 528 1448 poeniteret
550 1384 622 1428 enm
639 1362 702 1428 iarn
723 1364 844 1429 vicisse.
887 1369 917 1430 2.
939 1371 985 1430 Ile
1005 1387 1040 1430 re
1055 1365 1180 1452 publica
1194 1368 1280 1454 quod
1297 1369 1354 1434 tihi
1374 1371 1520 1446 scribam,

195 1455 277 1522 nihil
306 1455 420 1522 haheo.
477 1457 616 1522 Marcelli
640 1457 774 1545 impetus
795 1458 995 1532 resederunt,
1032 1481 1095 1525 non
1125 1462 1251 1537 inertia,
1288 1464 1362 1539 sed,
1385 1475 1420 1531 ut
1441 1468 1518 1533 mihi
1532 1485 1557 1525 to

196 1549 376 1626 videbatur,
413 1550 554 1616 consilio.
597 1555 644 1616 De
664 1551 799 1616 comitiis
821 1552 1038 1619 consularibus
1064 1555 1271 1620 incertissima
1296 1567 1342 1622 est
1362 1559 1520 1626 existima-

196 1644 252 1710 tio.
294 1649 363 1730 Ego
383 1643 480 1710 incidi
507 1644 540 1710 in
565 1645 803 1730 competitorem
824 1645 962 1712 nobilem
984 1657 1016 1712 et
1035 1647 1173 1714 nobilem
1193 1659 1352 1734 agentem;
1385 1675 1456 1718 narn
1477 1659 1518 1720 M.

198 1743 347 1805 Octavius
372 1743 425 1806 Cn.
455 1745 488 1804 F.
512 1747 543 1804 et
578 1743 611 1804 C.
638 1739 752 1804 Hirrus
781 1761 904 1806 mecum
940 1741 1027 1826 petit.
1084 1747 1152 1808 Hoc
1173 1743 1246 1809 ideo
1271 1743 1396 1831 scripsi,
1434 1747 1520 1832 qnod

196 1833 263 1900 scio
292 1841 321 1896 te
342 1833 457 1898 acriter
481 1841 612 1920 propter
636 1833 766 1898 Hirrum
797 1834 940 1899 nuntium
968 1844 1149 1900 nostrorum
1179 1837 1378 1905 comitiorum
1407 1861 1520 1927 exspe-

195 1935 363 1991 ctaturum.
406 1932 452 1991 Tn
475 1935 577 1991 tamen
597 1926 744 1992 simulac
762 1948 812 1992 me
831 1927 1026 2014 designatum
1049 1928 1203 2006 audieris,
1228 1940 1263 1997 ut
1285 1929 1340 1996 tihi
1356 1953 1450 1997 curae
1470 1939 1560 2008 sitan

198 2018 285 2106 qnod
320 2020 360 2085 ad
389 2019 554 2105 pantheras
589 2019 713 2093 attinet,
755 2017 856 2108 rogo.
904 2022 1117 2109 syngrapham
1152 2024 1313 2089 Sittianam
1347 2025 1403 2091 tihi
1436 2048 1522 2092 corn·

197 2113 323 2179 mendo.
380 2113 643 2180 Commentarium
668 2135 776 2179 rerum
804 2113 997 2180 urbanarum
1030 2121 1167 2202 primum
1196 2117 1268 2184 dedi
1298 2120 1334 2183 L.
1365 2121 1520 2186 Castrinio

196 2210 307 2282 Paeto,
330 2207 502 2274 secundnm
524 2205 569 2282 ei,
592 2212 646 2295 qui
665 2208 721 2273 has
739 2207 857 2274 litteras
879 2206 936 2273 tihi
956 2208 1051 2275 dedit.

674 2379 734 2441 111.
777 2375 826 2462 (a.
852 2379 884 2443 u
906 2380 939 2443 e.
960 2376 1045 2461 roa)
1361 2468 1366 2482 1

647 2492 808 2556 camme
831 2492 1016 2557 cronnonl
1036 2493 1068 2556 s.
1531 2504 1560 2546 a

284 2613 313 2676 1.
349 2614 466 2677 Estne?
501 2610 584 2676 vicit
618 2617 650 2676 et
673 2610 731 2676 tihi
751 2633 860 2699 saepe,
893 2610 980 2698 qnod
1000 2631 1132 2696 negaras
1152 2609 1315 2678 discedens
1339 2622 1522 2683 curaturum

198 2702 270 2780 tihi,
303 2703 422 2770 litteras
444 2704 557 2770 mitto?
586 2709 658 2778 Est,
696 2705 722 2770 si
740 2705 866 2792 quidem
887 2703 1106 2792 perferuntur,
1142 2727 1219 2792 quas
1244 2704 1296 2772 do.
1339 2711 1440 2794 Atque
1461 2711 1523 2776 hoc

199 2819 259 2883 ego
288 2798 465 2883 diligentins
497 2798 621 2871 factito,
654 2797 741 2886 quod
772 2820 845 2865 cum
873 2804 994 2864 otiosus
1021 2819 1107 2874 sum,
1143 2798 1255 2884 plane,
1289 2799 1344 2865 nbi
1371 2801 1524 2869 delectem

199 2890 331 2956 otiolum
354 2912 475 2964 meum,
498 2911 561 2956 non
593 2890 706 2956 haheo.
762 2897 810 2958 Tu
826 2912 897 2957 cum
916 2897 1033 2957 Rornae
1053 2913 1142 2965 cras,
1164 2893 1225 2958 hoc
1249 2892 1327 2958 mihi
1346 2904 1468 2961 certum
1486 2916 1523 2961 ac

199 2983 458 3051 iucundissimum
479 2984 600 3050 vacanti
621 2989 782 3068 negotium
804 2993 885 3058 erat,
916 2991 1019 3050 tecum
1041 2984 1075 3048 id
1100 2984 1156 3049 otii
1179 2993 1301 3071 tempus
1317 3007 1519 3066 consumere;
1533 3007 1562 3047 es

199 3077 295 3165 idque
316 3099 379 3144 non
399 3077 603 3143 mediocriter
628 3077 790 3152 desidero,
817 3085 852 3142 nt
870 3076 947 3141 mihi
966 3098 1029 3142 non
1052 3075 1148 3142 modo
1166 3076 1252 3142 solus
1272 3099 1358 3152 esse,
1382 3080 1436 3145 sed
1459 3086 1521 3146 lto·

199 3193 269 3237 mne
291 3181 321 3237 te
343 3172 486 3259 prolecto
504 3170 641 3239 solitudo
663 3171 807 3237 videatur
827 3169 922 3247 sacta;
946 3179 976 3234 et
1000 3170 1055 3256 qui
1077 3205 1118 3218 -
1140 3191 1220 3257 quae
1241 3191 1312 3236 mea
1334 3173 1523 3259 negligentia

200 3274 302 3330 est-
330 3266 445 3331 multos
467 3286 560 3351 saepe
589 3265 657 3330 dies
681 3265 720 3330 ad
747 3273 791 3338 te,
821 3285 893 3328 cnm
922 3263 973 3330 hic
993 3285 1083 3337 eras,
1116 3283 1180 3328 non
1201 3263 1404 3339 accedebam,
1441 3287 1524 3332 nunc

200 3358 341 3445 quohdie
362 3380 425 3425 non
444 3380 512 3424 esse
533 3368 579 3432 te,
602 3357 642 3424 ed
663 3378 757 3443 quem
781 3362 950 3430 cursitem,
973 3356 1155 3422 discrucior.
1197 3362 1333 3423 Maxime
1358 3380 1453 3433 vero,
1489 3370 1524 3427 ut

199 3463 231 3519 te
252 3452 318 3519 dies
342 3462 512 3541 noctesque
537 3473 702 3540 quaeram,
735 3453 922 3541 competitor
951 3453 1064 3518 Hirrus
1088 3462 1186 3517 curat.
1245 3451 1414 3529 Quomodo
1436 3453 1565 3520 illumin

200 3556 290 3634 putas
310 3554 480 3632 auguratus
502 3557 590 3613 tuum
611 3546 848 3631 competitorem
871 3546 979 3612 dolere
1005 3554 1036 3610 et
1060 3544 1256 3610 dissimulare
1277 3567 1329 3610 me
1355 3545 1524 3614 certiorem

200 3662 294 3727 mam
313 3661 348 3705 se
373 3639 592 3707 candidatum?
625 3638 665 3703 de
688 3659 752 3725 quo
772 3646 824 3713 nt,
847 3661 941 3727 quem
965 3647 1075 3726 optas,
1104 3639 1356 3725 quamprimum
1380 3646 1524 3707 nuntium

201 3735 351 3820 accipias,
387 3741 441 3798 tua
461 3731 674 3797 mediusfidius
702 3732 800 3817 magis
821 3753 914 3818 qnam
940 3754 1009 3798 mea
1029 3753 1122 3798 causa
1141 3733 1245 3819 cupio.
1288 3739 1364 3802 Nam
1387 3759 1474 3811 mea,
1497 3737 1525 3804 si

200 3827 259 3902 lio,
282 3827 415 3892 forsitan
436 3847 508 3892 cum
530 3825 736 3912 locupletiore
757 3825 910 3906 referam3
934 3827 989 3892 sed
1013 3826 1074 3892 hoc
1090 3847 1191 3913 usque
1212 3848 1251 3892 eo
1271 3850 1366 3895 suave
1388 3841 1452 3906 est,
1476 3840 1525 3908 nt,

201 3920 416 3993 siecciderit,
451 3921 517 3987 lota
538 3921 601 3986 vita
628 3919 711 3985 risus
736 3919 827 3985 nohis
851 3921 960 3986 deesse
986 3941 1050 3986 non
1071 3921 1180 4006 possit.
1229 3922 1290 3987 Sed
1311 3923 1406 3988 tantil
1441 3925 1563 3999 Sed,as

202 4014 417 4080 meherculesl
451 4019 520 4079 Non
546 4013 679 4078 multum
698 4017 740 4078 M.
764 4016 911 4080 Octavius
937 4035 1049 4080 eorum
1076 4014 1167 4088 odia,
1198 4035 1278 4100 quae
1301 4016 1429 4082 Hirrum
1452 4039 1526 4104 pre-

202 4118 308 4182 munt,
332 4129 412 4195 quae
433 4107 588 4195 permulta
609 4115 694 4179 sunt,
717 4105 869 4173 sublevat.
912 4112 942 4174 2.
966 4106 1060 4185 Quod
1085 4107 1125 4172 ad
1149 4107 1304 4173 Philotimi
1325 4110 1428 4176 liherti
1456 4112 1526 4177 offi-

203 4202 286 4268 cium
311 4213 343 4267 et
367 4201 450 4268 hona
470 4201 594 4267 Milonis
614 4200 739 4272 attinet,
773 4201 915 4268 dedimus
938 4221 1083 4287 operam,
1118 4210 1154 4265 nt
1175 4211 1206 4266 et
1224 4202 1409 4269 Philotimus
1430 4226 1525 4291 quarn

271 4412 297 4462 1.
317 4411 388 4475 quod
404 4409 443 4460 Μ.
477 4433 507 4446 -
543 4409 571 4459 4.
590 4410 703 4458 introito
719 4415 786 4470 puto
803 4408 842 4459 Μ.
883 4431 915 4444 -
951 4408 978 4460 d.
997 4409 1138 4459 rudentem
1156 4411 1246 4460 sibilus
1268 4409 1362 4475 (attilia
1381 4411 1431 4476 M).
1468 4413 1525 4465 Cir.

202 4481 286 4532 Varro
304 4481 336 4530 1..
355 4481 433 4530 1..=5.
456 4478 607 4543 p.19.ed.
629 4479 729 4543 Speng.
762 4501 792 4512 -
828 4477 855 4527 8.
873 4479 917 4527 ead
937 4480 1072 4529 totalem
1091 4481 1134 4539 M,
1153 4482 1198 4530 sed
1217 4489 1271 4532 tum
1289 4490 1344 4532 tem
1362 4482 1422 4532 herm
1442 4484 1526 4535 Bene·

202 4553 299 4602 dictus.
321 4574 352 4587 -
389 4553 479 4614 quevis
497 4550 535 4600 Μ.
555 4575 588 4586 ·-
623 4549 650 4599 9.
670 4549 733 4613 gold
752 4547 791 4599 M.
811 4573 844 4584 -
880 4548 923 4598 1⁰.
942 4551 1052 4600 intortio
1071 4550 1108 4600 Μ.
1130 4575 1160 4586 -
1199 4553 1241 4602 11.
1260 4553 1416 4603 videbanter
1434 4553 1472 4603 M.
1494 4577 1525 4591 ·-

204 4623 245 4673 td.
265 4623 302 4671 nd
319 4634 375 4670 om.
394 4619 432 4670 M.
446 4645 478 4655 -
497 4621 541 4670 at.
558 4619 672 4684 nepotes
690 4617 808 4668 malebat
825 4617 981 4680 Ernestins,
999 4633 1038 4670 me
1055 4634 1167 4684 negaras
1186 4635 1241 4682 mg.
1262 4622 1366 4685 Repett.
1387 4623 1525 4674 Laron.-

202 4693 245 4743 ΕΕ.
266 4693 330 4752 Bet,
348 4686 382 4752 st]
402 4691 450 4740 etei
467 4689 505 4740 M.
538 4714 568 4725 -
605 4690 649 4739 2³.
669 4701 715 4752 epo
733 4686 778 4737 Il:
797 4701 826 4738 eo
847 4687 874 4738 Ε.
906 4713 937 4725 -
973 4691 1054 4754 [cetto
1073 4691 1110 4741 M.
1140 4715 1170 4726 -
1207 4692 1251 4741 at.
1277 4691 1395 4757 otiolum]
1415 4696 1527 4745 ottomm

202 4763 240 4814 Μ.
269 4785 301 4798 -
337 4761 383 4810 26.
401 4755 444 4822 ut]
463 4766 487 4809 et
504 4759 542 4810 M.
575 4783 606 4796 -
642 4758 938 4810 mihimonmodoM:
965 4762 1195 4810 nonmodome'hi
1219 4763 1248 4811 Ε.
1279 4785 1309 4797 -
1346 4764 1389 4812 33.
1409 4767 1432 4813 st
1451 4767 1526 4830 p'ort

201 4835 317 4899 {cretton
334 4831 372 4882 Μ.
395 4855 426 4866 -
462 4829 507 4880 34.
532 4831 617 4894 serem
635 4828 753 4878 malebat
770 4827 921 4878 Ernestius.
942 4853 972 4866 -
991 4837 1020 4880 ut
1038 4832 1061 4880 et
1080 4831 1137 4880 Vh:
1157 4833 1200 4880 red
1218 4831 1294 4892 siM,
1314 4835 1383 4896 good
1399 4837 1424 4884 et
1441 4836 1472 4884 Ε.
1494 4860 1524 4873 -

203 4903 246 4954 35.
266 4903 317 4954 Sed
335 4901 431 4951 temti?
449 4899 514 4955 Sed,
532 4899 707 4950 mahumetes!
725 4898 784 4949 Non
801 4897 848 4948 M:
874 4898 923 4949 Sed
942 4902 1012 4950 tenti
1030 4901 1190 4961 mehercule,
1216 4915 1270 4952 neae
1288 4901 1319 4952 E.
1358 4902 1524 4966 (Manutinst

203 4973 252 5024 Sed
270 4972 362 5024 tamt?
396 4971 444 5020 nn
473 4971 624 5020 mehereotea
647 4964 711 5029 cet.)
748 4968 790 5017 An
816 4969 1056 5032 distinguendum:
1087 4971 1136 5022 Sed
1156 4972 1250 5020 tonat?
1268 4971 1339 5034 Sed,
1357 4977 1524 5040 mehercules,

203 5057 266 5094 noa.
303 5041 416 5095 Mmtem
434 5042 510 5090 cett
527 5039 578 5091 On.
600 5061 634 5076 -
668 5039 712 5088 37.
732 5039 777 5104 qm·
791 5041 917 5101 pameas·
934 5049 994 5094 eunt
1014 5041 1131 5092 metebat
1149 5042 1306 5093 Lambinus.
