3680 5944
614 458 688 520 un.
711 459 776 519 vn.
819 456 1097 522 ne.1s.ss.1r.
1154 407 1159 416 ’
1460 457 1521 520 ser

195 621 263 702 Ego
293 623 363 680 tuas
390 613 554 700 opiniones
594 612 633 679 de
653 613 702 680 bis
723 609 820 680 rebus
841 623 999 700 exspecto.
1041 613 1181 679 Formias
1202 633 1252 679 me
1273 613 1421 680 continuo
1443 617 1522 680 reci·

195 705 480 794 perecogitnbam.

652 851 733 914 nar.
784 847 840 933 (a.
866 849 898 914 n.
921 850 953 914 e.
975 847 1068 932 ros.)

683 990 826 1054 CICERO
847 989 991 1054 ATTICO
1014 990 1046 1052 S.

290 1107 318 1168 1.
341 1103 457 1168 Omnes
478 1097 617 1166 arbitror
637 1100 713 1166 mihi
733 1109 802 1166 tuas
822 1099 941 1166 litteras
962 1097 1100 1165 redditas
1125 1119 1212 1174 esse,
1235 1097 1288 1164 sed
1303 1101 1545 1189 primuspraes

195 1207 338 1288 postero,
367 1195 505 1282 reliquas
526 1193 653 1268 ordine,
684 1215 747 1279 quo
770 1203 842 1260 sunt
862 1193 990 1269 missae,
1018 1213 1077 1280 per
1098 1193 1284 1260 Terentiam.
1329 1201 1376 1261 De
1397 1195 1524 1263 manda-

196 1295 235 1358 tis
257 1291 398 1358 Caesaris
420 1289 617 1375 adventuque
638 1286 766 1354 Labieni
790 1297 820 1353 et
840 1287 999 1374 responsis
1026 1287 1188 1354 consulum
1203 1309 1239 1354 ac
1254 1291 1394 1376 Pompeii
1412 1290 1523 1378 scripsi

196 1388 236 1453 ad
256 1396 287 1452 te
308 1384 420 1451 litteris
441 1383 495 1458 iis,
528 1403 605 1470 quas
626 1403 654 1448 a.
676 1380 706 1452 d.
727 1402 759 1447 v.
781 1380 848 1446 Kal.
871 1382 975 1466 Capua
1009 1379 1096 1457 dedi;
1132 1380 1285 1468 pluraque
1305 1393 1468 1470 praeterea
1490 1386 1523 1451 in

196 1480 327 1547 eandem
356 1477 517 1564 epistolam
547 1475 678 1541 conieci.
735 1478 765 1539 2.
794 1478 881 1538 Nunc
905 1472 961 1537 bas
983 1473 1230 1558 exspectationes
1252 1474 1404 1543 babemus
1426 1478 1520 1545 duas:
1645 1551 1654 1569 .

196 1595 307 1664 nnaqn.
344 1571 418 1658 quId
448 1574 562 1636 Caesar
591 1580 717 1635 acturus
747 1569 801 1643 sit,
835 1587 905 1632 cum
934 1567 1089 1653 acceperit
1111 1589 1165 1644 ea,
1192 1591 1273 1655 qnae
1295 1571 1460 1638 reserenda
1482 1574 1559 1640 adro
1626 1570 1645 1630 ὅ

197 1659 283 1735 iilum
302 1666 466 1734 istasunt
487 1669 522 1730 L.
545 1663 686 1739 Caesari;
709 1662 853 1754 alteram,
877 1660 953 1747 quid
974 1660 1141 1746 Pompeius
1158 1673 1247 1746 agan
1270 1665 1323 1750 qui
1340 1665 1466 1750 quidem
1481 1667 1522 1733 ad

197 1782 248 1826 me
262 1759 370 1826 scribit
381 1758 488 1846 paucis
499 1756 610 1822 diebus
626 1777 659 1822 se
675 1755 799 1821 firmum
815 1755 989 1821 exercitum
1004 1753 1182 1821 habiturum
1199 1778 1350 1846 spemque
1365 1759 1471 1836 aliert,
1495 1763 1521 1828 si

197 1853 229 1918 in
250 1853 398 1919 Picenum
420 1871 529 1936 agrum
550 1851 619 1937 ipse
640 1849 780 1923 venerit,
814 1871 872 1915 nos
893 1855 1024 1916 Romam
1045 1849 1205 1916 redituros
1226 1873 1305 1928 esse,
1348 1852 1521 1920 Labienum

198 1967 303 2012 secum
325 1944 417 2010 babet
449 1966 512 2010 non
541 1943 735 2010 dubitantem
757 1943 796 2009 de
818 1941 1030 2009 imbecillitate
1053 1943 1193 2010 Caesaris
1216 1947 1398 2032 copiarum;
1432 1948 1521 2014 cuius

198 2039 331 2124 adventu
359 2043 478 2106 Gnaeus
505 2051 612 2105 noster
641 2038 739 2103 multo
769 2037 864 2103 animi
892 2037 963 2125 plus
986 2036 1093 2103 habet.
1138 2042 1201 2103 Nos
1222 2060 1240 2104 a
1262 2041 1443 2108 consulibus
1465 2048 1559 2109 Ca-¹⁵

198 2153 291 2219 puam
313 2133 420 2199 venire
449 2132 524 2199 iussi
556 2153 664 2200 sumus
692 2131 733 2198 ad
760 2137 863 2198 Nonas
892 2130 984 2197 Febr.
1015 2137 1120 2219 Capua
1147 2132 1308 2220 proiectus
1344 2155 1412 2200 sum
1445 2142 1523 2202 For·

199 2227 275 2292 mias
307 2249 334 2292 a.
364 2226 394 2293 d.
425 2247 477 2293 ru.
506 2227 573 2293 Ital.
621 2231 669 2292 Eo
697 2226 749 2291 die
772 2246 842 2292 cum
872 2225 998 2292 Calibus
1020 2233 1088 2292 tuas
1111 2225 1229 2291 litteras
1250 2225 1328 2292 bora
1350 2228 1418 2294 sere
1439 2251 1522 2298 nona

197 2321 399 2409 accepissem,
422 2320 478 2386 bas
499 2321 601 2388 statim
623 2318 706 2386 dedi.
750 2324 780 2385 3.
801 2325 848 2385 De
870 2319 1015 2386 Terentia
1038 2327 1069 2384 et
1089 2319 1189 2385 Tullia
1211 2317 1270 2384 tibi
1291 2322 1460 2402 essentium
1483 2323 1523 2390 ad

94 2463 96 2468 ·
197 2435 274 2501 quas
295 2415 502 2502 scripseram,
525 2413 565 2480 ad
588 2422 617 2479 te
639 2423 674 2480 ut
692 2412 870 2491 referrent3
893 2411 1075 2479 sinendum
1093 2412 1356 2500 prolectaesunt,
1379 2416 1456 2483 nibil
1476 2428 1523 2485 est

197 2507 282 2594 qnod
305 2530 340 2575 se
361 2518 526 2586 moveant,
549 2507 653 2596 quom
674 2507 918 2596 perspiciamus,
941 2529 1005 2594 quo
1026 2507 1088 2573 loci
1109 2507 1149 2572 sit
1169 2528 1231 2573 res.
1532 2520 1561 2564 2⁰

659 2679 757 2742 nur.
799 2677 852 2757 (A.
879 2679 911 2742 u.
935 2679 966 2740 o.
989 2675 1076 2754 ros.)

681 2799 824 2864 CICERO
846 2797 990 2862 ATTICO
1013 2799 1045 2862 S.

213 2921 215 2928 ’
284 2919 312 2981 1.
335 2920 420 2980 Tuae
440 2909 562 2977 litterae
585 2909 661 2975 mihi
683 2919 789 2996 gratae
811 2909 1028 2994 iucundaeque
1050 2918 1133 2975 sunt.
1175 2915 1221 2976 De
1243 2911 1349 2997 pueris
1370 2913 1404 2979 in
1425 2917 1523 2980 Grae-

197 3016 276 3077 ciam
294 3005 541 3094 transportandis
562 3018 627 3071 tum
649 3002 841 3088 cogitabam,
866 3023 938 3067 cum
960 3002 1032 3087 Iuga
1055 3025 1096 3067 ex
1116 3003 1205 3069 ltalia
1219 3011 1327 3090 quaeri
1344 3006 1522 3074 videbatur.
1560 3029 1567 3052 ·

198 3110 260 3170 Nos
282 3101 365 3168 enim
402 3100 583 3187 Hispaniam
612 3112 805 3186 peteremus;
838 3095 900 3162 illis
930 3095 990 3161 boc
1017 3117 1116 3184 aeque
1138 3099 1338 3166 commodum
1360 3122 1424 3166 non
1445 3111 1561 3168 eratis

198 3204 244 3264 Tu
273 3198 340 3284 ipse
369 3217 440 3261 cum
473 3198 570 3260 Sento
599 3194 775 3259 etiamnunc
802 3189 877 3256 mibi
911 3189 1028 3256 videris
1058 3197 1176 3257 Romae
1207 3205 1291 3260 recte
1320 3215 1389 3259 esse
1420 3214 1523 3281 posse.

197 3295 318 3357 Etenim
340 3290 468 3356 minime
490 3288 580 3354 amici
600 3285 750 3373 Pompeio
772 3295 880 3352 nostro
903 3305 972 3350 esse
994 3282 1124 3351 debetis.
1167 3291 1265 3352 Nemo
1287 3287 1371 3353 enim
1385 3309 1522 3375 unquam

199 3395 316 3452 unium
339 3384 378 3451 de
400 3381 529 3449 urbanis
551 3380 688 3470 praediis
710 3377 855 3446 detraxit.
906 3377 1041 3445 VIdesne
1065 3400 1114 3444 me
1146 3381 1239 3445 etiam
1272 3379 1392 3446 iocari?
1436 3382 1524 3448 Scire

198 3479 261 3546 iam
291 3488 321 3544 te
350 3486 491 3565 oportet,
528 3480 563 3542 L.
586 3479 700 3542 Caesar
722 3494 802 3561 quae
822 3492 978 3559 responsa
999 3472 1119 3539 referat
1140 3495 1157 3538 a
1178 3474 1346 3560 Pompeio,
1384 3497 1461 3562 quas
1483 3473 1523 3542 ab

198 3572 310 3639 eodem
332 3573 371 3638 ad
394 3577 558 3639 Caesarem
581 3569 661 3634 ierat
681 3568 811 3633 litteras.
866 3567 1007 3654 Scriptae
1030 3567 1114 3632 enim
1138 3578 1169 3633 et
1191 3567 1280 3634 datae
1302 3569 1345 3634 ita
1367 3577 1457 3644 sunt,
1489 3578 1562 3636 utsa

199 3679 451 3754 proponerentur
471 3666 503 3731 in
525 3662 665 3751 publico;
687 3662 721 3727 in
742 3682 807 3748 quo
830 3662 974 3726 accusavi
996 3683 1118 3727 mecum
1139 3661 1206 3748 ipse
1228 3664 1434 3749 Pompeium,
1457 3665 1523 3750 qui,

199 3781 270 3826 cum
296 3761 431 3846 scriptor
461 3759 634 3826 luculentus
665 3765 761 3830 esset,
798 3763 898 3820 tantas
922 3777 975 3820 res
998 3766 1090 3843 atque
1113 3777 1182 3832 eas,
1214 3778 1294 3842 quac
1327 3757 1359 3822 in
1382 3759 1522 3824 omnium

201 3876 309 3920 manns
331 3864 480 3920 venturae
510 3862 630 3927 essent,
664 3850 765 3916 Sestio
794 3859 904 3915 nostro
926 3848 1105 3916 scribendas
1128 3848 1260 3915 dederit.
1314 3857 1423 3940 ltaque
1446 3853 1522 3920 nibil

199 3970 336 4034 unquam
357 3947 420 4034 legi
440 3947 592 4033 scriptum
614 3950 897 4028 σηστιωδέστερον.
951 3943 1089 4031 Perspici
1113 3953 1215 4009 tamen
1237 3965 1277 4010 ex
1299 3946 1410 4014 litteris
1431 3952 1522 4013 Pom·

200 4043 263 4130 peii
290 4050 393 4130 potest
421 4040 499 4106 nibil
531 4039 658 4107 Caesari
680 4037 788 4124 negari
811 4037 979 4124 omniaque
1007 4046 1038 4102 et
1067 4037 1239 4111 cumulate.
1269 4059 1350 4124 quae
1372 4043 1563 4129 postulet,⁸⁵

200 4135 283 4212 dari,
306 4157 387 4223 quae
408 4134 460 4200 ille
481 4132 709 4199 amentissimus
731 4130 835 4206 luerit,
858 4131 916 4196 nisi
938 4131 1112 4216 acceperit,
1134 4131 1320 4217 praesertim
1336 4155 1407 4199 cum
1422 4135 1525 4222 impu-

200 4229 380 4297 dentissime
401 4226 615 4316 postulaverit
660 4225 738 4308 Qui}
761 4223 845 4290 enim
866 4233 900 4290 tu
923 4246 971 4300 es,
996 4225 1048 4313 qni
1072 4224 1172 4292 dicas:
1204 4227 1264 4303 „Si
1288 4227 1320 4292 in
1342 4227 1524 4313 Hispaniam
1599 4213 1618 4304 I

200 4325 359 4410 proiectus
392 4323 468 4396 erit,
498 4321 524 4388 si
553 4318 709 4408 praesidia
737 4317 919 4384 dimiserit.''
947 4353 988 4365 -
1038 4323 1153 4384 Tamen
1175 4319 1378 4387 conceditur?
1421 4321 1524 4388 Minus

201 4417 330 4484 honeste
357 4436 440 4482 nunc
469 4414 612 4502 quidem,
649 4411 764 4478 violata
790 4411 852 4476 iam
880 4412 920 4477 ab
953 4412 1006 4478 illo
1031 4434 1067 4477 re
1095 4412 1219 4498 publica
1255 4413 1405 4501 illatoque
1426 4413 1548 4491 hello,'

200 4534 294 4600 quam
315 4515 342 4578 si
363 4512 440 4578 olim
468 4510 506 4575 de
527 4509 649 4574 ratione
672 4504 813 4571 habenda
835 4507 1048 4594 impetrasset;
1083 4519 1114 4573 et
1136 4519 1238 4575 tamen
1260 4531 1391 4584 vereor,
1421 4521 1456 4576 ut
1477 4510 1564 4577 bisti

270 4733 297 4782 7.
323 4733 359 4781 nd
384 4731 532 4793 Pompeium
555 4728 629 4778 Mal.
666 4724 835 4782 (Correctunr
860 4739 893 4777 ex
918 4724 963 4789 Y.)
992 4751 1020 4762 -
1058 4727 1086 4778 8.
1107 4730 1212 4792 capuae
1231 4731 1252 4779 1.
1275 4755 1303 4767 -
1343 4730 1385 4780 16.
1404 4733 1468 4780 iussi
1485 4746 1526 4781 su·

200 4799 266 4866 mus]
285 4805 405 4852 torsimus
422 4802 461 4852 Μ.
485 4827 514 4839 -
551 4796 873 4860 ao.respteinmss1.-
909 4797 964 4846 ioco
983 4798 1005 4848 l.
1029 4821 1056 4832 -
1094 4799 1138 4850 33.
1158 4800 1398 4863 Nosaeepistolre
1418 4802 1525 4852 initium

201 4873 266 4923 hine
290 4874 392 4937 primus
413 4871 475 4921 iecit
493 4869 599 4919 Bosius.
625 4891 659 4903 -
694 4866 739 4915 28.
761 4867 880 4928 proediis
897 4866 963 4918 Cod.
985 4869 1011 4918 in
1030 4883 1085 4932 mg·
1114 4871 1217 4933 Repeti.
1250 4871 1360 4921 Lambs
1385 4874 1526 4934 praesidiis

201 4943 295 4994 Mittit.
318 4969 345 4980 -
368 4943 412 4992 29.
433 4949 457 4992 te
473 4943 528 4990 inm
546 4939 569 4989 l.
583 4959 614 4974 -
632 4949 746 5002 quosque
764 4936 785 4984 1.
818 4963 839 4974 -
857 4936 901 4986 30.
919 4939 960 4986 ito
982 4939 1062 4988 dotas
1082 4939 1152 4988 1.-
1172 4941 1214 4989 31.
1239 4949 1432 5004 proponeretur
1449 4943 1469 4992 Ι.
1494 4967 1525 4980 ·-

201 5013 246 5064 34.
274 5011 518 5082 σεστιωδεστερον
537 5011 568 5060 li.
597 5031 628 5044 -
663 5006 708 5057 37.
727 5006 807 5056 duces
826 5005 848 5056 l.
878 5030 909 5043 -
945 5007 988 5058 33.
1015 5015 1103 5060 tomen
1130 5010 1278 5060 conceditur
1304 5013 1314 5060 Ι
1340 5018 1367 5062 et
1384 5026 1455 5062 corr.
1477 5013 1525 5064 Ita

201 5097 220 5132 c
237 5097 276 5134 me
293 5097 347 5133 son
364 5083 514 5133 comeditur
531 5095 574 5145 pr.
593 5077 631 5141 tt,
651 5083 741 5128 temera
757 5077 892 5128 concedere
910 5077 948 5136 R,
968 5083 1056 5132 tamea
1074 5093 1129 5130 noa
1146 5081 1294 5132 comeditur
1312 5095 1375 5132 cum
1393 5083 1475 5135 Bouto
1495 5083 1525 5134 Ε.
