3656 5868
278 319 321 382 dt)
709 313 986 378 EPISTOLAllUld
1006 315 1059 378 ab
1080 313 1172 378 last.

164 474 181 554 j
278 485 345 540 tem
366 472 507 560 mihique
528 470 561 536 in
583 469 694 557 primis
722 469 910 557 probatum,
945 469 1132 546 Antonium,
1154 469 1348 557 praelectum
1369 475 1601 548 ‘evocatorum

278 567 350 634 misi
372 564 412 632 ad
433 576 480 640 te,
511 565 578 640 cui,
612 565 638 630 si
660 563 719 630 tibi
740 563 917 638 videretur,
948 561 1095 630 cobortes
1117 563 1272 640 traderes}
1296 573 1347 640 at,
1383 563 1457 630 dum
1479 577 1602 654 tempus

277 660 350 726 anni
372 668 454 732 esset
474 658 645 733 idoneum,
675 658 794 745 aliquid
818 656 936 744 negotii
961 677 1073 743 gerere
1098 677 1234 744 possem.
1290 661 1325 724 ln
1348 679 1428 744 quo,
1451 668 1506 724 tuo
1527 679 1604 725 con-

278 753 350 820 silio
371 763 407 820 ut
427 774 478 818 me
500 773 661 838 sperarem
683 773 752 818 esse
780 773 912 818 usurum
926 800 934 826 ,
949 757 999 833 (et
1027 749 1164 816 amicitia
1193 759 1299 817 nostra
1328 761 1360 816 et
1385 750 1508 818 litterae
1529 762 1602 818 tune

142 845 198 934 gas.
253 849 437 955 alecegaut)
455 845 541 934 quod
562 867 601 910 ne
617 868 700 912 nunc
720 845 846 934 quidem
870 845 1015 931 despero.
1059 845 1121 911 Sed
1138 845 1246 932 plane,
1277 844 1407 932 mando
1428 855 1482 912 aut
1498 844 1554 932 ubi
1571 857 1603 912 te

277 941 404 1032 visurus
423 941 500 1016 sim,
521 939 582 1006 nisi
603 940 642 1006 ad
664 961 714 1006 me
731 939 911 1026 scripseris,
934 961 974 1005 ne
986 939 1138 1026 suspicari
1155 939 1282 1027 quidem
1300 960 1438 1024 possum.
1481 943 1511 1004 6.
1522 944 1601 1025 Ego,

205 1045 218 1087 t
276 1045 312 1101 ut
333 1055 383 1100 me
405 1033 463 1100 tibi
484 1034 706 1102 amicissimum
728 1055 797 1100 esse
819 1043 850 1100 et
871 1035 965 1121 aequi
992 1042 1024 1100 ct
1055 1033 1157 1121 iniqui
1176 1033 1365 1119 intelligant,
1399 1031 1532 1099 curabo:
1561 1033 1602 1100 de

186 1114 203 1136 Λ
276 1138 333 1194 tuo
353 1128 387 1194 in
408 1149 460 1194 me
481 1127 587 1194 animo
609 1127 725 1214 iniquis
747 1148 837 1194 secans
859 1127 1059 1194 existimandi
1074 1128 1193 1194 videris
1213 1127 1356 1194 nonnibil
1376 1126 1439 1193 loci
1460 1125 1601 1206 dedisse;

277 1221 310 1288 id
332 1223 359 1288 si
372 1223 569 1300 correxeris,
591 1223 667 1289 mibi
683 1222 773 1288 valde
790 1229 913 1307 gratum
935 1221 1005 1286 erit.
1047 1225 1103 1295 Et,
1125 1230 1161 1286 ut
1181 1219 1298 1286 babere
1318 1221 1473 1286 rationem
1488 1221 1601 1307 possis,

241 1337 341 1402 eoquo
366 1316 438 1382 loco
469 1339 520 1382 me
553 1317 638 1383 salva
666 1316 736 1402 lege
771 1314 916 1382 Cornelia
949 1315 1137 1388 convenias,
1174 1335 1234 1400 ego
1256 1315 1289 1380 in
1308 1314 1504 1400 provinciam
1529 1315 1602 1382 veni

278 1409 382 1495 pridie
406 1410 560 1477 Kalendas
581 1411 735 1488 Sextiles;
758 1409 820 1474 iter
842 1409 874 1474 in
896 1407 1036 1474 Ciliciam
1050 1408 1133 1476 facio
1154 1430 1213 1494 per
1228 1408 1478 1496 Cappadociam3
1500 1418 1602 1474 castra

276 1504 362 1569 movi
383 1503 422 1568 ab
446 1505 554 1572 lconio
572 1505 676 1591 pridie
705 1503 858 1571 Kalendas
883 1502 1093 1588 Septembres.
1146 1508 1234 1568 Nunc
1256 1512 1289 1569 tu
1315 1513 1347 1570 ct
1370 1525 1411 1568 ex
1437 1501 1548 1568 diebus
1570 1511 1602 1568 et

277 1619 318 1662 ex
340 1601 463 1664 ratione
483 1598 623 1674 itineris,
646 1599 673 1664 si
701 1597 826 1684 putabis
855 1619 907 1662 me
928 1619 998 1662 esse
1019 1597 1286 1673 conveniendum,
1315 1597 1500 1671 constitues,
1536 1615 1602 1683 quo

276 1691 348 1758 loco
369 1691 402 1758 id
416 1693 672 1760 commodissime
693 1691 763 1758 lieri
784 1691 885 1778 possit
906 1703 938 1758 et
959 1713 1022 1780 quo
1045 1691 1107 1758 die.

241 1862 266 1905 a
751 1835 815 1898 ur.
858 1832 907 1918 (a.
934 1837 966 1899 u.
989 1837 1021 1898 e.
1043 1833 1128 1918 aaa.)

663 1947 806 2014 cronno
830 1949 861 2012 s
882 1951 919 2012 o.
942 1949 1001 2014 aa.
1022 1946 1215 2012 runcano

361 2073 390 2134 1.
412 2067 559 2136 Pluribus
580 2067 687 2134 verbis
711 2068 752 2134 ad
773 2079 804 2134 te
830 2065 982 2141 scribam,
1005 2088 1077 2132 cum
1098 2064 1169 2152 plus
1192 2066 1249 2132 otii
1272 2076 1380 2134 nactus
1406 2087 1474 2134 ero.
1516 2069 1602 2132 llaec

275 2161 388 2249 scripsi
403 2161 525 2235 subito,
548 2181 620 2228 cnm
640 2161 730 2226 ltruti
747 2160 840 2247 pueri
859 2159 1031 2227 Laodiceae
1054 2180 1104 2224 me
1126 2158 1346 2225 convenissent
1360 2169 1392 2226 et
1413 2180 1448 2226 se
1469 2164 1601 2225 ltomam

276 2277 450 2342 properare
470 2255 632 2322 dixissent
676 2259 785 2343 ltaque
806 2253 907 2320 nullas
929 2253 968 2318 iis
989 2263 1209 2340 praeterquam
1232 2253 1271 2319 ad
1298 2264 1329 2319 te
1353 2262 1384 2319 et
1407 2253 1447 2320 ad
1467 2259 1601 2318 Brutum

238 2349 348 2415 nodedi
377 2348 507 2415 litteras.
551 2353 583 2416 2.
604 2348 714 2434 Legati
737 2347 872 2434 Appiani
900 2346 978 2413 mibi
1001 2347 1148 2413 volumen
1182 2368 1201 2411 a
1230 2356 1261 2412 te
1300 2348 1428 2433 plenum
1452 2347 1601 2435 querelae

276 2441 490 2528 iniquissimae
513 2441 738 2518 reddiderunt,
760 2439 846 2528 quod
868 2461 981 2506 eorum
1002 2439 1252 2506 aedificationem
1273 2440 1385 2506 litteris
1408 2441 1488 2506 meis
1502 2439 1602 2526 impc-

276 2534 401 2601 disscm.
458 2535 574 2602 Eadem
601 2543 705 2601 antem
737 2534 868 2621 epistola
892 2533 1039 2620 petebas,
1072 2544 1107 2600 ut
1128 2554 1184 2600 cos
1207 2533 1478 2621 quamprimum,
1505 2555 1546 2599 ne
1567 2532 1601 2598 in

276 2627 412 2694 hiemem
433 2629 623 2704 inciderent,
639 2659 641 2662 ·
658 2629 697 2694 ad
721 2629 898 2694 facultatem
920 2627 1103 2693 aedificandi
1125 2626 1313 2706 liberarem;
1347 2637 1379 2694 et
1396 2627 1489 2694 simul
1509 2648 1602 2713 pera-

276 2731 346 2788 cute
375 2721 568 2809 querebare,
605 2722 692 2811 qnod
717 2743 773 2788 eos
806 2720 923 2787 tributa
949 2721 1078 2806 exigere
1103 2730 1242 2788 vetarem
1262 2721 1351 2808 prius
1370 2743 1465 2808 quam
1485 2742 1545 2808 ego
1564 2742 1600 2786 re

237 2838 265 2882 aa
276 2815 399 2900 cognita
421 2817 650 2901 permisissem:
687 2837 786 2904 genus
806 2817 891 2883 enim
914 2815 1072 2903 quoddam
1089 2815 1187 2882 luisse
1205 2814 1410 2903 impediendi,
1447 2837 1518 2882 eum
1540 2835 1600 2900 ego

275 2929 466 2995 cognoscere
488 2932 551 2978 non
575 2932 717 2998 possam,
750 2910 811 2977 nisi
832 2932 904 2976 cum
927 2910 967 2976 ad
984 2910 1120 2975 biemem
1137 2931 1249 2977 mccx
1272 2909 1379 2978 Cilicia
1399 2908 1600 2997 recepissem.

275 3006 306 3070 3.
327 3003 375 3068 sd
396 3004 501 3070 omnia
526 3005 655 3092 accipe,
685 3013 717 3070 et
732 3025 888 3090 cognosce
911 3006 1099 3092 aequitatem
1126 3003 1387 3092 expostulationis
1408 3013 1489 3070 tuae.
1532 3003 1602 3068 Pri·

275 3117 378 3172 mum,
401 3119 472 3164 oum
494 3097 534 3164 ad
556 3121 607 3166 me
630 3099 750 3165 aditum
774 3108 857 3164 esset
883 3097 924 3164 ab
950 3098 1007 3174 iis,
1047 3098 1103 3186 qni
1125 3097 1267 3164 dicerent
1286 3119 1304 3162 a
1329 3119 1363 3163 se
1391 3096 1601 3164 intolerabilia

275 3189 394 3256 tributa
412 3191 516 3278 exigi:
538 3193 614 3281 quid
629 3192 741 3260 babuit
755 3192 931 3280 iniquitatis
950 3214 1001 3258 me
1015 3192 1176 3269 scribere,
1199 3213 1238 3259 ne
1257 3191 1397 3258 iacerent
1419 3201 1491 3256 ante
1506 3211 1601 3279 quam

236 3305 336 3370 coago
360 3307 428 3352 rem
444 3307 633 3374 causamque
656 3293 863 3372 cognossem?
886 3291 954 3352 Non
972 3297 1130 3374 poteram,
1153 3285 1267 3362 credo,
1289 3295 1360 3350 ante
1380 3285 1532 3362 hiemem
1554 3283 1601 3352 sie

275 3379 360 3446 enim
390 3378 513 3445 scribis.
532 3367 557 3474 ζ
557 3379 655 3458 Quasi
687 3401 764 3446 vero
796 3379 836 3446 ad
867 3379 1118 3467 cognoscendum
1145 3399 1205 3466 ego
1225 3378 1265 3445 ad
1295 3378 1384 3453 illos,
1407 3401 1471 3444 non
1492 3378 1539 3444 illi
1560 3375 1600 3442 ad

127 3497 143 3524 a
170 3515 180 3544 .
274 3493 326 3538 me
340 3473 449 3538 venire
464 3469 655 3547 debuerint.)
686 3479 762 3540 Tam
782 3473 898 3559 longe?
922 3474 1036 3560 inquis.
1081 3473 1187 3552 Quidr
1209 3495 1281 3540 cunr
1296 3471 1392 3540 dabas
1409 3473 1449 3540 iis
1469 3472 1599 3548 litteras,

273 3587 332 3654 per
355 3588 433 3653 quas
460 3587 583 3634 mecum
605 3567 741 3655 agebas,
775 3589 814 3633 ne
836 3588 892 3634 eos
917 3567 1119 3654 impedirem,
1150 3588 1214 3656 quo
1234 3567 1338 3634 minus
1371 3577 1441 3633 ante
1463 3566 1599 3634 biemem

274 3657 490 3732 aedificarent,
523 3682 587 3727 non
605 3683 661 3728 eos
682 3661 723 3728 ad
744 3683 795 3726 me
816 3671 966 3728 venturos
994 3660 1215 3727 arbitrabare?
1252 3661 1389 3727 Tametsi
1414 3661 1447 3727 id
1470 3659 1599 3748 quidem

236 3752 417 3819 eiecerunt
436 3753 584 3834 ridicule;
617 3778 694 3844 quas
716 3755 800 3822 enim
820 3754 939 3822 litteras
963 3755 1150 3830 afferebant,
1182 3765 1218 3820 ut
1244 3777 1324 3842 opus
1348 3766 1465 3822 aestate
1495 3755 1600 3820 lacera

274 3855 416 3932 possent,
439 3869 492 3912 eas
513 3848 591 3914 mibi
609 3858 682 3935 post
701 3847 845 3915 brumam
867 3850 1083 3917 reddiderunt.
1137 3849 1199 3916 Sed
1220 3852 1299 3917 scito
1322 3859 1354 3916 et
1372 3849 1472 3916 multo
1492 3849 1599 3936 plures

274 3959 363 4013 esse,
385 3940 440 4027 qui
477 3941 516 4006 de
542 3941 667 4010 tributis
692 3953 857 4017 recusent,
880 3967 975 4032 quam
999 3947 1053 4034 qui
1078 3945 1300 4030 exigivelint3
1332 3955 1363 4010 et
1390 3965 1442 4008 me
1474 3952 1599 4019 mmen,

274 4032 359 4120 quod
385 4043 415 4098 te
434 4035 514 4102 velle
533 4035 731 4114 existimem,
760 4059 831 4104 esse
856 4037 1021 4105 ianuarum.
1072 4045 1118 4104 lle
1143 4039 1292 4126 Appianis
1318 4039 1477 4104 hactenus.
1520 4041 1551 4102 4.
1573 4043 1600 4102 Α

170 4109 193 4211 ζ
274 4127 444 4204 Pausania,
466 4129 591 4195 Lentuli
611 4129 747 4214 liberto,
770 4152 902 4198 accenso
926 4153 1019 4207 mco,
1041 4133 1163 4208 audivi,
1185 4155 1256 4198 cum
1283 4132 1418 4209 diceret,
1441 4141 1473 4197 te
1492 4151 1599 4197 somam

236 4241 343 4286 coesse
359 4231 520 4308 questum,
544 4223 631 4310 quod
654 4224 712 4291 tibi
738 4219 865 4292 obviam
886 4246 949 4292 non
976 4227 1163 4312 prodissem.
1207 4226 1331 4293 Scilicet
1351 4225 1525 4311 contempsi
1549 4233 1598 4298 te,

274 4335 333 4380 nec
354 4325 457 4401 potest
478 4315 547 4382 lieri
569 4338 620 4383 me
642 4318 814 4406 quidquam
836 4318 1021 4405 superbius!
1059 4326 1136 4388 Cum
1149 4342 1229 4407 puer
1250 4328 1324 4385 tuus
1340 4319 1380 4385 ad
1394 4341 1445 4384 me
1463 4317 1599 4384 secunda

274 4408 341 4474 iere
376 4408 484 4495 vigilia
514 4410 650 4476 venisset
681 4411 772 4499 isque
793 4421 824 4478 te
846 4423 917 4478 ante
938 4412 1040 4478 lucem
1062 4414 1203 4480 leonium
1225 4414 1303 4480 milri
1331 4425 1499 4480 venturum
1519 4433 1600 4477 nun-

273 4501 394 4576 tiasset,
417 4503 652 4591 incertumque,
674 4515 746 4570 utra
767 4505 833 4581 via,
857 4529 928 4572 cum
943 4515 1046 4572 essent
1061 4507 1159 4574 duae:
1182 4509 1281 4574 altera
1295 4513 1487 4581 Varronem,
1510 4515 1598 4571 tuum

182 4581 201 4692 1
275 4595 568 4682 familiarissimum,
598 4601 697 4666 altera
720 4604 759 4679 Q.
781 4605 925 4688 Leptam,
953 4599 1147 4694 praelectum
1169 4601 1294 4667 labrrlm
1315 4621 1438 4674 meum,
1461 4597 1520 4664 tibi
1542 4597 1599 4664 ob-

238 4689 357 4754 aviam
380 4691 462 4758 misi.
505 4693 650 4760 Mandnvi
679 4694 806 4781 utrique
835 4715 962 4771 eorum,
1001 4703 1036 4760 nt
1064 4705 1135 4760 ante
1162 4694 1202 4761 ad
1229 4715 1280 4760 me
1309 4701 1531 4766 excurrerent,
1564 4697 1599 4756 ut

345 4909 370 4959 1.
390 4911 533 4962 Antoniam
550 4919 707 4977 corruptum
726 4915 832 4964 vidntur
850 4927 875 4963 a.
890 4927 914 4963 c.
929 4927 959 4964 ex
973 4916 1005 4965 Δ.
1021 4913 1143 4964 Nonium.
1163 4913 1214 4965 On.
1236 4939 1264 4950 -
1286 4913 1313 4963 2.
1333 4913 1436 4962 otdatnr
1454 4923 1495 4975 pr.
1514 4908 1552 4960 bl.
1569 4931 1595 4945 -

278 4979 319 5029 18.
339 4979 470 5030 mnam
487 4980 525 5032 ltl.
547 5005 577 5018 -
613 4984 657 5035 id.
679 4997 781 5048 possem
799 4997 853 5034 om.
873 4983 912 5035 11.
936 5009 961 5020 -
1001 4984 1044 5036 tt.
1064 4984 1198 5049 alteroque
1216 4984 1324 5049 Leptam
1343 4983 1372 5033 a.
