3628 5876
589 423 664 488 LIB.
687 423 741 486 xl.
785 425 843 486 Re.
870 423 918 486 11.
944 423 992 484 ll.
1018 422 1066 486 lb.
1091 423 1139 486 16.
1450 415 1508 488 199

647 583 728 646 mr.
770 583 822 661 (1.
847 581 880 644 n.
902 583 933 646 c.
957 579 1041 662 711.)

453 716 495 778 11.
518 714 661 778 CICERO
682 715 720 777 Ι).
741 713 871 777 BRUTO
894 713 978 778 COS.
999 712 1128 776 DESIG.
1151 714 1182 775 S.
1203 715 1241 776 D.

273 832 520 909 1111111111,
550 833 594 898 mi
621 838 733 908 Brute,
764 833 878 906 laetor,
913 853 984 897 mea
1010 831 1139 898 consilia
1167 854 1315 922 measque
1343 835 1508 902 sententias
1645 811 1667 908 l

187 950 205 994 a
227 937 257 992 te
278 925 408 1014 probari
429 926 469 992 de
490 925 692 1002 decemviris,
719 926 759 992 dc
788 926 929 993 ornando
939 921 1159 996 adolescente.
1212 927 1274 992 Sed
1296 928 1371 1013 quid
1391 930 1527 998 relertt.

187 1023 263 1088 blihi
284 1021 393 1098 crede,
426 1022 545 1088 homini
566 1044 630 1087 non
651 1021 806 1107 glorioso:
842 1021 934 1107 plane
958 1021 1036 1097 iam,
1065 1026 1178 1096 Brute,
1211 1021 1331 1107 lrigeo;
1366 1024 1533 1108 dpyanoaa

185 1116 269 1180 enim
295 1125 363 1181 erat
387 1138 493 1182 meum
507 1125 647 1194 senatus;
670 1115 702 1181 id
723 1116 786 1181 iam
807 1124 855 1180 est
872 1114 1068 1180 dissolutum.
1112 1121 1241 1180 Tantam
1259 1138 1347 1202 spem
1365 1117 1511 1182 attulerat

185 1211 367 1297 exploratae
390 1210 541 1277 victoriae
563 1219 614 1275 tua
630 1210 790 1296 praeclara
808 1209 925 1276 Mutina
947 1209 1091 1296 eruptio,
1127 1208 1200 1295 luga
1232 1210 1358 1276 Antonii
1383 1211 1509 1276 conciso

185 1305 345 1380 exercitu,
382 1315 417 1371 ut
438 1305 577 1370 omnium
600 1304 695 1369 animi
717 1302 848 1368 relaxati
867 1304 928 1368 sint
949 1323 1100 1390 meaeque
1121 1303 1193 1370 illae
1216 1304 1414 1370 vehementes
1436 1325 1511 1370 con·

184 1399 260 1463 tenti
283 1419 338 1463 nes
356 1407 512 1486 tamquam
533 1410 732 1483 σκιαμαχίαι
755 1419 823 1462 esse
845 1396 1018 1462 videantur.
1061 1402 1091 1462 2.
1115 1397 1193 1474 Sed,
1214 1408 1249 1463 ut
1270 1398 1399 1464 adrem
1420 1397 1511 1464 rede·

184 1421 281 1590 am?y
280 1493 438 1578 legionem
458 1492 601 1558 Martiam
626 1501 657 1557 et
679 1501 822 1579 quartam
847 1490 1053 1588 negant,)qui
1074 1491 1141 1556 illas
1163 1501 1296 1566 norunt,
1319 1493 1382 1557 ulta
1403 1491 1548 1558 condi-n
1592 1473 1645 1563 al

183 1586 276 1652 eione
289 1587 337 1682 (ad
355 1576 405 1654 ti?
406 1607 499 1673 posse
517 1585 672 1678 perducit
699 1586 871 1662 Pecuniae,
905 1607 999 1672 quam
1020 1584 1195 1659 desideras,
1228 1591 1309 1652 ratio
1331 1595 1435 1672 potest
1455 1587 1510 1652 ha-

184 1678 254 1746 beri
273 1701 373 1768 eaque
387 1679 563 1746 habebitur.
606 1687 652 1746 De
673 1685 771 1745 Bruto
786 1678 973 1745 arcessendo
994 1683 1189 1768 Caesareque
1212 1679 1252 1746 ad
1267 1681 1372 1747 ltaliae
1392 1681 1511 1768 praesi-

184 1773 271 1840 dium
293 1774 428 1841 tenendo
447 1775 537 1841 valde
564 1774 619 1840 tibi
637 1774 800 1840 assentior.
845 1773 923 1846 Sed,
945 1782 981 1838 ut
1003 1771 1131 1848 scribis,
1154 1772 1250 1840 hahes
1264 1774 1509 1852 obtrectatores;

183 1889 265 1954 quos
284 1867 431 1956 equidem
445 1869 591 1934 facillime
612 1868 773 1946 sustineo;
796 1867 850 1932 sed
874 1866 1048 1954 impediunt
1069 1877 1181 1932 tamen
1223 1871 1272 1934 Ex
1291 1869 1394 1934 Africa
1411 1869 1510 1954 legio-

184 1981 240 2026 nes
263 1971 496 2048 exspectantur.
539 1967 569 2028 3.
593 1961 654 2026 Sed
674 1961 792 2028 bellum
814 1961 893 2027 istuc
907 1971 1050 2027 renatum
1072 1963 1227 2027 mirantur
1245 1962 1397 2028 homines.
1427 1962 1548 2028 Nihilo

184 2064 246 2119 mm
277 2063 404 2142 praeter
438 2077 526 2142 spem
559 2077 707 2142 unquam.
749 2060 826 2120 Nam
857 2055 908 2120 die
935 2065 990 2120 tuo
1021 2055 1115 2121 natali
1140 2055 1272 2122 victoria
1294 2057 1454 2130 nuntiata,
1477 2055 1509 2121 in

184 2149 281 2214 multa
302 2149 408 2215 secula
428 2148 611 2216 videbamus
632 2171 701 2214 rem
723 2148 878 2236 publicam
900 2149 1073 2215 liberatam.
1114 2149 1194 2214 Novi
1217 2149 1344 2216 timores
1364 2159 1512 2218 retexunt

184 2243 358 2330 superiora.
403 2243 561 2330 Scripsisti
583 2252 688 2309 autem
706 2243 745 2308 ad
775 2265 825 2307 me
844 2243 902 2318 iis,
925 2266 1002 2331 quas
1027 2242 1134 2310 Idibus
1155 2243 1243 2310 Maiis
1263 2243 1392 2320 dedisti,
1414 2245 1510 2312 modo

184 2345 214 2402 te
237 2338 394 2424 accepisse
419 2360 437 2402 a
459 2339 572 2403 Planco
599 2337 717 2402 litteras
741 2358 804 2402 non
835 2339 934 2425 recipi
961 2338 1130 2403 Antonium
1151 2359 1169 2402 a
1190 2336 1320 2423 Lepido.
1363 2337 1399 2404 ld
1420 2338 1447 2404 si
1467 2339 1510 2404 ita

184 2439 248 2505 est,
272 2432 377 2496 omnia
398 2431 559 2510 laciliora;
593 2431 641 2496 sin
662 2432 770 2504 aliter,
799 2452 947 2517 magnum
977 2432 1154 2517 negotimn,
1188 2431 1277 2496 euius
1307 2431 1426 2497 exitum
1447 2453 1548 2498 nona·

184 2526 372 2604 extimesc03
396 2534 466 2590 tuae
487 2534 592 2612 partes
618 2533 700 2592 sunt.
742 2530 809 2610 Ego
833 2525 919 2612 plus,
942 2548 1036 2614 quam
1058 2525 1138 2601 leci,
1161 2524 1264 2591 lacere
1289 2547 1352 2592 non
1371 2547 1510 2613 possum.

183 2624 227 2685 Te
243 2628 364 2696 tamem
386 2619 418 2684 id
437 2618 524 2707 quod
538 2641 652 2706 spero,
672 2620 812 2685 omnium
824 2620 996 2686 maximum
1017 2629 1048 2685 et
1062 2621 1269 2687 clarissimum
1283 2619 1391 2687 videre
1406 2621 1510 2708 cupio.

659 2762 723 2824 rr.
766 2761 814 2843 (A.
841 2763 873 2826 n.
896 2763 928 2825 c.
950 2759 1036 2842 711.)

468 2885 509 2949 n.
532 2884 734 2949 c1cnnon.
757 2884 885 2948 cnoro
909 2883 994 2948 cos.
1014 2885 1101 2948 nes.
1124 2885 1155 2948 e.
1177 2887 1214 2949 n.

271 3009 299 3072 1.
321 3003 388 3070 Etsi
404 3003 479 3069 mihi
507 3011 578 3071 tuae
601 3003 723 3068 litterae
746 3002 987 3069 iucundissimae
1011 3011 1098 3079 sunt,
1128 3013 1231 3068 tamen
1247 3004 1413 3071 iucundius
1436 3005 1509 3078 luit,
1522 3035 1550 3072 rs

183 3098 270 3187 quod
294 3098 327 3164 in
349 3119 470 3164 summa
495 3097 698 3183 occupatione
726 3106 777 3161 tua
808 3097 920 3161 Planco
951 3096 1090 3188 collegae
1119 3097 1289 3173 mandasti,
1327 3106 1363 3163 ut
1383 3106 1413 3163 te
1436 3097 1510 3162 mihi
1623 3061 1645 3160 b

181 3215 241 3281 per
262 3194 380 3259 litteras
400 3202 580 3270 excusaret3
610 3189 696 3277 quod
717 3188 791 3255 lecit
810 3190 863 3254 ille
890 3181 1065 3276 diligenter.
1109 3189 1186 3256 Mihi
1205 3199 1309 3257 autem
1332 3191 1409 3256 nihil
1428 3211 1513 3256 ama·

182 3287 278 3354 bilius
300 3286 406 3353 officio
430 3296 485 3374 tpo
504 3296 535 3351 et
557 3283 726 3370 diligentia.
752 3279 954 3379 (coniunctio
976 3293 1117 3349 tuocum
1137 3283 1257 3369 collega
1280 3284 1511 3370 concordiaque
1597 3301 1615 3372 j

184 3365 311 3467 vestra)
340 3401 422 3467 quae
450 3380 562 3445 litteris
592 3377 810 3444 communibus
832 3377 987 3442 declarata
1010 3386 1070 3453 est,
1086 3363 1138 3464 (S.
1159 3382 1192 3443 P.
1216 3379 1255 3456 Q.
1276 3383 1312 3443 a.
1335 3379 1511 3464 gratissima

182 3475 322 3583 accidit.)
347 3479 378 3540 2.
400 3473 495 3553 Quod
516 3481 677 3560 superest,
709 3493 827 3559 perge,
849 3471 893 3536 mi
914 3477 1027 3545 Brute,
1050 3483 1082 3536 et
1102 3471 1164 3537 iam
1186 3493 1249 3536 non
1272 3493 1343 3538 eum
1365 3473 1433 3539 aliis
1455 3471 1550 3542 sedan
1580 3448 1664 3532 sta

183 3579 288 3635 tecum
304 3589 372 3656 rpse
391 3576 487 3634 certa.
529 3568 622 3634 Plura
641 3564 780 3632 scribere
802 3587 865 3631 non
884 3563 1002 3642 debeo,
1024 3565 1211 3651 praesertim
1230 3565 1271 3630 ad
1293 3576 1340 3643 te,
1363 3588 1427 3654 quo
1446 3589 1510 3632 ma·

182 3665 282 3750 gistro
303 3662 466 3728 brevitatis
492 3666 538 3726 uti
568 3660 684 3744 cogito.
737 3661 870 3726 Litteras
898 3669 967 3726 tuas
996 3659 1199 3726 vehementer
1222 3667 1371 3746 exspecto
1391 3668 1422 3725 et
1442 3659 1512 3746 qui·

182 3758 255 3824 dem
277 3757 368 3830 tales,
391 3756 499 3844 quates
521 3754 657 3820 maxime
679 3766 765 3840 opto.

649 3907 729 3970 XVI.
773 3903 822 3986 (A.
848 3907 881 3970 U.
903 3907 936 3970 C.
957 3905 1043 3992 71⁰.)

479 4031 520 4094 Μ.
543 4028 686 4094 ClCERO
707 4030 745 4090 D.
767 4028 898 4091 BRUTO
921 4029 1007 4094 COS.
1027 4030 1114 4092 DES.
1137 4029 1168 4094 S.
1190 4031 1228 4092 D.
1521 4049 1549 4092 aa

271 4155 299 4218 1.
331 4149 497 4236 Permagni
528 4149 675 4221 interest,
709 4168 772 4234 quo
797 4144 855 4212 tibi
879 4147 957 4212 haec
979 4156 1120 4234 tempore
1144 4147 1274 4234 epistola
1304 4146 1425 4232 reddita
1450 4145 1509 4214 sit:

71 4231 103 4290 ·'
182 4258 289 4314 unum
325 4267 396 4311 cum
429 4241 647 4308 sollicitudinis
674 4240 793 4327 aliquid
824 4240 976 4316 naeres,
1013 4262 1052 4306 an
1084 4262 1154 4306 cum
1187 4240 1226 4306 aa
1258 4241 1344 4307 omn
1369 4241 1511 4307 moresca

182 4362 301 4406 vacuus
323 4360 419 4405 esses.
477 4342 584 4423 ltaque
606 4335 637 4400 ei
657 4335 823 4421 praecepi,
852 4356 947 4421 quem
969 4332 1008 4400 ad
1030 4343 1060 4399 te
1086 4335 1170 4410 misi,
1203 4343 1238 4401 ut
1259 4343 1381 4421 tempus
1403 4333 1512 4400 obser-

183 4444 273 4499 varet
294 4433 444 4521 epistolae
467 4430 523 4496 tihi
545 4427 732 4495 reddendae.
776 4433 869 4502 Nam,
895 4425 1159 4514 quemadmodum
1184 4449 1290 4494 coram
1317 4427 1371 4516 qui
1391 4426 1431 4491 ad
1453 4447 1511 4493 nos

251 4657 279 4706 a.
307 4657 362 4706 iem
388 4661 425 4705 ert
450 4654 495 4704 hl:
525 4660 564 4703 ert
587 4652 643 4700 iam
668 4649 701 4701 ll.
731 4673 761 4685 -
797 4648 824 4698 8.
844 4649 921 4698 «Aut
938 4655 1020 4698 errent
1038 4647 1211 4697 scribendum
1236 4653 1262 4696 et
1279 4647 1445 4706 uiderentur,
1465 4651 1511 4696 aut

182 4733 245 4778 ante
264 4725 439 4776 attulerunt.”
458 4723 527 4774 tlara.
565 4720 728 4772 Eretderunt
746 4719 834 4783 potius
855 4717 987 4768 nonnulla
1006 4723 1066 4782 poet
1089 4731 1114 4768 r.
1134 4719 1249 4768 ermom
1269 4717 1296 4766 in
1316 4717 1385 4765 hane
1403 4723 1511 4768 senten·

182 4799 268 4848 tiam:
298 4803 439 4860 aquantur
459 4806 531 4844 niano
550 4795 631 4842 timor
650 4791 787 4841 insecutus
805 4792 861 4849 est,
882 4789 934 4839 ut”
953 4793 1005 4838 eet.
1025 4789 1076 4839 On.
1098 4814 1125 4824 -
1167 4787 1210 4838 1³.
1230 4785 1315 4848 ootda]
1334 4788 1402 4836 unde
1420 4788 1457 4838 11.
1477 4813 1510 4822 -

183 4868 362 4918 111111-
397 4867 441 4918 15.
461 4867 527 4914 istoc
545 4863 589 4913 bl:
609 4863 667 4911 tatto
686 4861 716 4910 Ε.
750 4883 784 4896 -·
818 4859 863 4909 17.
891 4858 1144 4908 thooietlodd.
1165 4856 1378 4908 ballemandius.
1415 4858 1509 4908 Mallrn

183 4939 249 4988 lloot
272 4937 299 4986 11
327 4936 368 4988 rel
393 4935 555 4986 Nuocnoor'.
575 4933 625 4984 Oa·
645 4953 674 4968 -
711 4930 754 4981 to.
775 4931 857 4992 recept
875 4929 911 4978 11.
934 4951 964 4966 -
1000 4929 1143 4980 Antonium
1160 4943 1178 4978 a
1196 4927 1294 4989 Lepido
1312 4927 1356 4978 bl:
1376 4941 1394 4977 a
1414 4929 1510 4992 tepido

183 5009 325 5058 dolentum
343 5006 374 5060 E.
408 5030 437 5042 -
474 5005 518 5056 20.
548 5016 581 5053 ne
603 5003 799 5053 extimescam
825 4999 861 5059 tt,
892 5013 925 5050 ne
947 5000 1113 5050 ratimarum
1131 4997 1291 5049 tlratander.
1319 5021 1350 5033 -
1388 4999 1431 5048 11.
1452 5001 1510 5062 ipre

184 5079 334 5130 Sebtttrioa.
