3666 5874
671 417 745 482 LlB.
766 419 805 482 11.
848 419 908 482 ΕΡ.
929 419 961 482 7.
982 419 1013 484 8.
1462 423 1503 486 25

175 597 270 667 mam
290 577 416 656 labaro,
438 577 513 643 site
534 575 653 642 audies.
696 581 764 646 Nou
788 573 893 643 scribo
914 576 975 643 hoc
988 581 1129 656 temere;
1151 579 1202 645 cui
1220 577 1365 656 scribam,
1388 579 1501 660 vidao;

175 678 252 744 novi
274 676 430 750 animum,
460 673 534 740 novi
560 673 726 740 consilium
757 681 861 752 tuum;
897 693 961 738 non
980 692 1115 746 vereor,
1147 673 1284 762 nequid
1308 675 1433 753 timide,
1463 697 1503 741 na

176 771 253 860 quid
278 771 371 836 stulte
391 768 501 844 iacias,
524 770 550 836 si
569 789 606 834 ea
629 767 793 843 defendes,
817 788 897 855 quaa
915 769 983 856 ipse
1004 777 1089 834 recta
1112 789 1182 834 esse
1197 771 1323 836 senties.
1355 776 1386 836 2.
1409 769 1503 848 Quod

176 864 264 933 inid
292 865 340 930 rei
369 863 513 952 publicae
545 872 667 950 tempus
695 885 758 928 non
788 860 951 937 incideris,
983 862 1040 928 sed
1064 863 1252 929 veneris-
1279 865 1397 930 iudicio
1420 865 1504 930 enim

177 971 251 1034 tuo,
274 979 338 1024 uon
353 978 427 1022 casu
449 957 481 1022 in
502 957 605 1042 ipsum
626 957 793 1022 discrimen
814 976 923 1020 rerum
948 956 1106 1022 contulisti
1127 955 1319 1024 tribunatum
1342 967 1429 1024 tuum
1452 976 1527 1034 ·-,⁵

176 1052 321 1142 proiecto
343 1050 449 1125 vides,
483 1039 596 1138 quanta
618 1051 665 1115 vis
690 1050 723 1116 in
750 1071 787 1114 ra
806 1048 930 1136 publica
951 1059 1128 1137 temporum
1146 1051 1199 1125 sit,
1232 1061 1346 1140 quanta
1370 1053 1505 1118 varietas

176 1169 302 1221 rarum,
334 1166 429 1233 mam
447 1145 557 1211 incerti
579 1145 699 1219 exitus,
728 1164 823 1232 quam
850 1143 1003 1210 flexibiles
1029 1145 1189 1212 hominum
1211 1145 1405 1226 volunlates3
1428 1146 1505 1234 quid

177 1241 380 1314 insidiarum,
404 1239 479 1326 quid
494 1238 637 1304 vanitatis
654 1239 688 1304 in
702 1239 781 1314 vita,
804 1259 868 1304 non
882 1237 993 1304 dubito
1014 1238 1091 1326 quin
1116 1241 1244 1324 cogites.
1288 1241 1365 1317 Sed,
1392 1239 1505 1306 amabo

178 1347 227 1410 te,
265 1355 341 1400 cura
363 1343 394 1398 et
415 1332 517 1419 cogita
540 1365 579 1376 -
602 1332 680 1398 nihil
701 1332 792 1408 novi,
830 1332 886 1398 sed
914 1331 991 1398 illud
1013 1332 1114 1408 idem,
1145 1333 1231 1420 quod
1254 1334 1345 1400 initio
1370 1334 1504 1420 scripsi:

178 1441 282 1496 tecum
304 1427 455 1516 loquere,
488 1435 518 1492 te
541 1424 654 1491 adhibe
671 1425 704 1490 in
724 1426 905 1502 consilium,
928 1436 958 1492 te
983 1426 1072 1502 audi,
1104 1425 1162 1492 tibi
1183 1425 1383 1514 obtempera3
1415 1427 1505 1494 alteri
1516 1439 1543 1480 ¹⁰

178 1525 233 1612 qni
257 1521 370 1588 melius
392 1521 557 1586 sensilium
590 1519 666 1585 dare
693 1519 792 1605 possit
813 1543 906 1608 quarn
928 1529 982 1596 tu,
1019 1543 1083 1587 nou
1105 1521 1195 1588 facile
1217 1521 1353 1588 inveniri
1384 1529 1505 1609 potest;

181 1615 236 1682 tibi
258 1635 338 1680 vero
359 1614 420 1701 ipsi
442 1623 527 1678 carte
558 1634 653 1678 nemo
681 1613 793 1680 melius
825 1612 920 1680 dabit.
977 1615 1028 1680 Dii
1051 1615 1257 1682 immortales!
1280 1636 1340 1682 cur
1359 1636 1419 1700 ago
1442 1635 1505 1680 non

178 1709 289 1775 adsum
312 1709 361 1774 vel
383 1717 540 1795 spectator
560 1705 687 1774 laudum
710 1716 834 1774 tuarum
855 1709 906 1774 vel
926 1709 1083 1796 particeps
1104 1709 1155 1774 vel
1177 1709 1281 1774 socius
1297 1706 1346 1774 vel
1363 1707 1506 1774 minister

179 1802 406 1870 consiliorum?
449 1801 583 1868 Tametsi
605 1801 666 1868 boc
693 1801 822 1868 minime
851 1801 909 1867 tibi
931 1801 1041 1876 deest,
1079 1797 1259 1882 sedt'taman
1282 1801 1420 1891 effissfflbl
1440 1823 1504 1867 ma·
1595 1816 1691 1902 ,ῥα

181 1896 314 1984 gnitudo
336 1905 367 1961 et
388 1896 436 1961 vis
457 1895 575 1962 amoris
596 1887 681 2002 mei)
697 1896 829 1961 consilio
851 1905 882 1961 te
903 1904 938 1960 ut
952 1916 1078 1981 possem
1092 1895 1212 1961 iuvare.
1256 1899 1286 1960 3.
1310 1895 1450 1960 Scribam
1466 1894 1505 1960 ad
1517 1908 1544 1948 ¹⁵

180 2001 210 2056 te
237 1991 330 2077 plura
355 1989 453 2054 alias:
487 1987 593 2075 paucis
622 2009 705 2052 enum
735 1987 845 2054 diebus
874 2010 960 2054 eram
992 1989 1146 2054 missurus
1168 1988 1356 2055 domesticos
1379 1987 1505 2054 tabella·

178 2085 261 2150 rios:
284 2093 335 2157 ut,
358 2082 508 2169 qnoniam
529 2103 603 2148 sane
624 2081 758 2147 feliciter
779 2091 810 2147 et
831 2101 872 2147 ex
891 2103 962 2148 mea
987 2085 1138 2149 sententia
1161 2105 1230 2149 rem
1251 2082 1409 2170 publicam
1431 2103 1500 2168 ges·

180 2178 293 2251 simus,
326 2175 398 2242 unis
427 2175 537 2242 litteris
566 2176 662 2242 totius
689 2176 816 2242 aestatis
837 2197 889 2242 res
910 2185 1013 2261 gestas
1036 2176 1077 2243 ad
1099 2188 1241 2242 senatum
1262 2175 1505 2263 perscriberem.

180 2277 225 2338 De
247 2270 426 2337 sacerdotio
448 2280 503 2335 tuo
525 2279 672 2356 quanmm
695 2290 802 2336 curam
825 2270 1039 2344 adhibuerim,
1063 2292 1253 2358 quamquam
1275 2269 1393 2336 difficili
1413 2270 1447 2336 in
1469 2289 1506 2333 ro

180 2375 274 2452 atque
296 2385 407 2438 causa,
430 2383 600 2448 cognosces
622 2383 663 2428 ex
685 2363 723 2428 iis
745 2363 873 2438 litteris,
897 2385 975 2451 quas
997 2363 1167 2438 Thrasoni,
1190 2363 1306 2457 liberto
1328 2374 1398 2436 tuo,
1422 2361 1545 2428 dodi.¹⁰
1612 2325 1642 2417 Ᾰ

180 2467 210 2528 l.
232 2467 297 2536 Ta,
334 2458 378 2524 mi
401 2458 518 2533 Curio,
555 2478 613 2544 pro
635 2467 688 2523 tua
709 2457 885 2524 incredibili
907 2458 940 2524 in
961 2480 1011 2523 mc
1033 2456 1251 2524 benevolentia
1274 2478 1408 2544 meaque
1429 2456 1505 2521 item

181 2554 264 2620 inte
287 2551 440 2638 singulari
461 2571 541 2636 rogo
563 2559 657 2637 atque
679 2571 756 2625 oro,
778 2572 818 2616 ue
838 2552 960 2638 patiare
982 2551 1154 2639 quidquam
1176 2550 1254 2617 mihi
1275 2550 1316 2616 ad
1337 2549 1417 2616 hanc
1432 2571 1505 2637 pro

182 2647 346 2714 vincialem
369 2645 545 2711 molestiam
568 2645 719 2731 temporis
739 2646 919 2732 prorogari.
961 2651 1112 2712 Praesens
1145 2655 1248 2711 tecum
1277 2645 1347 2729 egi,
1383 2665 1454 2710 cum
1476 2652 1507 2710 te

181 2739 343 2808 ubunum
364 2739 406 2826 pl.
427 2739 488 2804 isto
510 2760 593 2804 anuo
614 2738 685 2804 lore
707 2759 769 2803 non
789 2750 952 2826 putarem,
983 2741 1122 2826 itemque
1144 2739 1241 2826 petivi
1263 2759 1358 2825 saepe
1379 2759 1438 2825 per
1457 2737 1506 2802 lit·

180 2845 281 2911 teras3
314 2831 371 2898 sed
402 2842 469 2898 tum
501 2833 632 2918 quasia
658 2841 804 2899 senatore
826 2832 1046 2909 nobilissim0,
1080 2832 1169 2918 [tum]
1192 2831 1389 2899 adolescente
1412 2831 1546 2896 ctiam¹⁸

181 2928 428 3016 gratiosissim0,
464 2949 546 2994 nunc
567 2949 586 2992 a
608 2925 735 2993 tribuno
756 2927 798 3014 pl.
821 2938 852 2994 ct
873 2949 891 2994 a
914 2929 1050 2994 Curione
1079 2926 1227 2994 tribuno:
1256 2947 1320 2991 non
1341 2934 1376 2990 ut
1397 2922 1506 2988 decer·
1585 2895 1617 3002 l

182 3033 275 3088 natur
296 3019 415 3108 aliquid
433 3019 508 3087 novi
530 3057 568 3068 -
591 3019 677 3107 quod
698 3019 779 3086 solet
800 3041 869 3086 esse
891 3020 1046 3088 difficilius
1069 3019 1203 3094 -,'scd
1225 3027 1259 3084 ut
1281 3015 1412 3104 nequid
1430 3015 1507 3082 novi

183 3115 390 3192 decernatur;
429 3125 465 3180 at
492 3125 523 3181 et
544 3113 644 3180 senati
666 3113 843 3180 consultum
864 3123 896 3180 et
926 3114 1013 3199 leges
1040 3113 1187 3180 delendas
1212 3131 1313 3199 eaque
1334 3111 1411 3176 mihi
1433 3131 1506 3178 con·

183 3209 265 3276 dicio
286 3216 435 3281 maneat,
472 3229 534 3296 qua
566 3205 727 3295 proiectus
763 3229 843 3273 sum.
893 3211 962 3274 lloc
996 3217 1027 3273 ta
1057 3207 1261 3272 vehementer
1288 3205 1382 3271 etiam
1413 3213 1507 3291 atqua

183 3302 277 3368 etiam
298 3321 389 3386 rogo.
1519 3307 1548 3350 ⁸⁰

646 3446 726 3508 vur.
770 3442 820 3527 (s.
846 3446 878 3510 n.
901 3445 933 3510 c.
956 3441 1042 3527 roa.)

469 3567 510 3632 u.
533 3567 677 3632 cranao
699 3567 864 3632 rnocos.
887 3569 918 3630 s
941 3569 979 3632 n.
1001 3569 1042 3634 u.
1065 3567 1218 3634 cancro.

269 3704 299 3766 t.
322 3697 426 3778 Quid?
460 3708 495 3764 tu
516 3719 567 3762 me
586 3695 647 3762 hoc
664 3695 722 3761 tibi
743 3697 909 3763 mandasse
930 3697 1111 3770 existimas,
1144 3705 1181 3763 ut
1201 3693 1278 3762 mibi
1300 3695 1508 3782 gladiatorum

183 3792 447 3881 compositiones,
469 3802 504 3858 ut
526 3789 704 3857 vadimonia
725 3789 819 3856 dilata
840 3800 872 3857 et
893 3790 1014 3858 Chresti
1039 3790 1292 3877 compilationem
1314 3792 1456 3859 mitteres
1478 3802 1510 3858 et

184 3911 235 3964 aa,
259 3909 341 3976 quae
363 3886 464 3960 nobis,
486 3907 558 3952 cum
579 3890 698 3951 Romae
720 3907 843 3958 sumus.
866 3907 998 3952 narrare
1020 3906 1113 3950 nemo
1131 3883 1267 3950 audeat?
1301 3884 1394 3958 Vide,
1411 3907 1550 3972 quan-sa

185 3995 250 4052 tum
280 3981 338 4048 tibi
369 4001 441 4047 meo
471 3979 588 4046 iudicio
615 3978 767 4045 tribuaml
800 3999 859 4044 nec
880 3979 1058 4045 mehercule
1085 3978 1221 4044 imuria:
1260 3979 1525 4062 πολιτικώτερονΙ

185 4077 269 4144 euim
300 4086 332 4143 te
360 4074 463 4141 adhuc
491 4074 649 4140 nemiuem
676 4074 821 4157 cognovi.
876 4079 920 4138 Nc
942 4073 995 4139 illa
1017 4072 1144 4160 quidem
1167 4093 1245 4138 curo
1267 4071 1344 4136 mihi
1366 4071 1508 4144 scribas,

185 4193 266 4260 quae
288 4169 434 4236 maximis
456 4169 488 4235 in
506 4166 602 4233 rebus
622 4167 671 4233 rei
691 4165 836 4254 publicae
856 4177 1009 4252 geruntur
1033 4165 1188 4252 quotidie,
1211 4165 1272 4230 nisi
1297 4164 1373 4252 quid
1398 4164 1509 4230 adme

186 4265 287 4352 ipsum
306 4261 485 4351 pertinebit.
543 4260 686 4327 Scribant
710 4261 780 4337 alii;
802 4261 891 4328 multi
914 4259 1115 4338 nuntiabant;
1138 4259 1276 4347 perierat
1297 4259 1394 4324 multa
1415 4259 1508 4324 etiarn

186 4359 252 4446 ipse
278 4378 398 4422 rumor.
457 4360 563 4435 Quare
599 4377 659 4442 ego
681 4377 740 4420 nec
761 4356 930 4442 praeterita
956 4353 1213 4440 neupraesentia
1238 4352 1365 4425 abste,
1399 4351 1454 4418 sed
1475 4361 1547 4418 utra

186 4451 225 4518 ab
246 4451 375 4517 bomine
396 4450 490 4536 longe
511 4449 725 4537 inposterum
749 4449 960 4536 prospiciente
977 4447 1083 4514 lutura
1105 4456 1273 4532 exspecto,
1296 4455 1349 4518 ut,
1384 4465 1423 4510 ex
1446 4443 1509 4511 tuis

252 4671 280 4724 d.
299 4675 328 4736 in
350 4671 379 4722 id
407 4685 463 4721 orn.
492 4685 532 4734 pr.
560 4671 598 4722 M.
627 4697 654 4708 -
693 4673 720 4724 9.
747 4666 844 4735 capita]
869 4669 1025 4732 aspirationi
1052 4681 1092 4730 pa.
1113 4665 1161 4725 M,
1182 4667 1307 4729 capitatio
1326 4678 1397 4714 coar.
1419 4665 1456 4716 M.
1478 4687 1509 4701 -

187 4743 228 4792 to.
249 4744 351 4808 loquare
370 4748 394 4792 et
413 4747 437 4791 ta
456 4741 493 4792 M.
515 4765 545 4777 -
565 4741 632 4792 altar
658 4741 695 4792 M.
729 4766 759 4778 -
797 4743 841 4790 ti.
868 4739 1002 4788 consilium
1027 4738 1091 4786 dare
1113 4735 1156 4786 M:
1185 4737 1250 4785 dara
1272 4737 1407 4785 consilium
1426 4735 1456 4786 E.
1478 4759 1508 4771 -

187 4813 229 4861 ts.
252 4827 299 4878 eqo
324 4825 418 4874 aprum
443 4811 481 4862 M.
512 4835 542 4847 -
580 4811 622 4862 te.
645 4811 757 4862 Tametsi
776 4810 819 4860 h:
863 4809 917 4858 iam
934 4809 982 4857 atsi
1000 4807 1059 4857 ME.
1080 4808 1153 4856 Fort.
1175 4807 1279 4856 tametsi
1297 4806 1326 4854 in
1343 4807 1389 4855 hoa
1406 4808 1511 4856 minima

187 4883 317 4932 tihideaa.
337 4881 389 4932 Oa.
424 4905 453 4916 -·
492 4881 535 4932 15.
555 4888 652 4932 stom.
674 4897 713 4944 pr.
735 4883 772 4933 M.
795 4904 823 4915 -
862 4879 904 4927 t'i.
925 4891 978 4926 rem
995 4877 1126 4940 patticam
1143 4875 1190 4926 M:
1210 4889 1264 4926 ram
1284 4875 1313 4926 li.
1335 4899 1365 4910 -
1402 4877 1446 4926 20.
1466 4871 1509 4938 iia]

187 4953 224 5000 his
252 4953 288 5003 M.
318 4975 348 4986 ···
382 4952 510 5002 Thrasoni
533 4951 576 5003 M:
607 4951 754 5001 Thorasnni
773 4951 802 5000 Ε.
824 4973 845 4984 -
880 4949 924 4999 dl.
944 4961 1020 5010 sarpa
1041 4947 1087 4998 M:
1117 4948 1220 5008 caepim
1250 4943 1280 4995 ii.
1313 4969 1340 4980 -
1378 4947 1423 4997 25.
1455 4954 1509 4996 tam
1535 4941 1541 4952 '

167 5023 344 5088 ¹adolescente
366 5022 445 5071 ctiam
470 5023 515 5074 M:
549 5029 602 5071 turn
621 5023 779 5078 adolescents
798 5021 828 5070 ll.
861 5041 889 5056 -
928 5015 1267 5069 annumerasti.
1298 5041 1325 5052 -
1364 5019 1449 5067 nauti
1467 5029 1507 5080 pr.

189 5092 229 5143 M:
249 5101 355 5144 senatus
374 5091 394 5142 ts
414 5105 474 5142 cum
494 5107 564 5143 coar.
586 5093 623 5143 M.
