<?xml version="1.0" encoding="UTF-8"?>
<!DOCTYPE html PUBLIC "-//W3C//DTD XHTML 1.0 Transitional//EN"
    "http://www.w3.org/TR/xhtml1/DTD/xhtml1-transitional.dtd">
<html xmlns="http://www.w3.org/1999/xhtml" xml:lang="en" lang="en">
 <head>
  <title>
</title>
<meta http-equiv="Content-Type" content="text/html;charset=utf-8" />
  <meta name='ocr-system' content='tesseract 3.04.00' />
  <meta name='ocr-capabilities' content='ocr_page ocr_carea ocr_par ocr_line ocrx_word'/>
</head>
<body>
  <div class='ocr_page' id='page_1' title='image "./mtulliiciceroni06baitgoog_0396.png"; bbox 0 0 3668 5924; ppageno 0'>
   <div class='ocr_carea' id='block_1_1' title="bbox 638 433 1507 500">
    <p class='ocr_par' dir='ltr' id='par_1_1' title="bbox 638 433 1507 500">
     <span class='ocr_line' id='line_1_1' title="bbox 638 433 1507 500; baseline 0.001 -3"><span class='ocrx_word' id='word_1_1' title='bbox 638 434 711 498; x_wconf 87' lang='lat' dir='ltr'><strong>LlB.</strong></span> <span class='ocrx_word' id='word_1_2' title='bbox 733 433 771 497; x_wconf 91' lang='lat'><strong>11.</strong></span> <span class='ocrx_word' id='word_1_3' title='bbox 814 435 872 498; x_wconf 81' lang='grc' dir='ltr'><strong>ΕΡ.</strong></span> <span class='ocrx_word' id='word_1_4' title='bbox 895 435 925 498; x_wconf 89' lang='grc'><strong>8.</strong></span> <span class='ocrx_word' id='word_1_5' title='bbox 947 434 977 500; x_wconf 97' lang='grc'><strong>9.</strong></span> <span class='ocrx_word' id='word_1_6' title='bbox 1001 434 1050 498; x_wconf 84' lang='grc'><strong>19.</strong></span> <span class='ocrx_word' id='word_1_7' title='bbox 1445 434 1507 498; x_wconf 79' lang='grc'><strong>335</strong></span> 
     </span>
    </p>
   </div>
   <div class='ocr_carea' id='block_1_2' title="bbox 188 581 1617 678">
    <p class='ocr_par' dir='ltr' id='par_1_2' title="bbox 188 581 1617 678">
     <span class='ocr_line' id='line_1_2' title="bbox 188 581 1617 678; baseline -0.001 -20"><span class='ocrx_word' id='word_1_8' title='bbox 188 593 287 658; x_wconf 90' lang='lat' dir='ltr'><strong>mium</strong></span> <span class='ocrx_word' id='word_1_9' title='bbox 315 589 446 666; x_wconf 89' lang='lat' dir='ltr'><strong>laboro,</strong></span> <span class='ocrx_word' id='word_1_10' title='bbox 479 590 600 656; x_wconf 88' lang='lat' dir='ltr'><strong>etiamsi</strong></span> <span class='ocrx_word' id='word_1_11' title='bbox 627 590 730 672; x_wconf 88' lang='lat' dir='ltr'><strong>minus</strong></span> <span class='ocrx_word' id='word_1_12' title='bbox 758 610 928 678; x_wconf 89' lang='lat' dir='ltr'><strong>assequor,</strong></span> <span class='ocrx_word' id='word_1_13' title='bbox 961 589 1046 678; x_wconf 88' lang='lat' dir='ltr'><strong>quod</strong></span> <span class='ocrx_word' id='word_1_14' title='bbox 1072 591 1155 656; x_wconf 84' lang='lat' dir='ltr'><strong>volo.</strong></span> <span class='ocrx_word' id='word_1_15' title='bbox 1210 591 1378 677; x_wconf 88' lang='lat' dir='ltr'><strong>Pompeius</strong></span> <span class='ocrx_word' id='word_1_16' title='bbox 1404 599 1508 656; x_wconf 74' lang='lat' dir='ltr'><strong>umen</strong></span> <span class='ocrx_word' id='word_1_17' title='bbox 1606 581 1617 604; x_wconf 79' lang='lat'>⁸</span> 
     </span>
    </p>
   </div>
   <div class='ocr_carea' id='block_1_3' title="bbox 188 683 1528 1426">
    <p class='ocr_par' dir='ltr' id='par_1_3' title="bbox 188 683 1528 1426">
     <span class='ocr_line' id='line_1_3' title="bbox 189 683 1507 774; baseline 0.005 -26"><span class='ocrx_word' id='word_1_18' title='bbox 189 706 260 752; x_wconf 89' lang='lat' dir='ltr'><strong>eum</strong></span> <span class='ocrx_word' id='word_1_19' title='bbox 283 689 395 752; x_wconf 82' lang='lat' dir='ltr'>Crasso</span> <span class='ocrx_word' id='word_1_20' title='bbox 423 685 545 750; x_wconf 91' lang='lat' dir='ltr'><strong>locutus</strong></span> <span class='ocrx_word' id='word_1_21' title='bbox 572 693 628 750; x_wconf 84' lang='lat' dir='ltr'><strong>est</strong></span> <span class='ocrx_word' id='word_1_22' title='bbox 673 683 826 750; x_wconf 80' lang='lat' dir='ltr'>Videntur</span> <span class='ocrx_word' id='word_1_23' title='bbox 853 685 1011 770; x_wconf 91' lang='lat' dir='ltr'><strong>negotium</strong></span> <span class='ocrx_word' id='word_1_24' title='bbox 1034 685 1216 771; x_wconf 73' lang='lat' dir='ltr'><strong>suscepisse.</strong></span> <span class='ocrx_word' id='word_1_25' title='bbox 1270 685 1303 750; x_wconf 88' lang='lat' dir='ltr'><strong>Si</strong></span> <span class='ocrx_word' id='word_1_26' title='bbox 1327 685 1507 774; x_wconf 75' lang='lat' dir='ltr'><strong>perficiunt.</strong></span> 
     </span>
     <span class='ocr_line' id='line_1_4' title="bbox 188 776 1507 865; baseline -0.002 -21"><span class='ocrx_word' id='word_1_27' title='bbox 188 779 324 865; x_wconf 89' lang='lat' dir='ltr'><strong>optime;</strong></span> <span class='ocrx_word' id='word_1_28' title='bbox 357 779 405 842; x_wconf 92' lang='lat' dir='ltr'><strong>sin</strong></span> <span class='ocrx_word' id='word_1_29' title='bbox 427 779 545 851; x_wconf 88' lang='lat' dir='ltr'><strong>minus,</strong></span> <span class='ocrx_word' id='word_1_30' title='bbox 579 776 617 842; x_wconf 89' lang='lat' dir='ltr'><strong>ad</strong></span> <span class='ocrx_word' id='word_1_31' title='bbox 645 787 786 843; x_wconf 91' lang='lat' dir='ltr'><strong>nostrum</strong></span> <span class='ocrx_word' id='word_1_32' title='bbox 815 781 921 844; x_wconf 85' lang='lat' dir='ltr'><strong>lovem</strong></span> <span class='ocrx_word' id='word_1_33' title='bbox 951 789 1155 844; x_wconf 85' lang='lat' dir='ltr'><strong>revertamur.</strong></span> <span class='ocrx_word' id='word_1_34' title='bbox 1204 779 1234 842; x_wconf 83' lang='lat'><strong>3.</strong></span> <span class='ocrx_word' id='word_1_35' title='bbox 1263 784 1299 843; x_wconf 84' lang='lat' dir='ltr'><strong>h.</strong></span> <span class='ocrx_word' id='word_1_36' title='bbox 1326 779 1357 846; x_wconf 90' lang='lat' dir='ltr'><strong>d.</strong></span> <span class='ocrx_word' id='word_1_37' title='bbox 1380 799 1431 846; x_wconf 85' lang='lat'><strong>111.</strong></span> <span class='ocrx_word' id='word_1_38' title='bbox 1461 777 1507 843; x_wconf 92' lang='lat' dir='ltr'><strong>ld.</strong></span> 
     </span>
     <span class='ocr_line' id='line_1_5' title="bbox 189 869 1506 945; baseline 0 -9"><span class='ocrx_word' id='word_1_39' title='bbox 189 873 285 937; x_wconf 82' lang='lat' dir='ltr'><strong>Maias</strong></span> <span class='ocrx_word' id='word_1_40' title='bbox 317 884 441 940; x_wconf 87' lang='lat' dir='ltr'><strong>senatus</strong></span> <span class='ocrx_word' id='word_1_41' title='bbox 471 871 644 936; x_wconf 90' lang='lat' dir='ltr'><strong>consultum</strong></span> <span class='ocrx_word' id='word_1_42' title='bbox 675 869 861 936; x_wconf 82' lang='lat' dir='ltr'><strong>estfactum</strong></span> <span class='ocrx_word' id='word_1_43' title='bbox 890 870 929 937; x_wconf 89' lang='lat' dir='ltr'><strong>de</strong></span> <span class='ocrx_word' id='word_1_44' title='bbox 955 870 1073 937; x_wconf 91' lang='lat' dir='ltr'><strong>ambitu</strong></span> <span class='ocrx_word' id='word_1_45' title='bbox 1101 873 1134 938; x_wconf 93' lang='lat' dir='ltr'><strong>in</strong></span> <span class='ocrx_word' id='word_1_46' title='bbox 1162 871 1279 938; x_wconf 77' lang='lat' dir='ltr'><strong>Abanii</strong></span> <span class='ocrx_word' id='word_1_47' title='bbox 1308 872 1506 945; x_wconf 90' lang='lat' dir='ltr'><strong>sententiam,</strong></span> 
     </span>
     <span class='ocr_line' id='line_1_6' title="bbox 189 963 1528 1051; baseline 0 -21"><span class='ocrx_word' id='word_1_48' title='bbox 189 987 282 1051; x_wconf 89' lang='lat' dir='ltr'><strong>quam</strong></span> <span class='ocrx_word' id='word_1_49' title='bbox 311 985 371 1050; x_wconf 91' lang='lat' dir='ltr'><strong>ego</strong></span> <span class='ocrx_word' id='word_1_50' title='bbox 401 965 559 1038; x_wconf 81' lang='lat' dir='ltr'><strong>dixeram,</strong></span> <span class='ocrx_word' id='word_1_51' title='bbox 588 985 659 1030; x_wconf 91' lang='lat' dir='ltr'><strong>cum</strong></span> <span class='ocrx_word' id='word_1_52' title='bbox 685 975 719 1032; x_wconf 95' lang='lat' dir='ltr'><strong>tu</strong></span> <span class='ocrx_word' id='word_1_53' title='bbox 742 964 878 1030; x_wconf 82' lang='lat' dir='ltr'><strong>adesses.</strong></span> <span class='ocrx_word' id='word_1_54' title='bbox 929 965 991 1031; x_wconf 87' lang='lat' dir='ltr'><strong>Sed</strong></span> <span class='ocrx_word' id='word_1_55' title='bbox 1018 986 1222 1051; x_wconf 82' lang='lat' dir='ltr'><strong>magnacum</strong></span> <span class='ocrx_word' id='word_1_56' title='bbox 1245 963 1528 1050; x_wconf 77' lang='lat' dir='ltr'><strong>gemiau&#39;senatus·</strong></span> 
     </span>
     <span class='ocr_line' id='line_1_7' title="bbox 189 1058 1508 1146; baseline -0.002 -23"><span class='ocrx_word' id='word_1_57' title='bbox 189 1061 333 1125; x_wconf 89' lang='lat' dir='ltr'><strong>consules</strong></span> <span class='ocrx_word' id='word_1_58' title='bbox 362 1081 425 1125; x_wconf 92' lang='lat' dir='ltr'><strong>non</strong></span> <span class='ocrx_word' id='word_1_59' title='bbox 452 1068 523 1124; x_wconf 91' lang='lat' dir='ltr'><strong>suut</strong></span> <span class='ocrx_word' id='word_1_60' title='bbox 551 1058 706 1145; x_wconf 83' lang='lat' dir='ltr'><strong>persecuti</strong></span> <span class='ocrx_word' id='word_1_61' title='bbox 733 1079 844 1124; x_wconf 89' lang='lat' dir='ltr'><strong>corum</strong></span> <span class='ocrx_word' id='word_1_62' title='bbox 873 1059 1054 1133; x_wconf 87' lang='lat' dir='ltr'><strong>sententias,</strong></span> <span class='ocrx_word' id='word_1_63' title='bbox 1083 1058 1138 1146; x_wconf 89' lang='lat' dir='ltr'><strong>qui</strong></span> <span class='ocrx_word' id='word_1_64' title='bbox 1158 1059 1286 1125; x_wconf 80' lang='lat' dir='ltr'><strong>Afranio</strong></span> <span class='ocrx_word' id='word_1_65' title='bbox 1313 1080 1383 1124; x_wconf 91' lang='lat' dir='ltr'><strong>cum</strong></span> <span class='ocrx_word' id='word_1_66' title='bbox 1405 1069 1508 1125; x_wconf 89' lang='lat' dir='ltr'><strong>essent</strong></span> 
     </span>
     <span class='ocr_line' id='line_1_8' title="bbox 188 1151 1507 1240; baseline 0.001 -22"><span class='ocrx_word' id='word_1_67' title='bbox 188 1154 325 1228; x_wconf 80' lang='lat' dir='ltr'><strong>assensi,</strong></span> <span class='ocrx_word' id='word_1_68' title='bbox 361 1151 562 1226; x_wconf 89' lang='lat' dir='ltr'><strong>addiderunt,</strong></span> <span class='ocrx_word' id='word_1_69' title='bbox 597 1163 632 1218; x_wconf 91' lang='lat' dir='ltr'><strong>ut</strong></span> <span class='ocrx_word' id='word_1_70' title='bbox 659 1162 820 1238; x_wconf 89' lang='lat' dir='ltr'><strong>praetores</strong></span> <span class='ocrx_word' id='word_1_71' title='bbox 846 1153 889 1218; x_wconf 90' lang='lat' dir='ltr'><strong>ita</strong></span> <span class='ocrx_word' id='word_1_72' title='bbox 916 1162 1120 1227; x_wconf 89' lang='lat' dir='ltr'><strong>crearentur,</strong></span> <span class='ocrx_word' id='word_1_73' title='bbox 1156 1159 1191 1218; x_wconf 92' lang='lat' dir='ltr'><strong>ut</strong></span> <span class='ocrx_word' id='word_1_74' title='bbox 1217 1152 1283 1218; x_wconf 91' lang='lat' dir='ltr'><strong>dies</strong></span> <span class='ocrx_word' id='word_1_75' title='bbox 1311 1171 1366 1218; x_wconf 84' lang='lat' dir='ltr'><strong>ux.</strong></span> <span class='ocrx_word' id='word_1_76' title='bbox 1395 1153 1507 1240; x_wconf 82' lang='lat' dir='ltr'><strong>privati</strong></span> 
     </span>
     <span class='ocr_line' id='line_1_9' title="bbox 189 1245 1506 1331; baseline 0.002 -21"><span class='ocrx_word' id='word_1_77' title='bbox 189 1256 302 1310; x_wconf 86' lang='lat' dir='ltr'><strong>essent.</strong></span> <span class='ocrx_word' id='word_1_78' title='bbox 345 1251 392 1312; x_wconf 88' lang='lat' dir='ltr'><strong>Eo</strong></span> <span class='ocrx_word' id='word_1_79' title='bbox 413 1247 463 1312; x_wconf 91' lang='lat' dir='ltr'><strong>die</strong></span> <span class='ocrx_word' id='word_1_80' title='bbox 487 1250 633 1312; x_wconf 86' lang='lat' dir='ltr'><strong>Catonem</strong></span> <span class='ocrx_word' id='word_1_81' title='bbox 654 1246 745 1331; x_wconf 91' lang='lat' dir='ltr'><strong>plane</strong></span> <span class='ocrx_word' id='word_1_82' title='bbox 766 1245 980 1331; x_wconf 80' lang='lat' dir='ltr'><strong>repudiarunt.</strong></span> <span class='ocrx_word' id='word_1_83' title='bbox 1024 1245 1107 1324; x_wconf 87' lang='lat' dir='ltr'><strong>Quid</strong></span> <span class='ocrx_word' id='word_1_84' title='bbox 1128 1245 1244 1312; x_wconf 84' lang='lat' dir='ltr'><strong>multat</strong></span> <span class='ocrx_word' id='word_1_85' title='bbox 1266 1255 1372 1311; x_wconf 91' lang='lat' dir='ltr'><strong>teuent</strong></span> <span class='ocrx_word' id='word_1_86' title='bbox 1386 1246 1506 1326; x_wconf 85' lang='lat' dir='ltr'><strong>omuia;</strong></span> 
     </span>
     <span class='ocr_line' id='line_1_10' title="bbox 189 1338 882 1426; baseline -0.001 -21"><span class='ocrx_word' id='word_1_87' title='bbox 189 1340 285 1426; x_wconf 89' lang='lat' dir='ltr'><strong>idque</strong></span> <span class='ocrx_word' id='word_1_88' title='bbox 306 1341 348 1405; x_wconf 91' lang='lat' dir='ltr'><strong>ita</strong></span> <span class='ocrx_word' id='word_1_89' title='bbox 369 1361 478 1405; x_wconf 92' lang='lat' dir='ltr'><strong>omnes</strong></span> <span class='ocrx_word' id='word_1_90' title='bbox 500 1339 674 1424; x_wconf 87' lang='lat' dir='ltr'><strong>intelligere</strong></span> <span class='ocrx_word' id='word_1_91' title='bbox 695 1338 813 1406; x_wconf 84' lang='lat' dir='ltr'><strong>volunt.</strong></span> <span class='ocrx_word' id='word_1_92' title='bbox 855 1382 882 1396; x_wconf 91' lang='lat'><em>-</em></span> 
     </span>
    </p>
   </div>
   <div class='ocr_carea' id='block_1_4' title="bbox 672 1486 1544 1572">
    <p class='ocr_par' dir='ltr' id='par_1_4' title="bbox 672 1486 1544 1572">
     <span class='ocr_line' id='line_1_11' title="bbox 672 1486 1544 1572; baseline -0.006 -18"><span class='ocrx_word' id='word_1_93' title='bbox 672 1491 710 1554; x_wconf 80' lang='lat' dir='ltr'><strong>X·</strong></span> <span class='ocrx_word' id='word_1_94' title='bbox 753 1486 800 1572; x_wconf 75' lang='grc' dir='ltr'><strong>(Α.</strong></span> <span class='ocrx_word' id='word_1_95' title='bbox 827 1491 859 1554; x_wconf 82' lang='lat' dir='ltr'><strong>U.</strong></span> <span class='ocrx_word' id='word_1_96' title='bbox 882 1491 915 1555; x_wconf 84' lang='lat' dir='ltr'><strong>C.</strong></span> <span class='ocrx_word' id='word_1_97' title='bbox 936 1489 1021 1564; x_wconf 85' lang='grc'><strong>699.)</strong></span> <span class='ocrx_word' id='word_1_98' title='bbox 1519 1511 1544 1550; x_wconf 85' lang='lat' dir='ltr'><strong>ro</strong></span> 
     </span>
    </p>
   </div>
   <div class='ocr_carea' id='block_1_5' title="bbox 622 1622 1077 1699">
    <p class='ocr_par' dir='ltr' id='par_1_5' title="bbox 622 1622 1077 1699">
     <span class='ocr_line' id='line_1_12' title="bbox 622 1622 1077 1699; baseline 0 -13"><span class='ocrx_word' id='word_1_99' title='bbox 622 1623 777 1686; x_wconf 79' lang='lat' dir='ltr'>MARCUS</span> <span class='ocrx_word' id='word_1_100' title='bbox 806 1622 846 1699; x_wconf 87' lang='lat' dir='ltr'><strong>Q.</strong></span> <span class='ocrx_word' id='word_1_101' title='bbox 874 1624 1017 1687; x_wconf 79' lang='lat' dir='ltr'><strong>FRATRI</strong></span> <span class='ocrx_word' id='word_1_102' title='bbox 1045 1623 1077 1686; x_wconf 85' lang='lat' dir='ltr'><strong>S.</strong></span> 
     </span>
    </p>
   </div>
   <div class='ocr_carea' id='block_1_6' title="bbox 189 1741 1546 4717">
    <p class='ocr_par' dir='ltr' id='par_1_6' title="bbox 189 1741 1546 4175">
     <span class='ocr_line' id='line_1_13' title="bbox 275 1741 1506 1828; baseline 0.003 -20"><span class='ocrx_word' id='word_1_103' title='bbox 275 1747 305 1812; x_wconf 91' lang='grc'><strong>1.</strong></span> <span class='ocrx_word' id='word_1_104' title='bbox 327 1747 374 1808; x_wconf 90' lang='lat' dir='ltr'><strong>Tu</strong></span> <span class='ocrx_word' id='word_1_105' title='bbox 395 1741 526 1816; x_wconf 87' lang='lat' dir='ltr'><strong>metuis,</strong></span> <span class='ocrx_word' id='word_1_106' title='bbox 563 1761 602 1806; x_wconf 93' lang='lat' dir='ltr'><strong>ne</strong></span> <span class='ocrx_word' id='word_1_107' title='bbox 623 1762 674 1805; x_wconf 93' lang='lat' dir='ltr'><strong>me</strong></span> <span class='ocrx_word' id='word_1_108' title='bbox 695 1741 899 1828; x_wconf 75' lang='lat' dir='ltr'><strong>interpelles?</strong></span> <span class='ocrx_word' id='word_1_109' title='bbox 935 1742 1091 1817; x_wconf 90' lang='lat' dir='ltr'><strong>Primum,</strong></span> <span class='ocrx_word' id='word_1_110' title='bbox 1124 1742 1150 1808; x_wconf 87' lang='lat' dir='ltr'><strong>si</strong></span> <span class='ocrx_word' id='word_1_111' title='bbox 1177 1741 1210 1807; x_wconf 92' lang='lat' dir='ltr'><strong>in</strong></span> <span class='ocrx_word' id='word_1_112' title='bbox 1237 1742 1297 1810; x_wconf 93' lang='lat' dir='ltr'><strong>isto</strong></span> <span class='ocrx_word' id='word_1_113' title='bbox 1319 1765 1439 1820; x_wconf 87' lang='lat' dir='ltr'><strong>essem,</strong></span> <span class='ocrx_word' id='word_1_114' title='bbox 1471 1756 1506 1813; x_wconf 90' lang='lat' dir='ltr'><strong>tu</strong></span> 
     </span>
     <span class='ocr_line' id='line_1_14' title="bbox 189 1835 1507 1923; baseline 0.004 -21"><span class='ocrx_word' id='word_1_115' title='bbox 189 1837 265 1910; x_wconf 85' lang='lat' dir='ltr'><strong>scis,</strong></span> <span class='ocrx_word' id='word_1_116' title='bbox 289 1836 364 1923; x_wconf 88' lang='lat' dir='ltr'><strong>quid</strong></span> <span class='ocrx_word' id='word_1_117' title='bbox 385 1836 426 1900; x_wconf 93' lang='lat' dir='ltr'><strong>sit</strong></span> <span class='ocrx_word' id='word_1_118' title='bbox 445 1835 654 1921; x_wconf 89' lang='lat' dir='ltr'><strong>interpellare.</strong></span> <span class='ocrx_word' id='word_1_119' title='bbox 697 1839 744 1900; x_wconf 77' lang='lat' dir='ltr'><strong>An</strong></span> <span class='ocrx_word' id='word_1_120' title='bbox 765 1845 795 1900; x_wconf 91' lang='lat' dir='ltr'><strong>te</strong></span> <span class='ocrx_word' id='word_1_121' title='bbox 816 1835 943 1902; x_wconf 75' lang='lat' dir='ltr'><strong>Ateius?</strong></span> <span class='ocrx_word' id='word_1_122' title='bbox 986 1835 1163 1902; x_wconf 84' lang='lat' dir='ltr'><strong>Mehercule</strong></span> <span class='ocrx_word' id='word_1_123' title='bbox 1184 1837 1261 1904; x_wconf 90' lang='lat' dir='ltr'><strong>mibi</strong></span> <span class='ocrx_word' id='word_1_124' title='bbox 1282 1837 1397 1906; x_wconf 89' lang='lat' dir='ltr'><strong>docere</strong></span> <span class='ocrx_word' id='word_1_125' title='bbox 1419 1841 1507 1907; x_wconf 85' lang='lat' dir='ltr'><strong>vide·</strong></span> 
     </span>
     <span class='ocr_line' id='line_1_15' title="bbox 189 1927 1507 2016; baseline 0.005 -21"><span class='ocrx_word' id='word_1_126' title='bbox 189 1930 234 1995; x_wconf 91' lang='lat' dir='ltr'><strong>ris</strong></span> <span class='ocrx_word' id='word_1_127' title='bbox 263 1931 351 1994; x_wconf 89' lang='lat' dir='ltr'><strong>istius</strong></span> <span class='ocrx_word' id='word_1_128' title='bbox 380 1929 503 2014; x_wconf 91' lang='lat' dir='ltr'><strong>generis</strong></span> <span class='ocrx_word' id='word_1_129' title='bbox 525 1927 761 2007; x_wconf 79' lang='lat' dir='ltr'><strong>humanitatem3</strong></span> <span class='ocrx_word' id='word_1_130' title='bbox 794 1950 855 2016; x_wconf 86' lang='lat' dir='ltr'><strong>qua</strong></span> <span class='ocrx_word' id='word_1_131' title='bbox 878 1928 1003 2015; x_wconf 85' lang='lat' dir='ltr'><strong>quidem</strong></span> <span class='ocrx_word' id='word_1_132' title='bbox 1026 1950 1086 2015; x_wconf 93' lang='lat' dir='ltr'><strong>ego</strong></span> <span class='ocrx_word' id='word_1_133' title='bbox 1107 1929 1183 1995; x_wconf 93' lang='lat' dir='ltr'><strong>nihil</strong></span> <span class='ocrx_word' id='word_1_134' title='bbox 1204 1940 1277 1996; x_wconf 91' lang='lat' dir='ltr'><strong>utor</strong></span> <span class='ocrx_word' id='word_1_135' title='bbox 1298 1931 1353 1999; x_wconf 89' lang='lat' dir='ltr'><strong>abs</strong></span> <span class='ocrx_word' id='word_1_136' title='bbox 1376 1944 1415 1999; x_wconf 92' lang='lat' dir='ltr'><strong>te.</strong></span> <span class='ocrx_word' id='word_1_137' title='bbox 1459 1941 1507 2002; x_wconf 90' lang='lat' dir='ltr'><strong>Tu</strong></span> 
     </span>
     <span class='ocr_line' id='line_1_16' title="bbox 190 2021 1544 2112; baseline -0.001 -24"><span class='ocrx_word' id='word_1_138' title='bbox 190 2045 282 2098; x_wconf 89' lang='lat' dir='ltr'><strong>vero,</strong></span> <span class='ocrx_word' id='word_1_139' title='bbox 313 2034 348 2088; x_wconf 91' lang='lat' dir='ltr'><strong>ut</strong></span> <span class='ocrx_word' id='word_1_140' title='bbox 369 2044 419 2088; x_wconf 91' lang='lat' dir='ltr'><strong>me</strong></span> <span class='ocrx_word' id='word_1_141' title='bbox 441 2032 472 2088; x_wconf 87' lang='lat' dir='ltr'><strong>et</strong></span> <span class='ocrx_word' id='word_1_142' title='bbox 493 2022 628 2108; x_wconf 88' lang='lat' dir='ltr'><strong>appelles</strong></span> <span class='ocrx_word' id='word_1_143' title='bbox 650 2031 681 2086; x_wconf 90' lang='lat' dir='ltr'><strong>et</strong></span> <span class='ocrx_word' id='word_1_144' title='bbox 701 2021 881 2108; x_wconf 86' lang='lat' dir='ltr'><strong>interpelles</strong></span> <span class='ocrx_word' id='word_1_145' title='bbox 903 2031 935 2086; x_wconf 92' lang='lat' dir='ltr'><strong>et</strong></span> <span class='ocrx_word' id='word_1_146' title='bbox 955 2021 1127 2110; x_wconf 86' lang='lat' dir='ltr'><strong>obloquare</strong></span> <span class='ocrx_word' id='word_1_147' title='bbox 1149 2035 1180 2090; x_wconf 90' lang='lat' dir='ltr'><strong>et</strong></span> <span class='ocrx_word' id='word_1_148' title='bbox 1200 2025 1380 2112; x_wconf 78' lang='lat' dir='ltr'><strong>colloquare</strong></span> <span class='ocrx_word' id='word_1_149' title='bbox 1402 2029 1544 2094; x_wconf 72' lang='lat' dir='ltr'><strong>velimus</strong></span> 
     </span>
     <span class='ocr_line' id='line_1_17' title="bbox 189 2114 1508 2204; baseline 0.005 -22"><span class='ocrx_word' id='word_1_150' title='bbox 189 2115 274 2195; x_wconf 83' lang='lat' dir='ltr'><strong>Quid</strong></span> <span class='ocrx_word' id='word_1_151' title='bbox 303 2116 385 2182; x_wconf 89' lang='lat' dir='ltr'><strong>enim</strong></span> <span class='ocrx_word' id='word_1_152' title='bbox 414 2115 490 2180; x_wconf 93' lang='lat' dir='ltr'><strong>mihi</strong></span> <span class='ocrx_word' id='word_1_153' title='bbox 520 2115 667 2181; x_wconf 84' lang='lat' dir='ltr'><strong>suaviust</strong></span> <span class='ocrx_word' id='word_1_154' title='bbox 709 2120 777 2181; x_wconf 89' lang='lat' dir='ltr'><strong>Non</strong></span> <span class='ocrx_word' id='word_1_155' title='bbox 798 2114 977 2181; x_wconf 85' lang='lat' dir='ltr'><strong>mehercule</strong></span> <span class='ocrx_word' id='word_1_156' title='bbox 998 2117 1161 2204; x_wconf 87' lang='lat' dir='ltr'><strong>quisquam</strong></span> <span class='ocrx_word' id='word_1_157' title='bbox 1181 2123 1449 2203; x_wconf 78' lang='grc' dir='ltr'><em>μουσοπάτακιος</em></span> <span class='ocrx_word' id='word_1_158' title='bbox 1471 2123 1508 2189; x_wconf 93' lang='lat' dir='ltr'><strong>li-</strong></span> 
     </span>
     <span class='ocr_line' id='line_1_18' title="bbox 189 2208 1507 2302; baseline 0.005 -26"><span class='ocrx_word' id='word_1_159' title='bbox 189 2209 313 2276; x_wconf 91' lang='lat' dir='ltr'><strong>bentins</strong></span> <span class='ocrx_word' id='word_1_160' title='bbox 342 2231 397 2275; x_wconf 87' lang='lat' dir='ltr'><strong>sua</strong></span> <span class='ocrx_word' id='word_1_161' title='bbox 424 2210 562 2275; x_wconf 87' lang='lat' dir='ltr'><strong>recentia</strong></span> <span class='ocrx_word' id='word_1_162' title='bbox 589 2217 731 2295; x_wconf 70' lang='lat' dir='ltr'><strong>poemata</strong></span> <span class='ocrx_word' id='word_1_163' title='bbox 756 2208 847 2294; x_wconf 88' lang='lat' dir='ltr'><strong>legit,</strong></span> <span class='ocrx_word' id='word_1_164' title='bbox 881 2230 973 2296; x_wconf 90' lang='lat' dir='ltr'><strong>quam</strong></span> <span class='ocrx_word' id='word_1_165' title='bbox 1000 2231 1059 2296; x_wconf 90' lang='lat' dir='ltr'><strong>ego</strong></span> <span class='ocrx_word' id='word_1_166' title='bbox 1087 2220 1118 2275; x_wconf 91' lang='lat' dir='ltr'><strong>te</strong></span> <span class='ocrx_word' id='word_1_167' title='bbox 1140 2212 1234 2278; x_wconf 91' lang='lat' dir='ltr'><strong>audio</strong></span> <span class='ocrx_word' id='word_1_168' title='bbox 1262 2234 1445 2302; x_wconf 87' lang='lat' dir='ltr'><strong>quacunque</strong></span> <span class='ocrx_word' id='word_1_169' title='bbox 1468 2216 1507 2282; x_wconf 88' lang='lat' dir='ltr'><strong>de</strong></span> 
     </span>
     <span class='ocr_line' id='line_1_19' title="bbox 189 2301 1508 2390; baseline 0.003 -20"><span class='ocrx_word' id='word_1_170' title='bbox 189 2326 243 2378; x_wconf 91' lang='lat' dir='ltr'><strong>re,</strong></span> <span class='ocrx_word' id='word_1_171' title='bbox 265 2302 405 2390; x_wconf 88' lang='lat' dir='ltr'><strong>publica,</strong></span> <span class='ocrx_word' id='word_1_172' title='bbox 427 2304 561 2390; x_wconf 88' lang='lat' dir='ltr'><strong>privata,</strong></span> <span class='ocrx_word' id='word_1_173' title='bbox 583 2303 714 2378; x_wconf 88' lang='lat' dir='ltr'><strong>rustica,</strong></span> <span class='ocrx_word' id='word_1_174' title='bbox 737 2301 866 2371; x_wconf 84' lang='lat' dir='ltr'><strong>urbana.</strong></span> <span class='ocrx_word' id='word_1_175' title='bbox 908 2303 970 2368; x_wconf 91' lang='lat' dir='ltr'><strong>Sed</strong></span> <span class='ocrx_word' id='word_1_176' title='bbox 990 2325 1060 2369; x_wconf 90' lang='lat' dir='ltr'><strong>mea</strong></span> <span class='ocrx_word' id='word_1_177' title='bbox 1081 2303 1195 2369; x_wconf 91' lang='lat' dir='ltr'><strong>lactum</strong></span> <span class='ocrx_word' id='word_1_178' title='bbox 1217 2315 1265 2372; x_wconf 92' lang='lat' dir='ltr'><strong>est</strong></span> <span class='ocrx_word' id='word_1_179' title='bbox 1285 2307 1401 2372; x_wconf 91' lang='lat' dir='ltr'><strong>insulsa</strong></span> <span class='ocrx_word' id='word_1_180' title='bbox 1419 2329 1508 2374; x_wconf 89' lang='lat' dir='ltr'><strong>vere·</strong></span> 
     </span>
     <span class='ocr_line' id='line_1_20' title="bbox 189 2394 1507 2484; baseline 0.005 -20"><span class='ocrx_word' id='word_1_181' title='bbox 189 2397 319 2471; x_wconf 87' lang='lat' dir='ltr'><strong>cundia,</strong></span> <span class='ocrx_word' id='word_1_182' title='bbox 347 2406 383 2462; x_wconf 91' lang='lat' dir='ltr'><strong>ut</strong></span> <span class='ocrx_word' id='word_1_183' title='bbox 403 2407 433 2461; x_wconf 90' lang='lat' dir='ltr'><strong>te</strong></span> <span class='ocrx_word' id='word_1_184' title='bbox 454 2394 653 2483; x_wconf 82' lang='lat' dir='ltr'><strong>proficiscens</strong></span> <span class='ocrx_word' id='word_1_185' title='bbox 674 2416 738 2461; x_wconf 91' lang='lat' dir='ltr'><strong>nou</strong></span> <span class='ocrx_word' id='word_1_186' title='bbox 758 2395 910 2461; x_wconf 90' lang='lat' dir='ltr'><strong>tollerem.</strong></span> <span class='ocrx_word' id='word_1_187' title='bbox 954 2397 1135 2484; x_wconf 90' lang='lat' dir='ltr'><strong>Opposuisti</strong></span> <span class='ocrx_word' id='word_1_188' title='bbox 1159 2400 1255 2464; x_wconf 87' lang='lat' dir='ltr'><strong>semel</strong></span> <span class='ocrx_word' id='word_1_189' title='bbox 1282 2404 1507 2470; x_wconf 80' lang='grc' dir='ltr'><strong>ἀναντίλεκτον</strong></span> 
     </span>
     <span class='ocr_line' id='line_1_21' title="bbox 189 2487 1544 2582; baseline -0.001 -25"><span class='ocrx_word' id='word_1_190' title='bbox 189 2512 329 2564; x_wconf 88' lang='lat' dir='ltr'><strong>causam,</strong></span> <span class='ocrx_word' id='word_1_191' title='bbox 352 2491 510 2557; x_wconf 88' lang='lat' dir='ltr'><strong>Ciceronis</strong></span> <span class='ocrx_word' id='word_1_192' title='bbox 524 2489 623 2555; x_wconf 89' lang='lat' dir='ltr'><strong>nostri</strong></span> <span class='ocrx_word' id='word_1_193' title='bbox 637 2487 861 2568; x_wconf 78' lang='lat' dir='ltr'><strong>valetudinem3</strong></span> <span class='ocrx_word' id='word_1_194' title='bbox 883 2489 1035 2558; x_wconf 89' lang='lat' dir='ltr'><strong>conticui:</strong></span> <span class='ocrx_word' id='word_1_195' title='bbox 1057 2490 1171 2557; x_wconf 88' lang='lat' dir='ltr'><strong>iterum</strong></span> <span class='ocrx_word' id='word_1_196' title='bbox 1188 2494 1368 2573; x_wconf 65' lang='lat' dir='ltr'><strong>Ciceronem</strong></span> <span class='ocrx_word' id='word_1_197' title='bbox 1391 2497 1544 2582; x_wconf 68' lang='lat' dir='ltr'><strong>quievisti</strong></span> 
     </span>
     <span class='ocr_line' id='line_1_22' title="bbox 189 2582 1507 2676; baseline 0.005 -25"><span class='ocrx_word' id='word_1_198' title='bbox 189 2590 220 2651; x_wconf 77' lang='grc'><strong>9.</strong></span> <span class='ocrx_word' id='word_1_199' title='bbox 241 2591 328 2651; x_wconf 87' lang='lat' dir='ltr'><strong>Nunc</strong></span> <span class='ocrx_word' id='word_1_200' title='bbox 357 2583 432 2649; x_wconf 91' lang='lat' dir='ltr'><strong>mihi</strong></span> <span class='ocrx_word' id='word_1_201' title='bbox 460 2582 657 2650; x_wconf 82' lang='lat' dir='ltr'><strong>iucunditatis</strong></span> <span class='ocrx_word' id='word_1_202' title='bbox 687 2583 779 2671; x_wconf 90' lang='lat' dir='ltr'><strong>plena</strong></span> <span class='ocrx_word' id='word_1_203' title='bbox 806 2583 935 2671; x_wconf 86' lang='lat' dir='ltr'><strong>epistola</strong></span> <span class='ocrx_word' id='word_1_204' title='bbox 957 2583 1017 2650; x_wconf 90' lang='lat' dir='ltr'><strong>hoc</strong></span> <span class='ocrx_word' id='word_1_205' title='bbox 1037 2584 1190 2672; x_wconf 90' lang='lat' dir='ltr'><strong>adspersit</strong></span> <span class='ocrx_word' id='word_1_206' title='bbox 1211 2587 1387 2664; x_wconf 89' lang='lat' dir='ltr'><strong>molestiae,</strong></span> <span class='ocrx_word' id='word_1_207' title='bbox 1421 2592 1507 2676; x_wconf 90' lang='lat' dir='ltr'><strong>quod</strong></span> 
     </span>
     <span class='ocr_line' id='line_1_23' title="bbox 189 2677 1506 2766; baseline 0.005 -20"><span class='ocrx_word' id='word_1_208' title='bbox 189 2680 323 2753; x_wconf 84' lang='lat' dir='ltr'><strong>videris,</strong></span> <span class='ocrx_word' id='word_1_209' title='bbox 356 2699 395 2743; x_wconf 90' lang='lat' dir='ltr'><strong>ne</strong></span> <span class='ocrx_word' id='word_1_210' title='bbox 424 2679 498 2743; x_wconf 93' lang='lat' dir='ltr'><strong>mihi</strong></span> <span class='ocrx_word' id='word_1_211' title='bbox 526 2677 675 2743; x_wconf 87' lang='lat' dir='ltr'><strong>molestus</strong></span> <span class='ocrx_word' id='word_1_212' title='bbox 703 2697 806 2751; x_wconf 88' lang='lat' dir='ltr'><strong>esses,</strong></span> <span class='ocrx_word' id='word_1_213' title='bbox 839 2678 957 2744; x_wconf 88' lang='lat' dir='ltr'><strong>veritus</strong></span> <span class='ocrx_word' id='word_1_214' title='bbox 986 2699 1054 2744; x_wconf 88' lang='lat' dir='ltr'><strong>esse</strong></span> <span class='ocrx_word' id='word_1_215' title='bbox 1082 2689 1174 2766; x_wconf 87' lang='lat' dir='ltr'><strong>atque</strong></span> <span class='ocrx_word' id='word_1_216' title='bbox 1196 2680 1372 2748; x_wconf 86' lang='lat' dir='ltr'><strong>etiamnunc</strong></span> <span class='ocrx_word' id='word_1_217' title='bbox 1392 2689 1506 2754; x_wconf 83' lang='lat' dir='ltr'><strong>vereri.</strong></span> 
     </span>
     <span class='ocr_line' id='line_1_24' title="bbox 189 2770 1507 2863; baseline 0.005 -25"><span class='ocrx_word' id='word_1_218' title='bbox 189 2774 357 2860; x_wconf 80' lang='lat' dir='ltr'><strong>litigarem</strong></span> <span class='ocrx_word' id='word_1_219' title='bbox 379 2783 497 2848; x_wconf 91' lang='lat' dir='ltr'><strong>tecum,</strong></span> <span class='ocrx_word' id='word_1_220' title='bbox 520 2771 545 2837; x_wconf 91' lang='lat' dir='ltr'><strong>si</strong></span> <span class='ocrx_word' id='word_1_221' title='bbox 567 2771 613 2836; x_wconf 86' lang='lat' dir='ltr'><strong>las</strong></span> <span class='ocrx_word' id='word_1_222' title='bbox 635 2782 731 2848; x_wconf 88' lang='lat' dir='ltr'><strong>esset;</strong></span> <span class='ocrx_word' id='word_1_223' title='bbox 753 2771 808 2837; x_wconf 91' lang='lat' dir='ltr'><strong>sed</strong></span> <span class='ocrx_word' id='word_1_224' title='bbox 829 2770 1007 2836; x_wconf 87' lang='lat' dir='ltr'><strong>mehercule</strong></span> <span class='ocrx_word' id='word_1_225' title='bbox 1028 2773 1108 2837; x_wconf 90' lang='lat' dir='ltr'><strong>istuc</strong></span> <span class='ocrx_word' id='word_1_226' title='bbox 1129 2773 1156 2837; x_wconf 93' lang='lat' dir='ltr'><strong>si</strong></span> <span class='ocrx_word' id='word_1_227' title='bbox 1176 2795 1313 2860; x_wconf 92' lang='lat' dir='ltr'><strong>unquam</strong></span> <span class='ocrx_word' id='word_1_228' title='bbox 1335 2778 1507 2863; x_wconf 88' lang='lat' dir='ltr'><strong>suspicatus</strong></span> 
     </span>
     <span class='ocr_line' id='line_1_25' title="bbox 189 2863 1507 2951; baseline 0.005 -19"><span class='ocrx_word' id='word_1_229' title='bbox 189 2889 263 2942; x_wconf 89' lang='lat' dir='ltr'><strong>ero,</strong></span> <span class='ocrx_word' id='word_1_230' title='bbox 286 2867 361 2932; x_wconf 90' lang='lat' dir='ltr'><strong>nihil</strong></span> <span class='ocrx_word' id='word_1_231' title='bbox 385 2866 482 2932; x_wconf 85' lang='lat' dir='ltr'><strong>dicam</strong></span> <span class='ocrx_word' id='word_1_232' title='bbox 505 2865 604 2940; x_wconf 89' lang='lat' dir='ltr'><strong>aliud,</strong></span> <span class='ocrx_word' id='word_1_233' title='bbox 626 2864 686 2929; x_wconf 92' lang='lat' dir='ltr'><strong>nisi</strong></span> <span class='ocrx_word' id='word_1_234' title='bbox 708 2863 857 2940; x_wconf 84' lang='lat' dir='ltr'><strong>verebor,</strong></span> <span class='ocrx_word' id='word_1_235' title='bbox 880 2884 919 2928; x_wconf 92' lang='lat' dir='ltr'><strong>ue</strong></span> <span class='ocrx_word' id='word_1_236' title='bbox 941 2865 1066 2951; x_wconf 90' lang='lat' dir='ltr'><strong>quando</strong></span> <span class='ocrx_word' id='word_1_237' title='bbox 1087 2865 1242 2951; x_wconf 90' lang='lat' dir='ltr'><strong>egotibi,</strong></span> <span class='ocrx_word' id='word_1_238' title='bbox 1264 2890 1335 2934; x_wconf 89' lang='lat' dir='ltr'><strong>cum</strong></span> <span class='ocrx_word' id='word_1_239' title='bbox 1351 2893 1420 2936; x_wconf 93' lang='lat' dir='ltr'><strong>sum</strong></span> <span class='ocrx_word' id='word_1_240' title='bbox 1435 2895 1507 2949; x_wconf 90' lang='lat' dir='ltr'><strong>una,</strong></span> 
     </span>
     <span class='ocr_line' id='line_1_26' title="bbox 190 2957 1545 3042; baseline -0.004 -15"><span class='ocrx_word' id='word_1_241' title='bbox 190 2962 340 3028; x_wconf 89' lang='lat' dir='ltr'><strong>molestus</strong></span> <span class='ocrx_word' id='word_1_242' title='bbox 361 2961 430 3026; x_wconf 90' lang='lat' dir='ltr'><strong>sim.</strong></span> <span class='ocrx_word' id='word_1_243' title='bbox 472 2960 572 3026; x_wconf 91' lang='lat' dir='ltr'><strong>Video</strong></span> <span class='ocrx_word' id='word_1_244' title='bbox 590 2968 624 3023; x_wconf 92' lang='lat' dir='ltr'><strong>te</strong></span> <span class='ocrx_word' id='word_1_245' title='bbox 645 2958 843 3042; x_wconf 78' lang='lat' dir='ltr'><strong>ingemuisse.</strong></span> <span class='ocrx_word' id='word_1_246' title='bbox 886 2957 937 3022; x_wconf 87' lang='lat' dir='ltr'><strong>Sic</strong></span> <span class='ocrx_word' id='word_1_247' title='bbox 957 2957 1006 3034; x_wconf 84' lang='lat' dir='ltr'><strong>tit,</strong></span> <span class='ocrx_word' id='word_1_248' title='bbox 1029 2959 1116 3040; x_wconf 70' lang='lat' dir='ltr'><strong>&#39;sato’</strong></span> <span class='ocrx_word' id='word_1_249' title='bbox 1137 2970 1171 3024; x_wconf 76' lang='grc' dir='ltr'><strong>ἐν</strong></span> <span class='ocrx_word' id='word_1_250' title='bbox 1192 2967 1252 3042; x_wconf 84' lang='grc' dir='ltr'><strong>αἴᾳ</strong></span> <span class='ocrx_word' id='word_1_251' title='bbox 1274 2963 1406 3041; x_wconf 78' lang='grc' dir='ltr'><strong><em>ἔζησας·</em></strong></span> <span class='ocrx_word' id='word_1_252' title='bbox 1429 2978 1545 3030; x_wconf 81' lang='lat' dir='ltr'><strong>nun-aa</strong></span> 
     </span>
     <span class='ocr_line' id='line_1_27' title="bbox 189 3049 1509 3142; baseline 0.002 -22"><span class='ocrx_word' id='word_1_253' title='bbox 189 3076 284 3142; x_wconf 89' lang='lat' dir='ltr'><strong>quam</strong></span> <span class='ocrx_word' id='word_1_254' title='bbox 306 3055 388 3120; x_wconf 90' lang='lat' dir='ltr'><strong>euim</strong></span> <span class='ocrx_word' id='word_1_255' title='bbox 410 3053 522 3128; x_wconf 89' lang='lat' dir='ltr'><strong>dicam,</strong></span> <span class='ocrx_word' id='word_1_256' title='bbox 550 3053 592 3118; x_wconf 83' lang='grc' dir='ltr'><strong>ἔα</strong></span> <span class='ocrx_word' id='word_1_257' title='bbox 614 3049 732 3127; x_wconf 77' lang='grc' dir='ltr'><strong>πάσας.</strong></span> <span class='ocrx_word' id='word_1_258' title='bbox 786 3049 920 3116; x_wconf 84' lang='lat' dir='ltr'><strong>Marium</strong></span> <span class='ocrx_word' id='word_1_259' title='bbox 942 3061 1045 3116; x_wconf 89' lang='lat' dir='ltr'><strong>autem</strong></span> <span class='ocrx_word' id='word_1_260' title='bbox 1067 3061 1207 3120; x_wconf 90' lang='lat' dir='ltr'><strong>nostrum</strong></span> <span class='ocrx_word' id='word_1_261' title='bbox 1229 3053 1262 3118; x_wconf 94' lang='lat' dir='ltr'><strong>in</strong></span> <span class='ocrx_word' id='word_1_262' title='bbox 1282 3053 1421 3122; x_wconf 84' lang='lat' dir='ltr'><strong>lecticam</strong></span> <span class='ocrx_word' id='word_1_263' title='bbox 1443 3079 1509 3122; x_wconf 91' lang='lat' dir='ltr'><strong>me-</strong></span> 
     </span>
     <span class='ocr_line' id='line_1_28' title="bbox 189 3143 1507 3228; baseline 0.001 -14"><span class='ocrx_word' id='word_1_264' title='bbox 189 3149 317 3214; x_wconf 88' lang='lat' dir='ltr'><strong>hercule</strong></span> <span class='ocrx_word' id='word_1_265' title='bbox 338 3147 641 3220; x_wconf 76' lang='lat' dir='ltr'><strong>couiecissem,.non</strong></span> <span class='ocrx_word' id='word_1_266' title='bbox 662 3145 744 3210; x_wconf 89' lang='lat' dir='ltr'><strong>illam</strong></span> <span class='ocrx_word' id='word_1_267' title='bbox 765 3143 848 3228; x_wconf 91' lang='lat' dir='ltr'><strong>regis</strong></span> <span class='ocrx_word' id='word_1_268' title='bbox 869 3143 1038 3209; x_wconf 88' lang='lat' dir='ltr'><strong>Ptolemaei</strong></span> <span class='ocrx_word' id='word_1_269' title='bbox 1058 3144 1255 3224; x_wconf 82' lang='lat' dir='ltr'><strong>Anicianam3</strong></span> <span class='ocrx_word' id='word_1_270' title='bbox 1277 3149 1403 3212; x_wconf 90' lang='lat' dir='ltr'><strong>memini</strong></span> <span class='ocrx_word' id='word_1_271' title='bbox 1426 3151 1507 3215; x_wconf 90' lang='lat' dir='ltr'><strong>enim</strong></span> 
     </span>
     <span class='ocr_line' id='line_1_29' title="bbox 190 3236 1508 3328; baseline 0.002 -21"><span class='ocrx_word' id='word_1_272' title='bbox 190 3263 262 3307; x_wconf 87' lang='lat' dir='ltr'><strong>cum</strong></span> <span class='ocrx_word' id='word_1_273' title='bbox 283 3241 443 3307; x_wconf 89' lang='lat' dir='ltr'><strong>bominem</strong></span> <span class='ocrx_word' id='word_1_274' title='bbox 468 3251 626 3328; x_wconf 90' lang='lat' dir='ltr'><strong>portarem</strong></span> <span class='ocrx_word' id='word_1_275' title='bbox 655 3237 694 3304; x_wconf 90' lang='lat' dir='ltr'><strong>ad</strong></span> <span class='ocrx_word' id='word_1_276' title='bbox 714 3237 803 3304; x_wconf 88' lang='lat' dir='ltr'><strong>Baias</strong></span> <span class='ocrx_word' id='word_1_277' title='bbox 825 3236 954 3323; x_wconf 88' lang='lat' dir='ltr'><strong>Neapoli</strong></span> <span class='ocrx_word' id='word_1_278' title='bbox 974 3237 1149 3323; x_wconf 85' lang='lat' dir='ltr'><strong>octaphoro</strong></span> <span class='ocrx_word' id='word_1_279' title='bbox 1171 3239 1336 3316; x_wconf 69' lang='lat' dir='ltr'><strong>aniciano,</strong></span> <span class='ocrx_word' id='word_1_280' title='bbox 1366 3242 1508 3309; x_wconf 88' lang='lat' dir='ltr'><strong>machae-</strong></span> 
     </span>
     <span class='ocr_line' id='line_1_30' title="bbox 190 3330 1508 3422; baseline 0 -20"><span class='ocrx_word' id='word_1_281' title='bbox 190 3335 338 3422; x_wconf 86' lang='lat' dir='ltr'><strong>rophoris</strong></span> <span class='ocrx_word' id='word_1_282' title='bbox 365 3345 488 3401; x_wconf 89' lang='lat' dir='ltr'><strong>centum</strong></span> <span class='ocrx_word' id='word_1_283' title='bbox 517 3330 736 3420; x_wconf 87' lang='lat' dir='ltr'><strong>sequentibus,</strong></span> <span class='ocrx_word' id='word_1_284' title='bbox 767 3331 864 3396; x_wconf 91' lang='lat' dir='ltr'><strong>miros</strong></span> <span class='ocrx_word' id='word_1_285' title='bbox 891 3330 974 3396; x_wconf 89' lang='lat' dir='ltr'><strong>risus</strong></span> <span class='ocrx_word' id='word_1_286' title='bbox 995 3352 1053 3397; x_wconf 91' lang='lat' dir='ltr'><strong>uos</strong></span> <span class='ocrx_word' id='word_1_287' title='bbox 1075 3331 1184 3408; x_wconf 87' lang='lat' dir='ltr'><strong>edere,</strong></span> <span class='ocrx_word' id='word_1_288' title='bbox 1216 3354 1287 3399; x_wconf 90' lang='lat' dir='ltr'><strong>cum</strong></span> <span class='ocrx_word' id='word_1_289' title='bbox 1307 3334 1360 3400; x_wconf 87' lang='lat' dir='ltr'><strong>ille</strong></span> <span class='ocrx_word' id='word_1_290' title='bbox 1380 3335 1508 3421; x_wconf 90' lang='lat' dir='ltr'><strong>ignarus</strong></span> 
     </span>
     <span class='ocr_line' id='line_1_31' title="bbox 190 3423 1541 3516; baseline 0 -20"><span class='ocrx_word' id='word_1_291' title='bbox 190 3431 239 3496; x_wconf 89' lang='lat' dir='ltr'><strong>sui</strong></span> <span class='ocrx_word' id='word_1_292' title='bbox 266 3429 443 3506; x_wconf 87' lang='lat' dir='ltr'><strong>comitatus,</strong></span> <span class='ocrx_word' id='word_1_293' title='bbox 475 3435 605 3514; x_wconf 88' lang='lat' dir='ltr'><strong>repente</strong></span> <span class='ocrx_word' id='word_1_294' title='bbox 626 3425 749 3512; x_wconf 89' lang='lat' dir='ltr'><strong>aperuit</strong></span> <span class='ocrx_word' id='word_1_295' title='bbox 768 3423 927 3498; x_wconf 84' lang='lat' dir='ltr'><strong>lecticam,</strong></span> <span class='ocrx_word' id='word_1_296' title='bbox 961 3432 992 3489; x_wconf 90' lang='lat' dir='ltr'><strong>et</strong></span> <span class='ocrx_word' id='word_1_297' title='bbox 1013 3445 1112 3510; x_wconf 91' lang='lat' dir='ltr'><strong>paene</strong></span> <span class='ocrx_word' id='word_1_298' title='bbox 1133 3425 1185 3492; x_wconf 91' lang='lat' dir='ltr'><strong>ille</strong></span> <span class='ocrx_word' id='word_1_299' title='bbox 1206 3427 1338 3503; x_wconf 89' lang='lat' dir='ltr'><strong>timore,</strong></span> <span class='ocrx_word' id='word_1_300' title='bbox 1361 3449 1420 3516; x_wconf 89' lang='lat' dir='ltr'><strong>ego</strong></span> <span class='ocrx_word' id='word_1_301' title='bbox 1442 3430 1541 3498; x_wconf 78' lang='lat' dir='ltr'><strong>risus·</strong></span> 
     </span>
     <span class='ocr_line' id='line_1_32' title="bbox 191 3517 1508 3606; baseline 0.002 -18"><span class='ocrx_word' id='word_1_302' title='bbox 191 3522 308 3588; x_wconf 79' lang='lat' dir='ltr'><strong>comui.</strong></span> <span class='ocrx_word' id='word_1_303' title='bbox 350 3527 455 3598; x_wconf 85' lang='lat' dir='ltr'><strong>Hunc,</strong></span> <span class='ocrx_word' id='word_1_304' title='bbox 477 3533 512 3588; x_wconf 93' lang='lat' dir='ltr'><strong>ut</strong></span> <span class='ocrx_word' id='word_1_305' title='bbox 533 3521 618 3596; x_wconf 89' lang='lat' dir='ltr'><strong>dico,</strong></span> <span class='ocrx_word' id='word_1_306' title='bbox 652 3527 737 3584; x_wconf 87' lang='lat' dir='ltr'><strong>certe</strong></span> <span class='ocrx_word' id='word_1_307' title='bbox 759 3517 967 3593; x_wconf 88' lang='lat' dir='ltr'><strong>sustulissem,</strong></span> <span class='ocrx_word' id='word_1_308' title='bbox 989 3519 1212 3606; x_wconf 88' lang='lat' dir='ltr'><strong>utaliquando</strong></span> <span class='ocrx_word' id='word_1_309' title='bbox 1234 3521 1432 3590; x_wconf 85' lang='lat' dir='ltr'><strong>subtilitatem</strong></span> <span class='ocrx_word' id='word_1_310' title='bbox 1455 3547 1508 3591; x_wconf 84' lang='lat' dir='ltr'><strong>ve·</strong></span> 
     </span>
     <span class='ocr_line' id='line_1_33' title="bbox 191 3611 1508 3698; baseline 0.002 -15"><span class='ocrx_word' id='word_1_311' title='bbox 191 3617 267 3684; x_wconf 89' lang='lat' dir='ltr'><strong>teris</strong></span> <span class='ocrx_word' id='word_1_312' title='bbox 289 3614 472 3682; x_wconf 88' lang='lat' dir='ltr'><strong>urbanitatis</strong></span> <span class='ocrx_word' id='word_1_313' title='bbox 493 3624 525 3680; x_wconf 91' lang='lat' dir='ltr'><strong>et</strong></span> <span class='ocrx_word' id='word_1_314' title='bbox 544 3611 758 3680; x_wconf 89' lang='lat' dir='ltr'><strong>humanissimi</strong></span> <span class='ocrx_word' id='word_1_315' title='bbox 780 3611 932 3678; x_wconf 88' lang='lat' dir='ltr'><strong>sermonis</strong></span> <span class='ocrx_word' id='word_1_316' title='bbox 953 3612 1149 3698; x_wconf 77' lang='lat' dir='ltr'><strong>attingerem.</strong></span> <span class='ocrx_word' id='word_1_317' title='bbox 1192 3615 1254 3682; x_wconf 89' lang='lat' dir='ltr'><strong>Sed</strong></span> <span class='ocrx_word' id='word_1_318' title='bbox 1280 3616 1438 3684; x_wconf 89' lang='lat' dir='ltr'><strong>bominem</strong></span> <span class='ocrx_word' id='word_1_319' title='bbox 1460 3619 1508 3686; x_wconf 92' lang='lat' dir='ltr'><strong>in-</strong></span> 
     </span>
     <span class='ocr_line' id='line_1_34' title="bbox 191 3705 1509 3795; baseline 0.005 -21"><span class='ocrx_word' id='word_1_320' title='bbox 191 3709 316 3776; x_wconf 84' lang='lat' dir='ltr'><strong>firmam</strong></span> <span class='ocrx_word' id='word_1_321' title='bbox 344 3710 377 3774; x_wconf 94' lang='lat' dir='ltr'><strong>in</strong></span> <span class='ocrx_word' id='word_1_322' title='bbox 407 3708 510 3775; x_wconf 85' lang='lat' dir='ltr'><strong>villam</strong></span> <span class='ocrx_word' id='word_1_323' title='bbox 537 3717 675 3795; x_wconf 84' lang='lat' dir='ltr'><strong>apertam</strong></span> <span class='ocrx_word' id='word_1_324' title='bbox 697 3727 734 3772; x_wconf 91' lang='lat' dir='ltr'><strong>ac</strong></span> <span class='ocrx_word' id='word_1_325' title='bbox 754 3727 793 3771; x_wconf 89' lang='lat' dir='ltr'><strong>ue</strong></span> <span class='ocrx_word' id='word_1_326' title='bbox 814 3705 926 3773; x_wconf 89' lang='lat' dir='ltr'><strong>rudem</strong></span> <span class='ocrx_word' id='word_1_327' title='bbox 948 3706 1073 3793; x_wconf 85' lang='lat' dir='ltr'><strong>quidem</strong></span> <span class='ocrx_word' id='word_1_328' title='bbox 1096 3707 1272 3776; x_wconf 89' lang='lat' dir='ltr'><strong>etiamnunc</strong></span> <span class='ocrx_word' id='word_1_329' title='bbox 1298 3711 1430 3779; x_wconf 89' lang='lat' dir='ltr'><strong>invitare</strong></span> <span class='ocrx_word' id='word_1_330' title='bbox 1452 3737 1509 3781; x_wconf 93' lang='lat' dir='ltr'><strong>no-</strong></span> 
     </span>
     <span class='ocr_line' id='line_1_35' title="bbox 191 3799 1508 3887; baseline 0.002 -17"><span class='ocrx_word' id='word_1_331' title='bbox 191 3805 245 3870; x_wconf 90' lang='lat' dir='ltr'><strong>lui.</strong></span> <span class='ocrx_word' id='word_1_332' title='bbox 287 3809 317 3870; x_wconf 85' lang='lat'><strong>3.</strong></span> <span class='ocrx_word' id='word_1_333' title='bbox 340 3807 408 3869; x_wconf 85' lang='lat' dir='ltr'><strong>Hoc</strong></span> <span class='ocrx_word' id='word_1_334' title='bbox 428 3823 505 3867; x_wconf 87' lang='lat' dir='ltr'><strong>vero</strong></span> <span class='ocrx_word' id='word_1_335' title='bbox 527 3802 604 3867; x_wconf 91' lang='lat' dir='ltr'><strong>mihi</strong></span> <span class='ocrx_word' id='word_1_336' title='bbox 624 3801 782 3887; x_wconf 88' lang='lat' dir='ltr'><strong>peculiare</strong></span> <span class='ocrx_word' id='word_1_337' title='bbox 803 3799 914 3875; x_wconf 87' lang='lat' dir='ltr'><strong>luerit,</strong></span> <span class='ocrx_word' id='word_1_338' title='bbox 937 3799 988 3865; x_wconf 90' lang='lat' dir='ltr'><strong>hic</strong></span> <span class='ocrx_word' id='word_1_339' title='bbox 1011 3801 1105 3867; x_wconf 91' lang='lat' dir='ltr'><strong>etiam</strong></span> <span class='ocrx_word' id='word_1_340' title='bbox 1132 3801 1193 3868; x_wconf 91' lang='lat' dir='ltr'><strong>isto</strong></span> <span class='ocrx_word' id='word_1_341' title='bbox 1216 3803 1289 3870; x_wconf 88' lang='lat' dir='ltr'><strong>lrui.</strong></span> <span class='ocrx_word' id='word_1_342' title='bbox 1339 3811 1415 3872; x_wconf 86' lang='lat' dir='ltr'><strong>Nam</strong></span> <span class='ocrx_word' id='word_1_343' title='bbox 1439 3808 1508 3874; x_wconf 94' lang='lat' dir='ltr'><strong>illo·</strong></span> 
     </span>
     <span class='ocr_line' id='line_1_36' title="bbox 192 3894 1546 3986; baseline 0.004 -23"><span class='ocrx_word' id='word_1_344' title='bbox 192 3919 262 3964; x_wconf 86' lang='lat' dir='ltr'><strong>rum</strong></span> <span class='ocrx_word' id='word_1_345' title='bbox 284 3897 483 3984; x_wconf 91' lang='lat' dir='ltr'><strong>praediorum</strong></span> <span class='ocrx_word' id='word_1_346' title='bbox 507 3897 584 3960; x_wconf 91' lang='lat' dir='ltr'><strong>scito</strong></span> <span class='ocrx_word' id='word_1_347' title='bbox 606 3894 680 3959; x_wconf 90' lang='lat' dir='ltr'><strong>mihi</strong></span> <span class='ocrx_word' id='word_1_348' title='bbox 703 3894 839 3961; x_wconf 85' lang='lat' dir='ltr'><strong>vicinum</strong></span> <span class='ocrx_word' id='word_1_349' title='bbox 854 3897 986 3960; x_wconf 80' lang='lat' dir='ltr'><strong>hiarium</strong></span> <span class='ocrx_word' id='word_1_350' title='bbox 1007 3895 1112 3961; x_wconf 88' lang='lat' dir='ltr'><strong>lumen</strong></span> <span class='ocrx_word' id='word_1_351' title='bbox 1134 3917 1213 3963; x_wconf 89' lang='lat' dir='ltr'><strong>esse.</strong></span> <span class='ocrx_word' id='word_1_352' title='bbox 1255 3899 1345 3986; x_wconf 86' lang='lat' dir='ltr'><strong>Apud</strong></span> <span class='ocrx_word' id='word_1_353' title='bbox 1365 3901 1546 3968; x_wconf 71' lang='lat' dir='ltr'><strong>Aniciana</strong></span> 
     </span>
     <span class='ocr_line' id='line_1_37' title="bbox 192 3987 1507 4076; baseline 0.004 -19"><span class='ocrx_word' id='word_1_354' title='bbox 192 3990 366 4058; x_wconf 81' lang='lat' dir='ltr'><strong>videbimus</strong></span> <span class='ocrx_word' id='word_1_355' title='bbox 387 4000 422 4056; x_wconf 93' lang='lat' dir='ltr'><strong>ut</strong></span> <span class='ocrx_word' id='word_1_356' title='bbox 442 3999 583 4076; x_wconf 88' lang='lat' dir='ltr'><strong>paratum</strong></span> <span class='ocrx_word' id='word_1_357' title='bbox 604 3989 653 4054; x_wconf 90' lang='lat' dir='ltr'><strong>sit.</strong></span> <span class='ocrx_word' id='word_1_358' title='bbox 710 3994 772 4055; x_wconf 90' lang='lat' dir='ltr'><strong>Nos</strong></span> <span class='ocrx_word' id='word_1_359' title='bbox 794 3988 876 4053; x_wconf 92' lang='lat' dir='ltr'><strong>enim</strong></span> <span class='ocrx_word' id='word_1_360' title='bbox 897 3987 940 4052; x_wconf 89' lang='lat' dir='ltr'><strong>ita</strong></span> <span class='ocrx_word' id='word_1_361' title='bbox 961 3987 1111 4075; x_wconf 91' lang='lat' dir='ltr'><strong>philologi</strong></span> <span class='ocrx_word' id='word_1_362' title='bbox 1138 4011 1265 4068; x_wconf 89' lang='lat' dir='ltr'><strong>snmus,</strong></span> <span class='ocrx_word' id='word_1_363' title='bbox 1300 4003 1335 4060; x_wconf 92' lang='lat' dir='ltr'><strong>ut</strong></span> <span class='ocrx_word' id='word_1_364' title='bbox 1361 3996 1410 4061; x_wconf 83' lang='lat' dir='ltr'><strong>vel</strong></span> <span class='ocrx_word' id='word_1_365' title='bbox 1438 4017 1507 4061; x_wconf 90' lang='lat' dir='ltr'><strong>cum</strong></span> 
     </span>
     <span class='ocr_line' id='line_1_38' title="bbox 192 4081 1509 4175; baseline 0.002 -25"><span class='ocrx_word' id='word_1_366' title='bbox 192 4085 290 4152; x_wconf 87' lang='lat' dir='ltr'><strong>labris</strong></span> <span class='ocrx_word' id='word_1_367' title='bbox 310 4084 450 4151; x_wconf 87' lang='lat' dir='ltr'><strong>hahitare</strong></span> <span class='ocrx_word' id='word_1_368' title='bbox 470 4083 635 4171; x_wconf 88' lang='lat' dir='ltr'><strong>possimus.</strong></span> <span class='ocrx_word' id='word_1_369' title='bbox 688 4081 847 4148; x_wconf 85' lang='lat' dir='ltr'><strong>Habemus</strong></span> <span class='ocrx_word' id='word_1_370' title='bbox 868 4081 948 4146; x_wconf 90' lang='lat' dir='ltr'><strong>banc</strong></span> <span class='ocrx_word' id='word_1_371' title='bbox 968 4081 1197 4170; x_wconf 90' lang='lat' dir='ltr'><strong>philosophiam</strong></span> <span class='ocrx_word' id='word_1_372' title='bbox 1218 4107 1281 4151; x_wconf 90' lang='lat' dir='ltr'><strong>non</strong></span> <span class='ocrx_word' id='word_1_373' title='bbox 1302 4085 1342 4151; x_wconf 82' lang='lat' dir='ltr'><strong>ab</strong></span> <span class='ocrx_word' id='word_1_374' title='bbox 1363 4089 1509 4175; x_wconf 76' lang='lat' dir='ltr'><strong>Hymetto</strong></span> 
     </span>
    </p>

    <p class='ocr_par' dir='ltr' id='par_1_7' title="bbox 192 4299 1510 4577">
     <span class='ocr_line' id='line_1_39' title="bbox 261 4299 1507 4367; baseline 0.002 -12"><span class='ocrx_word' id='word_1_375' title='bbox 261 4305 289 4355; x_wconf 77' lang='grc'><strong>3.</strong></span> <span class='ocrx_word' id='word_1_376' title='bbox 307 4299 366 4367; x_wconf 79' lang='lat' dir='ltr'><strong>aia]</strong></span> <span class='ocrx_word' id='word_1_377' title='bbox 393 4303 479 4354; x_wconf 82' lang='lat' dir='ltr'><strong>stltl.</strong></span> <span class='ocrx_word' id='word_1_378' title='bbox 510 4325 538 4338; x_wconf 85' lang='lat'>-</span> <span class='ocrx_word' id='word_1_379' title='bbox 574 4302 602 4353; x_wconf 72' lang='grc'><strong>1.</strong></span> <span class='ocrx_word' id='word_1_380' title='bbox 622 4303 710 4355; x_wconf 78' lang='lat' dir='ltr'><strong>llutos</strong></span> <span class='ocrx_word' id='word_1_381' title='bbox 733 4301 868 4354; x_wconf 80' lang='lat' dir='ltr'><strong>Orelltuss</strong></span> <span class='ocrx_word' id='word_1_382' title='bbox 892 4299 961 4353; x_wconf 73' lang='lat' dir='ltr'><strong>uota·</strong></span> <span class='ocrx_word' id='word_1_383' title='bbox 979 4299 1014 4356; x_wconf 79' lang='lat' dir='ltr'><strong>ll,</strong></span> <span class='ocrx_word' id='word_1_384' title='bbox 1040 4301 1117 4352; x_wconf 79' lang='lat' dir='ltr'><strong>Febr.</strong></span> <span class='ocrx_word' id='word_1_385' title='bbox 1137 4315 1199 4353; x_wconf 90' lang='lat' dir='ltr'><strong>eum</strong></span> <span class='ocrx_word' id='word_1_386' title='bbox 1217 4303 1293 4354; x_wconf 85' lang='lat' dir='ltr'><strong>llbris</strong></span> <span class='ocrx_word' id='word_1_387' title='bbox 1311 4306 1383 4356; x_wconf 80' lang='lat' dir='ltr'><strong>uotis</strong></span> <span class='ocrx_word' id='word_1_388' title='bbox 1402 4306 1447 4356; x_wconf 83' lang='lat' dir='ltr'><strong>ltl.</strong></span> <span class='ocrx_word' id='word_1_389' title='bbox 1477 4331 1507 4343; x_wconf 98' lang='lat'>-</span> 
     </span>
     <span class='ocr_line' id='line_1_40' title="bbox 192 4369 1510 4440; baseline 0.001 -15"><span class='ocrx_word' id='word_1_390' title='bbox 192 4377 291 4440; x_wconf 71' lang='lat' dir='ltr'><strong>[actam</strong></span> <span class='ocrx_word' id='word_1_391' title='bbox 308 4381 345 4424; x_wconf 82' lang='lat' dir='ltr'><strong>eat</strong></span> <span class='ocrx_word' id='word_1_392' title='bbox 365 4375 385 4424; x_wconf 92' lang='grc'><strong>1.</strong></span> <span class='ocrx_word' id='word_1_393' title='bbox 406 4397 436 4409; x_wconf 89' lang='grc'>-</span> <span class='ocrx_word' id='word_1_394' title='bbox 473 4374 500 4422; x_wconf 83' lang='grc'><strong>5.</strong></span> <span class='ocrx_word' id='word_1_395' title='bbox 519 4373 636 4424; x_wconf 66' lang='lat' dir='ltr'><strong>muer:</strong></span> <span class='ocrx_word' id='word_1_396' title='bbox 655 4375 699 4424; x_wconf 81' lang='lat' dir='ltr'><strong>aad</strong></span> <span class='ocrx_word' id='word_1_397' title='bbox 716 4399 727 4410; x_wconf 95' lang='lat'><em>·</em></span> <span class='ocrx_word' id='word_1_398' title='bbox 744 4399 755 4410; x_wconf 95' lang='lat'><em>·</em></span> <span class='ocrx_word' id='word_1_399' title='bbox 772 4379 886 4424; x_wconf 73' lang='lat' dir='ltr'><strong>mentm.</strong></span> <span class='ocrx_word' id='word_1_400' title='bbox 922 4369 1042 4421; x_wconf 79' lang='lat' dir='ltr'><strong>Gamales</strong></span> <span class='ocrx_word' id='word_1_401' title='bbox 1060 4369 1093 4420; x_wconf 83' lang='lat' dir='ltr'><strong>u.</strong></span> <span class='ocrx_word' id='word_1_402' title='bbox 1135 4371 1189 4424; x_wconf 82' lang='lat' dir='ltr'><strong>llos</strong></span> <span class='ocrx_word' id='word_1_403' title='bbox 1208 4375 1235 4423; x_wconf 89' lang='lat' dir='ltr'><strong>tn</strong></span> <span class='ocrx_word' id='word_1_404' title='bbox 1253 4376 1450 4438; x_wconf 83' lang='lat' dir='ltr'><strong>distinguendis</strong></span> <span class='ocrx_word' id='word_1_405' title='bbox 1467 4375 1510 4426; x_wconf 80' lang='lat' dir='ltr'><strong>his</strong></span> 
     </span>
     <span class='ocr_line' id='line_1_41' title="bbox 193 4440 1509 4509; baseline 0.002 -14"><span class='ocrx_word' id='word_1_406' title='bbox 193 4446 282 4496; x_wconf 80' lang='lat' dir='ltr'><strong>verbis</strong></span> <span class='ocrx_word' id='word_1_407' title='bbox 300 4445 385 4496; x_wconf 82' lang='lat' dir='ltr'><strong>secuti</strong></span> <span class='ocrx_word' id='word_1_408' title='bbox 403 4456 496 4492; x_wconf 85' lang='lat' dir='ltr'><strong>sumus</strong></span> <span class='ocrx_word' id='word_1_409' title='bbox 514 4443 692 4494; x_wconf 82' lang='lat' dir='ltr'><strong>Cratandrum</strong></span> <span class='ocrx_word' id='word_1_410' title='bbox 710 4449 736 4494; x_wconf 85' lang='lat' dir='ltr'><strong>et</strong></span> <span class='ocrx_word' id='word_1_411' title='bbox 754 4443 926 4493; x_wconf 80' lang='lat' dir='ltr'><strong>anhiuuan.</strong></span> <span class='ocrx_word' id='word_1_412' title='bbox 950 4465 985 4474; x_wconf 98' lang='lat'>—</span> <span class='ocrx_word' id='word_1_413' title='bbox 1021 4440 1064 4490; x_wconf 79' lang='grc'><strong>19.</strong></span> <span class='ocrx_word' id='word_1_414' title='bbox 1082 4442 1200 4492; x_wconf 80' lang='lat' dir='ltr'><strong>Primum</strong></span> <span class='ocrx_word' id='word_1_415' title='bbox 1216 4443 1294 4496; x_wconf 76' lang='lat' dir='ltr'><strong>Mul:</strong></span> <span class='ocrx_word' id='word_1_416' title='bbox 1311 4449 1399 4509; x_wconf 66' lang='lat' dir='ltr'><strong>ptimo</strong></span> <span class='ocrx_word' id='word_1_417' title='bbox 1416 4447 1447 4497; x_wconf 83' lang='lat' dir='ltr'><strong>B.</strong></span> <span class='ocrx_word' id='word_1_418' title='bbox 1477 4467 1509 4482; x_wconf 95' lang='lat'>-</span> 
     </span>
     <span class='ocr_line' id='line_1_42' title="bbox 192 4510 1509 4577; baseline 0.001 -12"><span class='ocrx_word' id='word_1_419' title='bbox 192 4517 287 4566; x_wconf 80' lang='lat' dir='ltr'><strong>stom</strong></span> <span class='ocrx_word' id='word_1_420' title='bbox 307 4515 329 4564; x_wconf 86' lang='lat'><strong>1.</strong></span> <span class='ocrx_word' id='word_1_421' title='bbox 357 4537 390 4551; x_wconf 96' lang='lat'>-</span> <span class='ocrx_word' id='word_1_422' title='bbox 424 4519 505 4563; x_wconf 73' lang='lat' dir='ltr'><strong>urant</strong></span> <span class='ocrx_word' id='word_1_423' title='bbox 525 4512 564 4564; x_wconf 81' lang='grc' dir='ltr'><strong>Μ.</strong></span> <span class='ocrx_word' id='word_1_424' title='bbox 592 4535 622 4547; x_wconf 89' lang='grc'>-</span> <span class='ocrx_word' id='word_1_425' title='bbox 660 4513 703 4563; x_wconf 75' lang='lat' dir='ltr'><strong>tt.</strong></span> <span class='ocrx_word' id='word_1_426' title='bbox 723 4515 811 4562; x_wconf 76' lang='lat' dir='ltr'><strong>Ateius</strong></span> <span class='ocrx_word' id='word_1_427' title='bbox 829 4512 887 4562; x_wconf 75' lang='lat' dir='ltr'><strong>um</strong></span> <span class='ocrx_word' id='word_1_428' title='bbox 906 4510 1063 4572; x_wconf 78' lang='lat' dir='ltr'><strong>oteiapr.</strong></span> <span class='ocrx_word' id='word_1_429' title='bbox 1082 4510 1127 4571; x_wconf 78' lang='lat' dir='ltr'><strong>hl,</strong></span> <span class='ocrx_word' id='word_1_430' title='bbox 1151 4517 1218 4564; x_wconf 76' lang='lat' dir='ltr'><strong>areo</strong></span> <span class='ocrx_word' id='word_1_431' title='bbox 1235 4527 1306 4566; x_wconf 88' lang='lat' dir='ltr'><strong>corr.</strong></span> <span class='ocrx_word' id='word_1_432' title='bbox 1325 4517 1370 4577; x_wconf 81' lang='lat' dir='ltr'><strong>bl,</strong></span> <span class='ocrx_word' id='word_1_433' title='bbox 1388 4523 1469 4568; x_wconf 80' lang='lat' dir='ltr'><strong>antea</strong></span> <span class='ocrx_word' id='word_1_434' title='bbox 1486 4513 1509 4566; x_wconf 93' lang='lat'><strong>1.</strong></span> 
     </span>
    </p>

    <p class='ocr_par' dir='ltr' id='par_1_8' title="bbox 193 4579 1511 4717">
     <span class='ocr_line' id='line_1_43' title="bbox 195 4579 1510 4649; baseline 0.002 -15"><span class='ocrx_word' id='word_1_435' title='bbox 195 4609 225 4622; x_wconf 87' lang='lat'><strong>-·</strong></span> <span class='ocrx_word' id='word_1_436' title='bbox 245 4587 334 4635; x_wconf 81' lang='lat' dir='ltr'><strong>docere</strong></span> <span class='ocrx_word' id='word_1_437' title='bbox 351 4585 414 4633; x_wconf 77' lang='lat' dir='ltr'><strong>mibi</strong></span> <span class='ocrx_word' id='word_1_438' title='bbox 433 4584 454 4632; x_wconf 93' lang='lat' dir='ltr'><strong>l.</strong></span> <span class='ocrx_word' id='word_1_439' title='bbox 487 4607 520 4618; x_wconf 84' lang='grc'><strong>--</strong></span> <span class='ocrx_word' id='word_1_440' title='bbox 556 4583 705 4645; x_wconf 75' lang='lat' dir='ltr'><strong>videriaQ:</strong></span> <span class='ocrx_word' id='word_1_441' title='bbox 728 4581 888 4642; x_wconf 67' lang='lat' dir='ltr'><strong>vidam,</strong></span> <span class='ocrx_word' id='word_1_442' title='bbox 908 4579 1037 4630; x_wconf 79' lang='lat' dir='ltr'><strong>uidebaris</strong></span> <span class='ocrx_word' id='word_1_443' title='bbox 1055 4580 1122 4632; x_wconf 79' lang='lat' dir='ltr'><strong>mu.</strong></span> <span class='ocrx_word' id='word_1_444' title='bbox 1157 4606 1183 4618; x_wconf 91' lang='lat'><em>-</em></span> <span class='ocrx_word' id='word_1_445' title='bbox 1221 4585 1264 4635; x_wconf 75' lang='lat' dir='ltr'><strong>ld.</strong></span> <span class='ocrx_word' id='word_1_446' title='bbox 1284 4599 1404 4649; x_wconf 80' lang='lat' dir='ltr'><strong>agoom.</strong></span> <span class='ocrx_word' id='word_1_447' title='bbox 1424 4587 1446 4637; x_wconf 93' lang='lat' dir='ltr'><strong>l.</strong></span> <span class='ocrx_word' id='word_1_448' title='bbox 1476 4609 1510 4621; x_wconf 91' lang='lat'>-</span> 
     </span>
     <span class='ocr_line' id='line_1_44' title="bbox 193 4645 1511 4717; baseline 0 -12"><span class='ocrx_word' id='word_1_449' title='bbox 193 4655 237 4705; x_wconf 79' lang='lat' dir='ltr'><strong>ts.</strong></span> <span class='ocrx_word' id='word_1_450' title='bbox 256 4652 323 4717; x_wconf 78' lang='lat' dir='ltr'><strong>man]</strong></span> <span class='ocrx_word' id='word_1_451' title='bbox 343 4657 371 4703; x_wconf 81' lang='lat' dir='ltr'><strong>in</strong></span> <span class='ocrx_word' id='word_1_452' title='bbox 391 4668 422 4703; x_wconf 84' lang='lat' dir='ltr'><strong>eo</strong></span> <span class='ocrx_word' id='word_1_453' title='bbox 440 4653 491 4704; x_wconf 82' lang='lat' dir='ltr'><strong>Ml.</strong></span> <span class='ocrx_word' id='word_1_454' title='bbox 519 4677 551 4688; x_wconf 94' lang='lat'>-</span> <span class='ocrx_word' id='word_1_455' title='bbox 586 4653 675 4717; x_wconf 71' lang='lat' dir='ltr'><strong>infusa</strong></span> <span class='ocrx_word' id='word_1_456' title='bbox 692 4652 738 4702; x_wconf 84' lang='lat' dir='ltr'><strong>ut.</strong></span> <span class='ocrx_word' id='word_1_457' title='bbox 765 4675 796 4689; x_wconf 91' lang='lat'><em>-</em></span> <span class='ocrx_word' id='word_1_458' title='bbox 833 4652 876 4702; x_wconf 82' lang='grc'><strong>19.</strong></span> <span class='ocrx_word' id='word_1_459' title='bbox 895 4645 1101 4702; x_wconf 75' lang='grc' dir='ltr'><em>ἀναντίλεκτον</em></span> <span class='ocrx_word' id='word_1_460' title='bbox 1119 4651 1266 4705; x_wconf 83' lang='lat' dir='ltr'><strong>Victorias:</strong></span> <span class='ocrx_word' id='word_1_461' title='bbox 1296 4649 1449 4708; x_wconf 70' lang='grc' dir='ltr'><em>α’ντίνκτον</em></span> <span class='ocrx_word' id='word_1_462' title='bbox 1466 4657 1511 4706; x_wconf 78' lang='lat' dir='ltr'><strong>vel</strong></span> 
     </span>
    </p>
   </div>
   <div class='ocr_carea' id='block_1_7' title="bbox 193 4715 1511 5142">
    <p class='ocr_par' dir='ltr' id='par_1_9' title="bbox 193 4715 1511 5142">
     <span class='ocr_line' id='line_1_45' title="bbox 193 4715 1511 4792; baseline 0.002 -18"><span class='ocrx_word' id='word_1_463' title='bbox 193 4720 329 4776; x_wconf 72' lang='grc' dir='ltr'><em>ἀνὶεκτον</em></span> <span class='ocrx_word' id='word_1_464' title='bbox 354 4722 448 4788; x_wconf 62' lang='lat' dir='ltr'><strong>biom,</strong></span> <span class='ocrx_word' id='word_1_465' title='bbox 480 4715 674 4774; x_wconf 76' lang='grc' dir='ltr'><em>ἀντείσακνον</em></span> <span class='ocrx_word' id='word_1_466' title='bbox 700 4735 761 4771; x_wconf 90' lang='lat' dir='ltr'><strong>cum</strong></span> <span class='ocrx_word' id='word_1_467' title='bbox 789 4722 855 4774; x_wconf 80' lang='lat' dir='ltr'><strong>cod.</strong></span> <span class='ocrx_word' id='word_1_468' title='bbox 884 4720 989 4792; x_wconf 73' lang='lat' dir='ltr'><strong>Bessan</strong></span> <span class='ocrx_word' id='word_1_469' title='bbox 1018 4720 1057 4781; x_wconf 81' lang='lat' dir='ltr'><strong>lt,</strong></span> <span class='ocrx_word' id='word_1_470' title='bbox 1085 4735 1140 4772; x_wconf 89' lang='lat' dir='ltr'><strong>om.</strong></span> <span class='ocrx_word' id='word_1_471' title='bbox 1170 4724 1216 4774; x_wconf 83' lang='lat' dir='ltr'><strong>ltl.</strong></span> <span class='ocrx_word' id='word_1_472' title='bbox 1248 4747 1280 4760; x_wconf 91' lang='lat'>-</span> <span class='ocrx_word' id='word_1_473' title='bbox 1315 4726 1359 4776; x_wconf 78' lang='lat'><strong>2⁰.</strong></span> <span class='ocrx_word' id='word_1_474' title='bbox 1387 4729 1511 4777; x_wconf 69' lang='lat' dir='ltr'><strong>amulcutt</strong></span> 
     </span>
     <span class='ocr_line' id='line_1_46' title="bbox 193 4791 1509 4862; baseline 0.002 -17"><span class='ocrx_word' id='word_1_475' title='bbox 193 4794 244 4845; x_wconf 80' lang='lat' dir='ltr'><strong>blt.</strong></span> <span class='ocrx_word' id='word_1_476' title='bbox 266 4819 295 4830; x_wconf 97' lang='lat'>-</span> <span class='ocrx_word' id='word_1_477' title='bbox 333 4793 464 4844; x_wconf 78' lang='lat' dir='ltr'><strong>cicerones</strong></span> <span class='ocrx_word' id='word_1_478' title='bbox 482 4798 592 4842; x_wconf 79' lang='lat' dir='ltr'><strong>auctore</strong></span> <span class='ocrx_word' id='word_1_479' title='bbox 610 4791 732 4843; x_wconf 77' lang='lat' dir='ltr'><strong>Manutto</strong></span> <span class='ocrx_word' id='word_1_480' title='bbox 751 4791 788 4842; x_wconf 79' lang='lat' dir='ltr'><strong>lta</strong></span> <span class='ocrx_word' id='word_1_481' title='bbox 807 4793 884 4842; x_wconf 71' lang='lat' dir='ltr'><strong>uteri</strong></span> <span class='ocrx_word' id='word_1_482' title='bbox 901 4804 988 4841; x_wconf 79' lang='lat' dir='ltr'><strong>munes</strong></span> <span class='ocrx_word' id='word_1_483' title='bbox 1005 4803 1068 4840; x_wconf 74' lang='lat' dir='ltr'><strong>cun</strong></span> <span class='ocrx_word' id='word_1_484' title='bbox 1088 4791 1163 4843; x_wconf 84' lang='lat' dir='ltr'><strong>llbrls</strong></span> <span class='ocrx_word' id='word_1_485' title='bbox 1181 4794 1227 4845; x_wconf 88' lang='lat' dir='ltr'><strong>ltl.</strong></span> <span class='ocrx_word' id='word_1_486' title='bbox 1259 4817 1288 4830; x_wconf 92' lang='lat'><em>-</em></span> <span class='ocrx_word' id='word_1_487' title='bbox 1324 4795 1509 4862; x_wconf 62' lang='grc' dir='ltr'><strong>99141ιί1.</strong></span> 
     </span>
     <span class='ocr_line' id='line_1_47' title="bbox 194 4857 1509 4932; baseline 0.003 -19"><span class='ocrx_word' id='word_1_488' title='bbox 194 4889 226 4900; x_wconf 91' lang='lat'><em>—</em></span> <span class='ocrx_word' id='word_1_489' title='bbox 253 4865 433 4926; x_wconf 69' lang='lat' dir='ltr'><strong>maumam</strong></span> <span class='ocrx_word' id='word_1_490' title='bbox 459 4862 493 4912; x_wconf 85' lang='lat' dir='ltr'><strong>lt.</strong></span> <span class='ocrx_word' id='word_1_491' title='bbox 522 4887 553 4898; x_wconf 90' lang='lat'><em>-</em></span> <span class='ocrx_word' id='word_1_492' title='bbox 589 4861 633 4912; x_wconf 73' lang='grc'><strong>91.</strong></span> <span class='ocrx_word' id='word_1_493' title='bbox 652 4875 709 4912; x_wconf 82' lang='lat' dir='ltr'><strong>sum</strong></span> <span class='ocrx_word' id='word_1_494' title='bbox 726 4857 799 4924; x_wconf 80' lang='lat' dir='ltr'><strong>aaa]</strong></span> <span class='ocrx_word' id='word_1_495' title='bbox 824 4875 925 4912; x_wconf 83' lang='lat' dir='ltr'><strong>summo</strong></span> <span class='ocrx_word' id='word_1_496' title='bbox 957 4875 997 4924; x_wconf 86' lang='lat' dir='ltr'><strong>pr.</strong></span> <span class='ocrx_word' id='word_1_497' title='bbox 1015 4860 1053 4912; x_wconf 82' lang='lat' dir='ltr'><strong>ll·</strong></span> <span class='ocrx_word' id='word_1_498' title='bbox 1085 4885 1116 4898; x_wconf 90' lang='lat'><em>-</em></span> <span class='ocrx_word' id='word_1_499' title='bbox 1152 4863 1196 4914; x_wconf 77' lang='lat'><strong>25.</strong></span> <span class='ocrx_word' id='word_1_500' title='bbox 1215 4862 1460 4932; x_wconf 75' lang='grc' dir='ltr'><strong>νιδιτηγηεζησασ</strong></span> <span class='ocrx_word' id='word_1_501' title='bbox 1476 4867 1509 4918; x_wconf 82' lang='lat' dir='ltr'><strong>a.</strong></span> 
     </span>
     <span class='ocr_line' id='line_1_48' title="bbox 193 4927 1509 5001; baseline 0.002 -17"><span class='ocrx_word' id='word_1_502' title='bbox 193 4936 265 4992; x_wconf 86' lang='lat' dir='ltr'><strong>tom.</strong></span> <span class='ocrx_word' id='word_1_503' title='bbox 284 4929 325 4996; x_wconf 92' lang='lat' dir='ltr'><strong>t.)</strong></span> <span class='ocrx_word' id='word_1_504' title='bbox 353 4957 386 4966; x_wconf 91' lang='lat'><em>-</em></span> <span class='ocrx_word' id='word_1_505' title='bbox 421 4931 466 4982; x_wconf 75' lang='grc'><strong>99.</strong></span> <span class='ocrx_word' id='word_1_506' title='bbox 485 4927 572 4993; x_wconf 64' lang='lat' dir='ltr'><strong>mm]</strong></span> <span class='ocrx_word' id='word_1_507' title='bbox 599 4945 656 4982; x_wconf 82' lang='lat' dir='ltr'><strong>eom</strong></span> <span class='ocrx_word' id='word_1_508' title='bbox 675 4945 715 4995; x_wconf 82' lang='lat' dir='ltr'><strong>pr.</strong></span> <span class='ocrx_word' id='word_1_509' title='bbox 735 4931 772 4983; x_wconf 84' lang='lat' dir='ltr'><strong>hl.</strong></span> <span class='ocrx_word' id='word_1_510' title='bbox 793 4955 824 4968; x_wconf 90' lang='lat'><strong>··</strong></span> <span class='ocrx_word' id='word_1_511' title='bbox 860 4931 1073 4984; x_wconf 76' lang='lat' dir='ltr'><strong>2⁸1.amsnanm</strong></span> <span class='ocrx_word' id='word_1_512' title='bbox 1098 4931 1172 4984; x_wconf 77' lang='lat' dir='ltr'><strong>blltl.</strong></span> <span class='ocrx_word' id='word_1_513' title='bbox 1205 4959 1235 4971; x_wconf 98' lang='lat'>-</span> <span class='ocrx_word' id='word_1_514' title='bbox 1272 4934 1316 4985; x_wconf 75' lang='grc'><strong>98.</strong></span> <span class='ocrx_word' id='word_1_515' title='bbox 1335 4939 1451 5001; x_wconf 71' lang='lat' dir='ltr'><strong>occasuro</strong></span> <span class='ocrx_word' id='word_1_516' title='bbox 1471 4937 1509 4989; x_wconf 83' lang='lat' dir='ltr'><strong>u.</strong></span> 
     </span>
     <span class='ocr_line' id='line_1_49' title="bbox 196 5000 1510 5062; baseline 0.002 -8"><span class='ocrx_word' id='word_1_517' title='bbox 196 5029 223 5042; x_wconf 91' lang='lat'><em>-</em></span> <span class='ocrx_word' id='word_1_518' title='bbox 245 5017 264 5054; x_wconf 83' lang='lat' dir='ltr'><strong>a</strong></span> <span class='ocrx_word' id='word_1_519' title='bbox 281 5003 380 5054; x_wconf 71' lang='lat' dir='ltr'><strong>uuam</strong></span> <span class='ocrx_word' id='word_1_520' title='bbox 396 5002 444 5062; x_wconf 80' lang='lat' dir='ltr'><strong>ht,</strong></span> <span class='ocrx_word' id='word_1_521' title='bbox 471 5004 588 5054; x_wconf 68' lang='grc' dir='ltr'><strong>αἰτίων</strong></span> <span class='ocrx_word' id='word_1_522' title='bbox 606 5000 650 5051; x_wconf 78' lang='lat' dir='ltr'><strong>fll.</strong></span> <span class='ocrx_word' id='word_1_523' title='bbox 681 5027 713 5040; x_wconf 91' lang='lat'><strong>·-</strong></span> <span class='ocrx_word' id='word_1_524' title='bbox 748 5001 792 5052; x_wconf 83' lang='grc'><strong>31.</strong></span> <span class='ocrx_word' id='word_1_525' title='bbox 811 5001 888 5052; x_wconf 77' lang='lat' dir='ltr'><strong>uam</strong></span> <span class='ocrx_word' id='word_1_526' title='bbox 904 5001 1060 5056; x_wconf 75' lang='lat' dir='ltr'><strong>Manutiusa</strong></span> <span class='ocrx_word' id='word_1_527' title='bbox 1093 5001 1163 5052; x_wconf 80' lang='lat' dir='ltr'><strong>Tunc</strong></span> <span class='ocrx_word' id='word_1_528' title='bbox 1188 5017 1251 5054; x_wconf 85' lang='lat' dir='ltr'><strong>cum</strong></span> <span class='ocrx_word' id='word_1_529' title='bbox 1277 5004 1354 5055; x_wconf 83' lang='lat' dir='ltr'><strong>libris</strong></span> <span class='ocrx_word' id='word_1_530' title='bbox 1381 5006 1447 5058; x_wconf 74' lang='lat' dir='ltr'><strong>utu.</strong></span> <span class='ocrx_word' id='word_1_531' title='bbox 1478 5029 1510 5044; x_wconf 92' lang='lat'>-</span> 
     </span>
     <span class='ocr_line' id='line_1_50' title="bbox 193 5071 1510 5142; baseline 0.003 -17"><span class='ocrx_word' id='word_1_532' title='bbox 193 5071 1510 5142; x_wconf 61' lang='lat' dir='ltr'><strong>monomachorum-semitas.-atsatoqtpntt-aauaoamt.</strong></span> 
     </span>
    </p>
   </div>
   <div class='ocr_carea' id='block_1_8' title="bbox 0 0 1844 5924">
    <p class='ocr_par' dir='ltr' id='par_1_10' title="bbox 0 0 1844 5924">
     <span class='ocr_line' id='line_1_51' title="bbox 0 0 1844 5924; baseline 0 0"><span class='ocrx_word' id='word_1_533' title='bbox 0 0 1844 5924; x_wconf 95' lang='lat' dir='ltr'><strong> </strong></span> 
     </span>
    </p>
   </div>
  </div>
 </body>
</html>
