3658 5930
620 468 693 530 LlB.
716 467 798 530 xlv.
840 469 899 530 ΕΡ.
923 469 972 530 11.
999 467 1047 528 12.
1076 469 1124 529 13.
1443 467 1505 529 697

179 625 250 691 dem
280 624 329 690 sui
357 627 521 690 Caesarem
549 622 738 698 salutabant,
775 622 937 710 Philippus
963 615 1067 722 noaz)
1080 623 1185 709 itaque
1213 646 1253 690 ne
1280 643 1339 691 nos
1361 624 1504 712 quidem;
1563 621 1640 714 ..ᾧ

179 741 273 807 quem
295 736 377 803 nego
398 737 491 803 posse
513 737 582 782 esse
605 716 723 784 bonum
745 723 861 784 civem:
884 719 927 784 ita
948 717 1038 784 multi
1060 717 1277 794 circumstant,
1301 720 1356 806 qni
1377 719 1505 806 quidem
1570 723 1573 733 “

178 812 296 879 nostris
317 821 451 878 mortem
473 810 669 886 minitantur,
699 820 812 896 negant
833 812 911 876 baec
931 809 1010 875 sarri
1030 830 1135 896 posse.
1179 810 1264 888 Quid
1285 833 1410 888 censes,
1433 833 1505 878 cum

177 912 308 974 Romam
338 927 418 992 puer
451 905 596 981 venerit,
629 904 685 973 ubi
714 905 813 970 nostri
841 904 1029 972 liberatores
1059 913 1126 969 tato
1161 924 1229 970 esse
1257 925 1320 971 non
1349 913 1505 992 possuntt

179 1003 241 1078 Qui
270 1001 397 1089 quidem
420 1021 545 1086 semper
566 1010 658 1067 erant
679 1000 770 1078 elari;
799 999 990 1065 conscientia
1017 1019 1094 1064 vero
1123 995 1200 1081 lacti
1225 999 1275 1064 sui
1298 999 1390 1064 etiam
1411 998 1505 1066 beati.
1531 1021 1545 1058 s

179 1095 243 1162 Sed
264 1117 338 1170 nos,
372 1096 503 1160 nisime
525 1093 616 1169 fallit,
650 1092 831 1160 iacebimus.
875 1100 984 1180 ltaque
1006 1092 1095 1158 exire
1118 1109 1214 1168 avec,
1243 1093 1294 1156 ubi
1315 1114 1367 1156 aec
1387 1097 1507 1176 Pelopi-

179 1192 305 1264 darum,
337 1190 447 1276 inquit.
494 1188 585 1254 Haud
608 1209 679 1253 amo
701 1188 751 1254 vel
773 1187 831 1254 bos
853 1185 1050 1272 designatos,
1073 1186 1127 1273 qui
1149 1187 1242 1252 etiam
1266 1185 1441 1251 declamare
1455 1208 1505 1254 me

177 1293 364 1367 coegerunt,
387 1292 422 1348 ut
443 1304 482 1348 ne
505 1282 587 1369 apud
610 1304 706 1370 aquas
727 1281 855 1369 quidem
877 1280 1075 1368 acquiescere
1097 1281 1214 1345 liceret.
1259 1279 1321 1346 Sed
1342 1280 1403 1345 boe
1418 1303 1506 1348 meae

179 1378 293 1444 nimiae
315 1377 480 1444 facilitatis.
536 1383 612 1442 Nam
634 1375 667 1442 id
690 1385 757 1442 erat
778 1375 935 1464 quondam
958 1377 1047 1463 quasi
1069 1395 1213 1452 necesse;
1245 1395 1344 1448 nnnc,
1376 1396 1506 1461 quoquo

179 1472 275 1538 modo
297 1493 331 1536 se
353 1492 404 1537 res
428 1471 535 1546 babet,
558 1493 622 1537 non
646 1480 694 1536 est
715 1469 800 1535 item.
859 1475 889 1537 3.
913 1473 1015 1548 Quam
1038 1470 1156 1535 dudum
1179 1469 1256 1534 nibil
1278 1465 1397 1544 babeo,
1420 1468 1545 1554 quod'w

179 1565 219 1630 ad
241 1575 271 1630 te
292 1564 443 1642 scribam;
475 1564 580 1630 scribo
602 1573 721 1637 tamen,
752 1585 816 1630 non
839 1565 905 1646 †ut
926 1565 1076 1632 delectem
1099 1564 1147 1629 bis
1168 1563 1294 1640 litteris,
1317 1561 1374 1628 sed
1396 1571 1430 1628 ut
1452 1563 1508 1629 eli·

177 1661 258 1725 ciam
292 1669 370 1726 tuas.
424 1665 486 1734 Tu,
514 1659 541 1723 si
574 1658 651 1744 quid
680 1657 739 1722 erit
766 1657 805 1724 de
834 1658 961 1738 ceteris;
997 1658 1036 1725 de
1065 1665 1163 1725 Bruto
1184 1658 1311 1746 utique,
1343 1657 1506 1746 quidquid,

178 1759 264 1820 llaec
285 1752 456 1838 conscripsi
478 1773 512 1818 x.
535 1752 602 1818 Kal.
625 1750 779 1817 accubans
801 1752 884 1842 apud
905 1755 1101 1828 Vestorium,
1125 1751 1287 1819 bominem
1309 1763 1466 1820 remotum
1488 1774 1506 1818 a
1621 1794 1632 1814 .

177 1847 368 1922 dialecticis,
391 1847 422 1912 in
444 1847 646 1913 arithmeticis
668 1847 742 1912 satis
764 1847 981 1912 exercitatum.
1168 1839 1235 1852 „....

637 1989 724 2051 xrrr.
769 1985 827 2068 (a.
853 1991 885 2053 u
908 1991 940 2054 c.
963 1987 1055 2074 ato.)
1519 2014 1545 2052 a

661 2110 804 2176 CICERO
826 2112 970 2176 ATTICO
993 2113 1025 2176 S.

266 2229 293 2292 1.
315 2222 455 2310 Septimo
476 2220 612 2307 denique
634 2219 685 2286 die
707 2221 828 2286 litterae
850 2222 927 2286 mibi
948 2221 1092 2288 redditae
1108 2235 1194 2301 sunt,
1224 2245 1305 2312 quae
1327 2231 1416 2288 crant
1437 2244 1456 2288 a
1476 2233 1507 2289 te

179 2335 258 2384 1111.
281 2317 349 2382 Kal.
371 2315 477 2394 datae;
513 2314 627 2403 quibus
650 2315 775 2403 quaeris
797 2323 890 2401 atque
913 2316 1006 2381 etiam
1028 2338 1078 2382 me
1105 2317 1209 2403 ipsum
1231 2317 1354 2382 nescire
1376 2315 1509 2382 arbitra-

179 2414 240 2486 ris,
262 2419 367 2475 utrum
391 2410 489 2496 magis
511 2409 638 2475 tumulis
659 2419 891 2496 prospectaque
914 2429 952 2474 an
975 2408 1187 2476 ambulatione
1205 2415 1347 2478 ἀλιτενεῑ
1361 2410 1507 2477 delecter.

178 2507 234 2569 Est
263 2502 457 2580 mehercule,
490 2513 525 2570 ut
555 2501 648 2580 dicis,
681 2503 847 2591 utriusque
874 2503 937 2569 loci
958 2512 1043 2570 tanta
1070 2506 1259 2584 amoenitas,
1292 2516 1327 2572 ut
1348 2504 1546 2582 dubitem,m

179 2605 250 2663 utra
271 2597 487 2685 anteponenda
509 2603 559 2664 sit.

347 2755 388 2768 -·-
409 2755 450 2766 -
472 2723 543 2786 ἀλλ’
567 2724 605 2786 οὗ
629 2722 739 2798 δαιτὸς
761 2721 924 2804 ἐπηράτου
946 2720 1030 2807 ἔργα
1051 2728 1207 2804 μέμηλεν,

346 2815 454 2880 Ἀλλὰ
478 2822 547 2895 λίην
567 2829 652 2900 μέγα
675 2821 784 2899 πῆμα,
807 2820 989 2898 διοτρεφές,
1013 2817 1215 2898 stanpensem

350 2912 516 2993 Δείδιμεν·
543 2921 578 2976 ἐν
600 2915 674 2996 δοιῇ
695 2917 730 2976 δὲ
751 2921 921 2992 σαωσέμεν
942 2911 963 2988 ἢ
986 2912 1183 2976 ἀπολέσθαι.

179 3037 210 3098 2.
234 3031 386 3110 Quamvis
415 3031 498 3096 enim
526 3041 560 3096 tn
588 3052 700 3116 magna
729 3040 760 3096 et
781 3029 858 3094 mibi
880 3028 1014 3095 incunda
1037 3029 1202 3116 scripseris
1224 3030 1263 3097 de
1284 3035 1322 3096 1).
1344 3032 1433 3098 Bruti
1454 3031 1547 3104 ad-as

179 3135 275 3191 ventu
304 3125 343 3190 ad
374 3147 446 3190 snas
474 3126 631 3211 legiones,
667 3125 700 3190 in
722 3146 785 3211 qno
808 3144 895 3210 spem
918 3124 1088 3188 maximam
1111 3124 1221 3200 video,
1258 3135 1375 3200 tamem
1412 3127 1440 3191 si
1462 3135 1509 3192 est

179 3219 297 3286 bellum
319 3219 411 3285 civile
433 3219 594 3295 laturam,
625 3219 711 3307 qnod
733 3228 818 3285 certe
841 3219 918 3292 erit,
940 3218 967 3283 si
990 3221 1103 3284 Sextus
1125 3219 1274 3285 inarmis
1296 3219 1506 3305 permanebit,

180 3337 274 3402 mem
297 3333 538 3401 permansurum
561 3335 630 3380 esse
652 3323 739 3379 certo
768 3311 846 3388 scio:
881 3311 957 3397 qnid
981 3311 1073 3377 nobis
1095 3312 1271 3379 laciendum
1294 3314 1349 3389 sit,
1383 3316 1508 3400 ignoro.

179 3413 287 3495 Neque
320 3408 403 3472 enim
432 3407 494 3472 iam
523 3406 648 3483 licebit,
685 3405 770 3494 qnod
793 3406 933 3472 Caesaris
955 3405 1039 3471 bello
1061 3407 1164 3482 licuit,
1198 3429 1300 3494 neque
1323 3407 1384 3472 bne
1405 3429 1508 3493 neque

178 3503 263 3568 illuc.
307 3504 535 3588 Quemcunque
557 3501 639 3567 enim
662 3501 738 3566 baec
759 3520 831 3586 pars
853 3499 1049 3586 perditorum
1072 3500 1219 3566 laetatum
1243 3501 1384 3567 Caesaris
1406 3511 1546 3575 mortem

179 3594 301 3681 putabit
317 3629 358 3640 —
376 3595 522 3660 laetitiam
537 3606 640 3661 autem
664 3595 859 3682 apertissime
878 3593 1005 3659 tulimus
1027 3615 1136 3660 omncs
1158 3629 1197 3642 -
1218 3595 1300 3660 bunc
1321 3595 1354 3660 in
1372 3594 1509 3661 bostium

180 3708 312 3755 numero
335 3688 477 3766 babebit;
510 3710 591 3774 quae
613 3711 664 3754 res
686 3688 725 3753 ad
747 3687 873 3753 caedem
897 3692 1065 3754 maximam
1088 3697 1216 3774 spectat.
1260 3695 1382 3766 Restat,
1419 3699 1454 3754 nt
1475 3694 1509 3754 in

180 3793 280 3848 castra
302 3785 391 3848 Sexti
412 3794 483 3860 aut,
515 3784 542 3848 si
563 3781 661 3860 sorte,
690 3783 858 3849 Bantinos
880 3781 1089 3847 conseramus.
1139 3788 1199 3848 Res
1223 3783 1332 3848 odiosa
1354 3793 1386 3849 et
1407 3784 1509 3850 aliena

181 3877 295 3942 nostris
317 3877 486 3952 aetatibus,
520 3887 551 3942 et
572 3878 694 3944 incerto
716 3877 804 3942 exitu
825 3874 915 3954 belli;
955 3884 986 3940 et
1013 3877 1119 3942 nescio
1150 3898 1214 3964 quo
1243 3887 1333 3963 pacto
1362 3876 1419 3942 tibi
1448 3896 1508 3962 ego

180 3971 315 4056 possim,
339 3971 414 4036 mibi
436 3983 471 4037 tu
493 3971 611 4037 dicere:
1518 3997 1547 4039 ss

253 4118 278 4166 1.
306 4113 364 4180 moa]
393 4131 438 4167 one
464 4119 501 4170 tt.
531 4143 564 4153 -
600 4119 627 4168 2.
656 4132 731 4181 poete
759 4117 929 4166 essebonum
959 4114 1122 4166 Lambinus:
1151 4131 1227 4179 pesae
1245 4117 1340 4166 tonum
1356 4116 1454 4166 bllllli.
1477 4143 1507 4174 -,-

1306 4185 1382 4234 buius

181 4253 239 4320 quil
258 4256 301 4304 cui
318 4255 363 4306 ill.
390 4283 418 4294 -
457 4259 483 4308 3.
504 4260 590 4308 nostra·
607 4258 681 4310 billi.
702 4281 730 4294 -
769 4257 938 4304 minitentur.
975 4255 1080 4317 Nequnt
1098 4255 1128 4305 E.
1151 4281 1179 4291 -
1225 4260 1305 4320 nepot
1323 4257 1366 4306 bea
1387 4254 1453 4318 ferti
1470 4257 1507 4318 tt,

181 4334 261 4390 nepot
290 4326 352 4376 buce
382 4329 441 4392 pieri
467 4330 513 4379 lll.
545 4329 588 4380 tllt
614 4341 679 4386 nos,
706 4327 772 4380 XL.)
805 4349 835 4361 -
876 4325 903 4374 le.
931 4324 969 4374 ibi
992 4325 1023 4373 li.
1055 4350 1087 4360 -
1125 4331 1181 4374 tuto
1210 4325 1252 4375 li:
1281 4328 1335 4376 tuti
1364 4325 1407 4376 lll.
1457 4325 1508 4388 (De

182 4395 210 4445 M
230 4409 283 4446 non
303 4397 407 4461 liquet.)
437 4423 467 4432 -
503 4399 633 4461 poseant?
666 4398 773 4460 Quidem
790 4409 891 4457 semper
909 4395 920 4443 l
939 4401 964 4445 et
984 4409 1024 4457 pr·
1044 4397 1089 4450 bt,
1120 4396 1251 4456 possunt?
1286 4395 1389 4459 Semper
1407 4397 1509 4459 quidem

182 4467 248 4516 liet
267 4480 334 4518 corr.
355 4468 392 4518 bl·
412 4493 445 4502 -
471 4469 496 4517 a.
518 4468 726 4530 Pelopidarum
745 4468 767 4516 l.
790 4491 819 4502 -
846 4467 872 4514 7.
893 4465 983 4527 inquit
999 4469 1155 4528 suspectum
1177 4465 1310 4516 Ernestio.
1332 4491 1361 4502 -
1389 4468 1431 4516 10.
1451 4467 1509 4517 lem

182 4536 280 4584 dadum
300 4539 415 4600 Pnpma,
449 4539 612 4602 Quemquam
635 4539 735 4587 dudum
760 4537 781 4586 l.
802 4537 831 4586 p,
852 4536 989 4585 Gronovio
1014 4543 1124 4586 auctore
1149 4536 1316 4586 Schuetzius.
1353 4534 1408 4586 ctr.
1429 4537 1509 4588 Hand

181 4607 259 4656 Tura.
282 4607 317 4657 ll.
339 4623 365 4670 p.
385 4609 445 4657 ³02.
478 4634 506 4644 -
545 4611 588 4658 11.
608 4614 637 4656 et
654 4609 765 4657 delecter
785 4607 824 4655 bie
844 4606 897 4664 ill,
928 4613 959 4656 ut
977 4607 1086 4656 delecter
1103 4607 1165 4654 mma
1183 4607 1341 4665 Manutius,
1367 4614 1397 4656 ut
1423 4613 1449 4656 te
1467 4609 1510 4657 de-

180 4678 271 4726 lectem
288 4679 328 4727 iaie
349 4693 403 4740 mg.
425 4680 528 4740 Repett.
550 4679 664 4736 Lamb.,
684 4679 755 4741 qnod
777 4675 913 4725 malimus.
941 4700 971 4711 -
1009 4679 1053 4728 12.
1073 4675 1205 4739 quidquid
1223 4677 1273 4726 erit
1292 4677 1323 4726 ll.
1346 4701 1377 4712 —
1405 4677 1448 4727 ta.
1468 4684 1510 4727 tu·

179 4748 266 4797 mulus
295 4749 316 4797 l.
349 4773 382 4784 -
419 4743 546 4798 ἁλιτενει·
571 4762 625 4798 om.
652 4749 682 4799 ll.
708 4773 736 4783 --
774 4747 816 4796 20.
846 4741 903 4806 Eat]
931 4745 966 4795 Et
991 4749 1022 4798 tt.
1057 4771 1086 4781 -
1134 4749 1285 4796 amoenitas
1313 4752 1390 4797 tanta
1414 4748 1445 4797 ll.
1477 4773 1507 4786 -·

180 4817 224 4867 22.
257 4817 361 4868 Graeca
388 4833 444 4867 om.
472 4819 504 4867 tt.
536 4841 568 4853 ·-
605 4818 648 4867 28.
676 4826 742 4867 certe
771 4815 847 4865 Mill·
886 4813 931 4877 (Ut
957 4831 1021 4877 uos,
1053 4816 1223 4870 Lambinus.)
1252 4841 1282 4852 -
1325 4819 1359 4865 eit
1389 4817 1509 4868 Cnrrado

182 4893 291 4937 anctore
311 4889 475 4938 Lambinus:
496 4894 531 4938 eet
550 4889 646 4938 bltllli.
668 4912 698 4923 -
718 4888 761 4938 29.
777 4886 842 4935 betto
859 4886 916 4934 inm
933 4887 1006 4938 licuit
1026 4887 1046 4935 l.
1071 4910 1098 4921 -
1121 4885 1164 4936 30.
1186 4881 1375 4950 Quemcunque]
1395 4888 1507 4948 quietem.

182 4959 294 5021 Cumque
314 4973 353 5021 pr.
374 4959 411 5008 bl.
434 4985 465 4994 -
503 4961 625 5007 Caesarie
650 4963 732 5006 morte
749 4957 816 5008 bill:
847 4963 932 5006 morte
951 4957 1070 5010 Caeam
1091 4954 1134 5003 lli.
1161 4981 1179 4988 ··
1224 4957 1266 5006 31.
1284 4958 1391 5020 putavit
1408 4957 1454 5006 ill.
1480 4981 1507 4992 -

182 5031 250 5077 Ante
278 5029 387 5077 tulimus
416 5029 529 5078 fortasse
558 5028 656 5078 excidit
681 5027 847 5090 praenotate.
868 5025 919 5076 Oa.
942 5053 970 5065 -
1008 5029 1051 5076 att.
1072 5027 1094 5073 ei
1113 5039 1168 5074 om.
1190 5026 1211 5074 l.
1247 5051 1273 5062 -
1310 5038 1359 5074 reae
1387 5039 1442 5076 om.
1467 5041 1508 5092 pr.

182 5097 218 5146 tt.
237 5119 270 5134 -
306 5099 349 5150 at.
370 5107 393 5149 et
413 5106 476 5149 ante
494 5102 592 5150 lacerto
610 5099 704 5148 malim
724 5097 852 5149 deletum.
874 5097 924 5147 On.
