3668 5936
714 435 787 524 nra.
808 438 847 498 v.
889 437 948 500 nr.
973 435 1021 498 tt.
1047 436 1094 498 ts.
1485 438 1548 502 err

219 613 260 658 ne
280 590 412 657 minimo
434 587 563 676 quidem
585 587 645 655 luit
666 590 815 676 sumptui.
859 593 959 677 Spero
980 613 1069 657 meos
1085 611 1196 658 omnes
1210 593 1332 660 servire
1347 595 1431 664 laudi
1447 617 1546 665 meaa.

220 693 336 753 Tamen
358 705 473 769 magno
496 684 611 749 timore
633 705 717 760 sum;
740 684 795 750 sed
817 684 897 751 bene
918 707 1091 772 speramns.
1136 689 1252 752 Omnes
1267 689 1328 754 iam
1344 691 1442 756 nostri
1457 712 1548 777 prae-

219 793 268 847 ter
297 779 433 845 Tullium
459 786 549 844 tuum
582 787 744 846 venerunt.
800 782 874 845 Erat
901 779 979 845 mibi
1008 781 1040 845 in
1069 780 1175 846 animo
1210 791 1295 848 recta
1328 783 1483 868 proticisci
1506 786 1547 852 ad

219 874 409 946 exercitum,
446 872 581 937 aestivos
608 893 731 937 menses
758 873 898 959 reliquos
928 874 975 938 rei
1005 873 1132 938 militari
1160 873 1253 950 dara,
1288 875 1438 942 hibernos
1467 880 1545 944 iuris

218 966 357 1034 dictioni.
399 971 429 1032 3.
452 972 516 1040 Tu,
538 965 649 1040 velim,
672 965 698 1030 si
721 987 771 1030 me
792 965 892 1031 nihilo
913 967 1016 1032 minus
1039 968 1120 1032 nosti
1143 973 1302 1035 curiosum
1316 968 1348 1035 in
1368 992 1404 1035 re
1420 971 1566 1056 publica³

217 1083 311 1148 qnam
334 1071 384 1136 te,
407 1058 525 1126 scribas
547 1057 586 1123 ad
607 1080 658 1124 me
680 1065 801 1135 omnia,
824 1081 904 1146 qnae
926 1061 1003 1132 sint,
1026 1081 1106 1146 quae
1128 1059 1234 1126 lutura
1255 1067 1325 1127 sint.
1370 1063 1450 1128 Nihil
1468 1065 1543 1130 mibi

219 1157 336 1242 gratiam
358 1156 461 1220 iacere
483 1163 589 1239 potem
617 1153 676 1218 nisi
707 1163 809 1219 tamen
831 1153 864 1218 id
890 1155 951 1218 erit
971 1153 1049 1218 mibi
1071 1154 1297 1237 gratissimum,
1320 1157 1362 1231 si,
1385 1179 1466 1244 quae
1487 1159 1544 1224 tibi

218 1248 381 1321 mandavi,
413 1246 602 1324 conieceris;
631 1245 846 1334 imprimisque
868 1247 945 1314 illud
967 1247 1163 1332 ἐνδόμυχον,
1199 1270 1264 1335 quo
1285 1250 1362 1316 mibi
1385 1253 1445 1317 scis
1468 1250 1545 1318 nihil

218 1364 287 1408 esse
309 1343 423 1408 carias.
471 1339 575 1406 Habes
597 1339 759 1426 epistolam
780 1341 903 1429 plenam
925 1340 1130 1408 festinationis
1151 1353 1183 1408 et
1203 1342 1351 1428 pulveris.
1394 1344 1544 1434 Reliquae

217 1435 397 1503 subtiliores
420 1445 520 1502 erunt.
1552 1455 1578 1492 ¹⁴·

690 1550 754 1614 rr.
797 1549 847 1630 (Α.
874 1549 906 1613 o.
930 1549 962 1612 c.
984 1547 1070 1626 τοι.)

701 1670 844 1737 CICERO
866 1671 1011 1736 ATTICO
1033 1673 1066 1735 S.

303 1791 332 1850 1.
354 1781 539 1848 Laodiceam
561 1783 634 1848 veni
655 1781 757 1870 pridie
785 1781 852 1846 Kal.
881 1783 967 1846 Sext
1009 1785 1058 1846 En
1081 1780 1141 1847 boc
1162 1781 1213 1849 die
1235 1784 1357 1852 clavum
1378 1788 1450 1854 anni
1473 1809 1541 1854 mo-

217 1877 315 1947 vebis.
356 1877 436 1942 Nibil
458 1877 635 1964 exoptatius
657 1876 792 1942 adventu
814 1894 901 1948 meo,
932 1873 1009 1940 nibil
1031 1874 1145 1941 carius.
1190 1877 1250 1944 Sed
1272 1889 1320 1945 est
1340 1880 1539 1960 incredibile,

218 1995 312 2062 quam
339 1993 389 2036 me
417 1971 535 2058 negotii
562 1971 694 2038 taedeat
752 1974 819 2034 Non
850 1966 943 2033 babet
970 1970 1044 2034 satis
1074 1989 1220 2054 utagnum
1243 1993 1387 2060 campum
1410 1977 1461 2044 ille
1483 1979 1577 2046 tibio

218 2088 281 2133 non
304 2067 427 2152 ignotus
456 2085 566 2132 cursus
595 2065 707 2141 animi,
737 2073 768 2127 et
788 2061 962 2128 industriae
998 2083 1085 2128 meae
1115 2065 1277 2150 praeclara
1304 2089 1402 2154 opera
1432 2081 1540 2138 cessat.

219 2159 362 2247 Quippe;
384 2159 434 2225 ius
456 2159 628 2224 Laodiceae
650 2156 844 2231 medicare,
867 2177 938 2223 cum
960 2162 1078 2223 Romae
1099 2163 1135 2224 A.
1156 2159 1274 2226 Plotius
1296 2161 1403 2229 dicat?
1423 2175 1539 2232 etcum

216 2253 389 2319 exercitum
420 2263 527 2318 noster
557 2251 675 2318 amicus
702 2249 815 2317 habeat
844 2259 987 2325 tantum,
1023 2272 1074 2316 me
1106 2271 1220 2317 nornen
1258 2253 1374 2323 babere
1404 2258 1540 2326 duarum

216 2347 374 2434 legionum
397 2345 550 2411 exilium?
584 2344 728 2431 Denique
750 2343 827 2410 baec
847 2364 911 2410 non
933 2343 1095 2422 desidero;
1118 2345 1237 2420 lucem,
1260 2347 1382 2424 lorum,
1410 2351 1536 2423 urbem.

214 2441 360 2515 domum,
383 2458 440 2506 vos
466 2437 624 2518 desidero.
676 2438 739 2504 Sed
767 2438 885 2512 leram,
913 2446 948 2503 nt
969 2447 1098 2525 potero;
1132 2442 1171 2504 sit
1197 2441 1293 2506 modo
1315 2463 1463 2512 annuum.
1507 2448 1576 2517 Sim

214 2544 422 2622 prorogatur,
443 2544 547 2598 actum
569 2543 626 2598 est.
669 2538 788 2600 Verum
810 2532 959 2618 perfacile
981 2532 1085 2599 resisti
1107 2543 1225 2618 potest;
1250 2543 1282 2600 tu
1304 2536 1400 2603 modo
1421 2543 1539 2606 Romae

214 2629 267 2694 sis.
310 2629 340 2692 2.
364 2625 512 2706 Quaeris,
535 2627 611 2714 quid
632 2626 683 2693 bic
704 2631 816 2713 agant
839 2631 883 2692 lta
905 2626 1025 2701 vivam,
1051 2635 1086 2694 ut
1107 2628 1261 2694 maximos
1282 2641 1424 2717 sumptus
1446 2633 1538 2701 lacio.

213 2719 345 2788 Mirifice
377 2718 516 2786 delector
550 2721 612 2787 hoc
636 2720 787 2786 instituto.
844 2718 1046 2786 admirabilis
1074 2719 1261 2787 abstinentia
1291 2745 1331 2789 ex
1364 2729 1538 2811 praeceptis

213 2816 291 2894 tuis;
323 2823 505 2889 altercer,
529 2835 568 2881 ne
591 2813 684 2890 illud,
716 2812 803 2901 qnod
825 2823 927 2880 tecum
949 2817 1141 2900 permutavi,
1164 2836 1295 2880 versura
1317 2817 1393 2882 mibi
1415 2821 1537 2886 solven-

213 2907 289 2974 dum
318 2907 368 2972 sit.
423 2909 515 2996 Appii
537 2909 667 2974 vulnera
688 2927 751 2974 non
773 2905 905 2985 refrico;
939 2906 995 2972 sed
1016 2917 1167 2993 apparent
1197 2929 1255 2974 nec
1275 2911 1376 2975 occuli
1397 2924 1576 2999 possuntne

213 3007 245 3068 3.
268 3007 332 3067 lter
352 3001 505 3067 Laodicea
526 3000 678 3067 faciebam
701 3023 731 3066 a.
756 2999 785 3065 d.
810 3019 862 3066 111.
884 3005 962 3066 Non.
977 3005 1074 3074 Sext„
1098 3022 1168 3066 cam
1191 3002 1246 3068 bas
1269 3002 1387 3070 litteras
1408 3003 1537 3081 dabam,

214 3095 247 3160 in
268 3106 368 3162 eastra
391 3096 423 3160 in
445 3096 646 3185 Lycaoniam
674 3093 748 3160 indo
769 3093 809 3158 ad
823 3099 961 3159 Taurum
984 3092 1177 3179 cogitabam,
1199 3104 1234 3160 ut
1254 3117 1326 3163 curu
1346 3102 1538 3186 Moeragene

213 3190 311 3277 signis
331 3191 465 3266 collatis,
488 3191 515 3256 si
537 3209 678 3276 possem,
701 3188 856 3254 deservo
878 3196 934 3253 tuo
956 3187 1144 3254 deciderem.

847 3345 887 3356 -
910 3339 948 3354 -
973 3311 1103 3376 Clitellcc
1123 3312 1189 3374 booi

381 3407 457 3470 Surtt
476 3405 647 3487 impositae,
670 3405 778 3468 ciliane
784 3427 794 3476 ,·
814 3423 876 3467 nore
898 3413 940 3468 est
960 3413 1097 3466 nostram
1117 3423 1202 3469 onus.

213 3524 274 3592 Sed
296 3523 453 3604 ieramus;
484 3523 589 3601 modo,
620 3525 647 3589 si
668 3545 718 3592 me
740 3545 838 3599 amas,
861 3523 919 3590 sim
941 3545 1071 3592 annuus.
1116 3524 1206 3592 Adsis
1227 3533 1262 3592 tu
1284 3525 1323 3592 ad
1346 3536 1479 3616 tempus,
1501 3540 1537 3596 ut

194 3629 354 3687 ·senatum
383 3629 481 3686 totum
510 3617 639 3684 excites.
693 3617 824 3684 Mirifice
854 3617 1004 3683 sollicitus
1033 3639 1119 3693 sum,
1152 3618 1238 3703 quod
1269 3620 1330 3686 iarn
1353 3621 1408 3688 diu
1430 3627 1537 3710 ignota

281 3804 306 3854 l.
326 3815 423 3853 neom.
437 3799 475 3850 Μ.
491 3826 519 3838 -
533 3796 653 3861 mimimo]
667 3814 772 3850 nummo
785 3801 816 3850 a.
833 3826 863 3836 -
881 3801 999 3862 sumptui
1009 3801 1059 3864 (ait
1075 3800 1095 3849 l.
1110 3826 1144 3836 -
1161 3814 1210 3863 per
1217 3815 1287 3852 mooe
1299 3817 1340 3867 pr.
1354 3804 1392 3864 Μ,
1411 3819 1538 3869 eperoeoe

213 3886 283 3923 corr.
297 3874 334 3924 Μ.
347 3899 376 3909 -
398 3873 425 3922 2.
443 3867 588 3935 speramur]
602 3884 731 3932 paramus
742 3869 818 3921 ΜΒΙ.
830 3871 1021 3929 (Emendaturn
1034 3884 1050 3921 ι
1063 3871 1185 3922 Munatio
1198 3878 1224 3922 et
1239 3873 1266 3922 in
1280 3873 1416 3938 30313.
1431 3876 1536 3940 Repeti.

212 3942 319 4002 lamb.)
347 3966 379 3978 -
415 3942 441 3992 3.
464 3941 577 3992 Tattaios
595 3941 749 4004 appellatur
767 3942 838 3991 idem
858 3940 891 3990 ed
918 3941 994 3992 Fam.
1023 3941 1074 4002 ts,
1104 3942 1132 3998 lt,
1152 3943 1178 3993 3.
1206 3967 1240 3976 -
1275 3953 1400 3995 cenerum
1420 3949 1539 3998 malebat

214 4013 362 4064 Ernestius.
384 4035 414 4047 -
451 4019 519 4064 reete
541 4012 585 4068 Μ,
617 4016 699 4067 tracto
723 4025 778 4074 mg·
803 4008 858 4073 Μ,)
877 4017 948 4060 recta
966 4013 1011 4060 tin
1030 4011 1061 4062 il.
1088 4035 1119 4047 -
1154 4012 1182 4062 d.
1202 4010 1277 4076 iuris]
1297 4016 1361 4064 viris
1387 4029 1426 4078 pr.
1446 4016 1483 4066 Μ.
1506 4041 1536 4053 -

210 4084 239 4134 5.
257 4084 380 4134 dictionis
397 4080 435 4133 Μ.
455 4107 483 4118 -
524 4081 551 4132 e.
572 4088 597 4132 te
613 4077 721 4144 aeribus]
740 4081 871 4132 mameae
889 4095 928 4144 pr.
949 4081 986 4131 Μ.
1006 4105 1040 4114 -
1065 4095 1160 4144 quoave
1177 4085 1269 4148 [atara
1288 4083 1311 4134 l.
1332 4109 1360 4122 ··
1382 4086 1409 4136 ’1.
1437 4085 1534 4150 tomen]

211 4161 268 4204 tem
289 4169 315 4204 m
339 4149 404 4216 (sle)
431 4151 468 4202 Μ.
495 4175 525 4188 ···
562 4151 590 4202 S.
610 4153 741 4214 imprimis
759 4152 822 4216 quid
839 4151 906 4202 iliud
923 4151 973 4200 bil.
995 4175 1024 4188 -
1062 4150 1263 4204 ENOMYAON
1277 4153 1315 4204 Μ.
1336 4151 1402 4217 (οιιι.
1426 4155 1482 4220 ill.)
1504 4182 1536 4195 -

209 4223 342 4274 ecietbll.
373 4248 402 4260 -
440 4221 697 4274 amrmemu-
730 4244 763 4258 -·
799 4221 1377 4274 ta.axtoe·--mooeca0m.a1.-
1415 4226 1537 4278 elnooim

212 4289 753 4357 (superscr.cineumianimovertiebl.
776 4285 1080 4354 (emendaremur.)
1109 4314 1139 4326 -
1177 4293 1221 4343 ¹5.
1240 4290 1359 4355 Nomee
1377 4295 1400 4345 1.
1420 4321 1454 4332 ·-
1489 4300 1537 4347 iac·

210 4363 270 4414 beot
288 4365 338 4416 ΜΙ-
369 4387 400 4399 -
443 4363 486 4412 13.
512 4375 615 4412 careum
645 4376 687 4426 pr.
714 4361 752 4412 Μ.
780 4384 815 4398 -
849 4367 925 4412 mutet
947 4360 1020 4410 unt.
1060 4359 1230 4423 (Emendarit
1252 4374 1284 4411 er
1310 4363 1425 4416 lisimet.
1453 4366 1537 4418 Grae·

211 4434 295 4493 vias.)
324 4459 351 4468 -
391 4432 434 4482 l'l.
452 4427 503 4495 ius]
524 4440 548 4482 et
564 4433 600 4482 iis
616 4431 661 4492 Μ,
687 4439 712 4483 et
730 4432 771 4481 bie
789 4431 822 4482 lt.
848 4455 880 4466 -
916 4428 1218 4495 supermemorato
1234 4431 1272 4493 Μ,
1292 4435 1433 4496 Apolliciae
1452 4439 1482 4488 R.
1504 4462 1535 4474 -

211 4506 254 4556 ta.
274 4505 378 4555 enatum
397 4504 429 4552 a.
463 4525 494 4538 -
531 4502 575 4552 21.
597 4501 909 4564 Romueproestcaiel.
936 4525 968 4536 -
1003 4500 1047 4550 22.
1066 4502 1165 4564 [mam
1182 4503 1214 4553 ll.
1236 4526 1267 4538 -
1304 4504 1348 4555 24.
1367 4503 1407 4568 ut]
1426 4515 1474 4557 nat
1494 4523 1534 4573 pr.

210 4575 248 4626 Μ.
279 4601 306 4611 -
344 4572 476 4636 permulta
500 4574 528 4622 oi
552 4571 590 4622 Μ.
618 4595 648 4607 -
684 4572 728 4621 25.
748 4569 904 4633 reiieiobss.
937 4595 971 4604 -
1007 4578 1119 4634 apparet
1138 4573 1171 4623 a.
1202 4596 1233 4607 -
1271 4574 1315 4623 27.
1341 4583 1428 4626 castro
1446 4578 1482 4629 Μ.
1503 4605 1536 4616 -

210 4645 359 4709 Lycaonia:
385 4643 443 4693 inde
455 4644 494 4692 ire
506 4644 542 4692 cd
556 4642 578 4692 l.
594 4665 626 4677 -
643 4641 796 4705 Mosropeue
809 4639 853 4690 XZ
871 4647 897 4690 et
911 4653 981 4690 corr.
996 4638 1036 4700 Μ,
1055 4641 1204 4707 Mosropioe
1224 4657 1264 4706 pr.
1279 4642 1316 4703 Μ,
1329 4645 1490 4712 dloffropine
1504 4649 1535 4708 a,

209 4714 388 4780 Mopdrnpoue
398 4713 419 4763 1.
430 4711 620 4774 (Emendatum
630 4725 661 4760 er
672 4708 717 4772 Y.)
731 4735 764 4746 -
783 4708 827 4760 23.
838 4711 956 4762 decedere
971 4710 1043 4761 lllil·
1056 4709 1190 4770 (Correxit
1201 4713 1364 4778 Manutius.)
1380 4740 1410 4752 -
1430 4717 1474 4768 23.
1486 4719 1538 4770 cu-

210 4785 296 4836 telline
306 4785 342 4834 Μ.
358 4807 388 4820 -
407 4782 466 4833 boni
478 4781 554 4844 Sunt]
569 4781 641 4831 boa-ie
654 4787 685 4831 ut
704 4795 744 4844 pr.
763 4781 801 4832 Μ.
819 4805 848 4817 -
870 4781 913 4831 30.
932 4781 1013 4832 illone
1023 4780 1079 4831 xz!
1092 4789 1198 4832 etcorr·
1214 4783 1257 4845 Μ,
1274 4785 1322 4834 illc
1342 4799 1382 4849 pr.
1395 4787 1434 4847 Μ,
1448 4789 1490 4838 iile
1502 4790 1535 4840 lt.

210 4852 379 4917 (Comectnm
398 4867 429 4903 er
449 4853 479 4903 Y.
519 4851 584 4914 (Cir.
608 4851 726 4914 Spengel
745 4850 778 4900 ed
798 4848 900 4901 Caecil.
920 4851 986 4902 Stat.
1013 4865 1038 4914 p.
1060 4849 1099 4914 9.)
1120 4878 1150 4887 -
1190 4855 1233 4904 st.
1252 4856 1301 4904 eim
1319 4859 1536 4908 eunuuedtenn-

210 4925 281 4976 tins:
306 4926 340 4974 sit
361 4936 446 4973 onnus
464 4922 533 4979 tta,
559 4923 595 4973 sit
612 4935 717 4972 aunam
736 4921 766 4982 1,
795 4921 830 4971 sit
848 4935 965 4972 meeum
983 4935 1044 4972 curn
1064 4922 1148 4975 Cndd.
1168 4923 1282 4988 ΜιΙιιρ.
1304 4926 1335 4976 ll.
1357 4950 1387 4962 -
1424 4921 1536 4981 Δὼίιῖια

210 5001 310 5058 tempor
327 4994 369 5052 Μ,
389 4994 422 5044 At
440 4993 463 5042 et
482 4999 511 5042 to
528 4993 564 5043 nd
583 4999 682 5056 camptu
701 4991 713 5042 l
731 4997 758 5042 et
776 5003 831 5054 mg·
849 4993 888 5046 Μ.
910 5017 940 5030 -
977 4991 1021 5044 32.
1041 4999 1160 5044 ιιιιιιιιιιη
1176 4996 1271 5046 encttm
1289 5009 1330 5059 pr.
1350 4997 1397 5060 Μ,
1415 5008 1536 5052 cerretum

209 5073 283 5118 tuam
301 5067 396 5116 writes
413 5076 485 5115 corr.
505 5062 542 5116 Μ.
565 5085 596 5099 -
631 5064 687 5114 ium
704 5075 759 5114 orn.
778 5061 811 5113 a.
