3662 5908
322 439 385 504 230
753 435 1026 501 EPISTULARUM
1048 437 1100 500 an
1122 435 1213 501 itit.

836 913 988 978 aman
1017 913 1127 980 xm.

501 1139 581 1213 All
620 1138 666 1215 C.
710 1136 1015 1214 mantulum
1054 1136 1131 1213 tiu
1169 1133 1463 1216 CETEROS.

900 1327 1068 1337 ——n—

812 1453 1151 1538 umnam)

695 1581 735 1643 u.
758 1576 900 1642 arcano
923 1577 955 1640 s.
976 1577 1014 1641 o.
1036 1577 1069 1642 c.
1091 1575 1264 1642 mauro.

323 1713 351 1778 l.
395 1691 477 1778 Elui
504 1729 568 1776 uon
596 1709 670 1773 satis
698 1706 776 1772 mibi
804 1710 1005 1782 constiterat,
1040 1726 1111 1772 cnm
1134 1705 1278 1792 aliquaue
1299 1704 1395 1771 animi
1415 1703 1478 1770 mei
1501 1705 1644 1773 molestia

320 1827 359 1870 an
380 1809 485 1892 potius
506 1801 652 1869 lubenter
672 1811 703 1867 te
724 1799 852 1867 Athenis
872 1799 999 1866 visums
1020 1819 1136 1874 essem,
1169 1798 1255 1886 quod
1276 1799 1408 1874 iniuria,
1441 1820 1535 1887 quam
1557 1821 1644 1866 acce-

296 1899 408 1988 spisti,
446 1897 558 1964 dolore
586 1917 637 1963 me
659 1896 812 1969 afficeret,
847 1892 997 1980 sapientia
1019 1903 1092 1969 tua,
1128 1914 1190 1980 qua
1219 1892 1282 1958 lcrs
1303 1893 1469 1970 iniuriam,
1507 1894 1639 1960 laetitia:

319 2002 423 2057 tamen
445 1991 561 2058 vidisse
583 2001 613 2056 te
634 1990 770 2055 mallem.
826 1992 920 2063 Natu,
957 1986 1042 2074 quod
1071 1996 1118 2053 est
1147 1987 1325 2060 molestiae,
1362 2004 1426 2053 non
1447 2007 1523 2054 sane
1544 1989 1643 2054 multo

320 2085 419 2151 levius
441 2094 502 2160 est,
525 2105 597 2150 cum
618 2093 649 2148 te
670 2103 734 2149 non
755 2079 865 2158 video;
894 2081 981 2168 quod
1002 2101 1071 2146 esse
1092 2081 1195 2167 potuit
1215 2081 1402 2167 voluptatis,
1425 2091 1526 2156 certe,
1548 2083 1645 2170 siffi-

318 2177 435 2244 dissem
457 2188 508 2251 tc,
530 2178 601 2264 plus
621 2175 742 2242 luisset.
783 2161 890 2263 itaque
910 2195 974 2240 non
988 2173 1138 2241 dubitabo
1156 2174 1232 2240 dare
1247 2193 1394 2260 operam,
1416 2184 1452 2241 ut
1466 2183 1497 2241 te
1510 2175 1642 2249 videam,

320 2291 392 2336 cum
413 2270 446 2335 id
468 2274 543 2336 satis
564 2269 728 2336 commode
755 2267 859 2334 facere
880 2276 1004 2353 potero.
1055 2273 1193 2344 luteres,
1216 2267 1301 2355 quod
1323 2288 1381 2355 per
1401 2267 1520 2336 litteras
1542 2279 1573 2336 et
1593 2269 1644 2354 agi

286 2391 311 2430 so
321 2371 424 2428 tecum
446 2371 493 2439 et,
515 2372 550 2429 ut
570 2362 727 2438 arbitror,
749 2360 860 2427 confici
881 2370 1000 2447 potest,
1023 2382 1124 2447 agam.
1166 2365 1197 2428 2.
1218 2365 1307 2427 Nunc
1327 2382 1346 2426 a
1366 2371 1398 2427 te
1417 2361 1494 2428 illud
1507 2364 1643 2451 primum

321 2456 457 2542 rogabo,
484 2478 524 2523 ue
546 2457 624 2544 quid
644 2456 760 2522 invitus
780 2475 852 2520 mea
872 2476 966 2521 causa
988 2455 1099 2530 facias,
1121 2455 1176 2520 sed
1197 2455 1245 2532 id,
1269 2454 1355 2543 quod
1376 2476 1446 2522 mea
1466 2456 1643 2542 intelliges,

322 2561 374 2617 tua
402 2551 519 2617 nullam
547 2551 579 2616 in
611 2557 732 2637 partem
760 2549 893 2614 multum
923 2549 1095 2622 iuteresse,
1131 2555 1174 2614 ita
1196 2549 1273 2616 mibi
1295 2548 1370 2626 des,
1407 2549 1435 2616 si
1456 2549 1533 2627 tibi,
1555 2558 1591 2616 ut
1612 2549 1645 2616 id

321 2643 466 2710 lubenter
493 2643 602 2719 ladas,
634 2653 705 2710 ante
735 2643 940 2729 persuaseris.
991 2647 1068 2710 Cum
1097 2647 1231 2709 Patrone
1259 2643 1417 2730 Epicureo
1441 2643 1519 2710 mibi
1540 2643 1645 2711 omnia

322 2745 410 2813 sunt,
431 2738 492 2804 uisi
513 2737 599 2824 quod
620 2738 653 2804 in
673 2736 870 2825 pbilosophis
894 2736 1097 2804 vehementer
1119 2736 1158 2803 ab
1173 2759 1213 2803 eo
1228 2737 1389 2803 dissentio.
1433 2736 1495 2804 Sed
1510 2747 1543 2803 et
1555 2737 1645 2804 initio

288 2857 313 2898 ss
322 2837 456 2907 Romae,
479 2853 550 2899 cnm
567 2841 599 2898 tc
614 2853 742 2921 qaroque
757 2840 789 2896 et
802 2840 873 2896 tuos
888 2851 998 2897 omnes
1012 2829 1216 2906 observabat,
1239 2851 1289 2896 me
1310 2831 1407 2897 coluit
1420 2830 1453 2896 in
1467 2831 1592 2917 primis,
1614 2841 1646 2898 et

323 2943 433 3012 nuper,
459 2945 530 2992 cum
547 2945 594 3000 ea,
617 2945 697 3012 quae
719 2924 828 3000 voluit,
850 2923 889 2990 de
911 2924 976 2990 suis
994 2925 1166 2992 commodis
1182 2934 1213 2990 et
1227 2924 1374 3010 praemiis
1387 2935 1573 2992 consecutus
1587 2933 1644 2999 eat,

323 3041 373 3086 me
394 3016 502 3084 babuit
533 3039 664 3086 suorum
692 3018 894 3084 defensorum
926 3026 958 3084 et
979 3019 1150 3086 amicorum
1172 3018 1240 3084 lere
1260 3018 1454 3104 principem
1491 3028 1523 3085 et
1543 3019 1645 3084 ianas

322 3110 482 3187 Phaedro,
517 3114 572 3200 qui
593 3111 701 3208 nobiq,
735 3133 806 3178 cum
827 3112 918 3199 pueri
940 3133 1096 3190 essemus,
1128 3122 1294 3199 antequam
1314 3107 1476 3179 Philonem
1497 3111 1646 3197 cognovi·

323 3227 409 3281 mus,
423 3207 513 3274 valde
534 3219 569 3274 ut
589 3205 815 3294 philosophus,
843 3215 954 3292 postea
975 3215 1078 3272 tamen
1100 3217 1135 3274 ut
1156 3204 1328 3272 virbonus
1349 3213 1381 3270 et
1400 3206 1504 3273 suavis
1526 3216 1557 3272 et
1578 3206 1645 3272 olli-

286 3338 314 3375 ,ῃ
323 3302 427 3368 diosus
448 3300 658 3388 probabatur,
680 3299 812 3366 traditus
827 3299 904 3364 mibi
917 3300 1217 3387 commendatusque
1239 3306 1296 3365 est.
1338 3303 1369 3365 3.
1390 3303 1420 3364 Is
1434 3299 1531 3384 igitur
1541 3305 1644 3375 Patro,

323 3394 456 3462 eumad
484 3417 536 3462 me
564 3401 694 3462 Romam
724 3393 842 3460 litteras
864 3397 1016 3468 misisset,
1053 3394 1099 3460 uti
1121 3403 1151 3460 te
1173 3392 1232 3458 sibi
1254 3393 1410 3479 placarem
1431 3402 1644 3478 peteremque,

324 3499 359 3556 ut
389 3490 496 3556 nescio
525 3488 600 3576 quid
627 3487 705 3554 illud
726 3485 853 3576 Epicuri
876 3485 1102 3571 parietinarum
1124 3485 1184 3552 sibi
1206 3484 1409 3562 concederes,
1435 3486 1514 3553 nibil
1535 3485 1646 3573 scripsi

324 3583 365 3650 ad
393 3591 425 3650 te
453 3581 495 3648 ob
522 3603 591 3648 eam
620 3603 705 3657 rem,
734 3578 820 3667 quod
854 3578 1078 3647 aedificationis
1099 3591 1169 3646 tuae
1191 3579 1355 3647 consilium
1376 3579 1645 3648 commendatione

324 3697 395 3743 mea
415 3674 560 3743 nolebam
581 3675 737 3762 impediri.
781 3676 885 3755 Idem,
908 3685 944 3741 ut
963 3674 1036 3742 veni
1056 3673 1207 3748 Athenas,
1231 3695 1302 3740 cum
1323 3673 1407 3742 idem
1422 3683 1457 3742 ut
1471 3673 1510 3740 ad
1524 3682 1555 3740 te
1569 3673 1645 3740 scri·

286 3768 433 3840 uberem
464 3777 621 3855 rogasset,
655 3767 696 3835 ob
728 3789 797 3836 cam
829 3791 953 3837 causam
974 3769 1167 3855 impetravit,
1205 3767 1290 3855 quod
1319 3777 1349 3834 te
1378 3768 1529 3834 abiecisse
1561 3768 1645 3834 illam

324 3862 571 3929 aedificationem
587 3861 748 3928 constabat
764 3863 848 3930 inter
861 3885 970 3932 omnes
982 3861 1099 3928 amicos
1115 3871 1195 3929 tuos.
1238 3866 1269 3928 4.
1293 3861 1387 3940 Quod
1408 3863 1435 3928 si
1454 3862 1497 3928 ita
1512 3871 1559 3928 cst
1574 3872 1606 3927 et
1619 3861 1645 3927 si

324 3958 387 4023 iam
410 3965 461 4023 tua
482 3957 573 4043 plane
595 3956 670 4022 nihil
692 3956 841 4035 interest,
864 3959 959 4026 velim
971 4007 988 4040 „
1002 3961 1029 4022 si
1050 3977 1113 4044 qua
1134 3955 1360 4022 offensiuncula
1381 3954 1461 4020 lacta
1483 3966 1530 4022 est
1551 3954 1646 4021 animi

324 4051 370 4118 tui
391 4051 595 4138 perversitate
617 4050 794 4138 aliquorum
816 4089 857 4100 -
879 4052 954 4120 novi
975 4056 1057 4117 enim
1079 4058 1203 4136 gentem
1215 4049 1299 4116 illam
1320 4087 1378 4124 -,
1400 4049 1456 4116 des
1471 4058 1501 4114 te
1515 4048 1555 4115 ad
1568 4048 1645 4116 leui-

325 4155 418 4212 tatem
449 4145 499 4210 vel
528 4154 658 4231 propter
690 4155 775 4211 tuam
803 4167 956 4212 summam
985 4145 1207 4212 humanitatem
1235 4144 1286 4210 vel
1318 4143 1411 4209 etiam
1432 4141 1562 4210 honoris
1583 4139 1647 4208 mei

288 4259 429 4308 ocsusa.
471 4237 639 4324 Equidem,
674 4243 715 4315 si,
748 4239 824 4327 quid
845 4240 912 4326 ipse
933 4243 1080 4313 sentiam,
1114 4235 1256 4324 quaeris,
1291 4257 1365 4312 uec,
1401 4255 1460 4302 cur
1486 4237 1539 4302 ille
1560 4244 1646 4302 tanto

325 4352 422 4418 opere
444 4329 625 4405 contendat,
653 4331 764 4408 video,
798 4353 857 4398 nec
877 4355 934 4399 cur
956 4343 989 4399 tu
1010 4351 1182 4419 repugnem
1215 4330 1276 4396 uisi
1297 4339 1401 4396 tamen
1423 4329 1521 4396 multo
1544 4327 1646 4395 minus

325 4425 382 4492 tibi
405 4425 534 4491 concedi
555 4435 657 4512 potest
678 4447 771 4512 quam
792 4426 854 4503 illi,
882 4419 1027 4493 laborare
1046 4425 1114 4490 aine
1139 4445 1241 4490 causa.
1286 4427 1484 4512 Quamquam
1504 4419 1647 4488 Patronis

325 4527 357 4586 et
378 4521 552 4588 orationem
575 4529 605 4586 et
626 4539 750 4586 causam
772 4519 829 4586 tibi
857 4521 1013 4606 cognitam
1035 4539 1104 4585 esse
1125 4528 1212 4584 certo
1234 4520 1310 4584 scio.
1366 4521 1545 4593 Honorem,
1579 4515 1647 4582 olli-

394 4737 421 4790 ll.
440 4738 527 4789 dolere
544 4737 581 4790 tt.
615 4759 646 4773 -··
684 4738 727 4787 1⁰.
747 4751 836 4802 wem.
872 4738 946 4789 Nunc
963 4751 982 4788 a
1000 4744 1024 4787 te
1041 4736 1107 4787 illud
1125 4736 1161 4786 lla
1190 4749 1268 4802 wem
1291 4749 1370 4785 auae.
1406 4735 1442 4786 Aa
1465 4741 1490 4785 te
1514 4733 1580 4784 illud
1596 4729 1645 4796 (Μ)

326 4806 356 4859 Β.
377 4832 408 4845 -
446 4809 488 4860 11.
516 4821 574 4857 oreo
597 4806 725 4871 intelllqsa
751 4808 878 4862 multam.
911 4815 959 4858 too
976 4807 1076 4857 nullom
1094 4809 1122 4856 ln
1143 4814 1249 4869 portem
1267 4804 1362 4855 didus.
1392 4829 1426 4840 -
1463 4804 1506 4855 1³.
1532 4805 1646 4866 epicureo

326 4878 361 4928 Μ.
394 4901 426 4913 -
462 4879 506 4928 20.
534 4878 598 4926 miti
615 4877 855 4941 commendatusque
873 4877 1040 4929 erstanden
1067 4879 1178 4942 mihique
1206 4875 1398 4926 commendatus
1424 4874 1454 4925 ll.
1483 4873 1646 4932 (lividatur

326 4947 426 4998 babere
443 4949 554 5012 mittique
572 4943 834 5010 commendatusque.)
854 4973 887 4982 -
909 4949 953 4998 Μ.
973 4949 1194 4998 commendatione
1211 4960 1269 4996 mea
1287 4943 1332 4994 lll:
1352 4958 1410 4994 meo
1427 4945 1648 4994 commendatione

326 5017 356 5068 ll.
383 5042 416 5054 -
453 5017 495 5068 Μ.
523 5013 605 5080 idem]
631 5017 711 5068 Mem
737 5015 775 5068 Μ.
805 5039 835 5054 -
872 5018 916 5068 27.
947 5025 995 5069 tua
1021 5017 1100 5081 plone
1126 5015 1171 5067 ld:
1201 5016 1280 5080 plana
1310 5022 1356 5066 tua
1383 5015 1411 5064 ll.
1442 5038 1473 5051 -
1509 5013 1646 5064 lutatam

325 5101 380 5137 om.
401 5087 438 5139 Μ.
