3656 5868
326 400 368 466 82
749 390 1022 456 EPISTOLARUM
1043 393 1095 454 Ab
1117 392 1208 456 bel.

153 614 156 622 ,
198 551 213 573 ”
325 555 425 622 blicao
446 550 522 618 vitia
542 549 612 638 plus
633 567 727 635 mam
748 567 842 616 causa
855 547 923 634 ipsa
937 548 1115 634 veritasque
1129 531 1322 640 valm'ssent)
1339 545 1453 614 Publlo
1467 556 1522 616 tuo
1540 569 1645 636 neque

326 669 424 736 opera
444 666 546 732 neque
568 642 699 708 consilio
721 661 823 729 neque
844 641 953 709 labore
975 663 1077 729 neque
1101 641 1201 727 gratia
1222 662 1324 728 neque
1346 643 1525 710 testimonio
1545 641 1643 710 defui.

326 751 356 812 0.
379 739 592 823 Quamobrem
614 735 759 804 omnibus
780 735 890 802 officiis
912 736 1067 802 amicitiae
1089 735 1257 822 diligenter
1278 757 1297 800 a
1317 757 1367 802 me
1390 746 1555 825 sancteque
1577 759 1646 802 ser-

326 837 405 904 vatis
427 856 466 901 ne
487 833 547 900 boc
573 830 700 918 quidem
722 829 1032 916 praetermittendum
1061 851 1129 895 esse
1151 829 1244 906 duxi,
1275 840 1305 896 te
1327 840 1361 895 ut
1381 830 1526 898 bortarer
1551 853 1646 916 roga-

303 950 475 1017 aremque,
497 936 532 992 ut
551 935 583 991 et
602 923 762 990 bominem
776 933 807 989 te
822 933 853 989 et
874 925 978 989 virum
996 945 1064 988 esse
1079 923 1294 1000 meminisses,
1317 925 1350 990 id
1370 935 1430 1000 est,
1452 935 1487 991 ut
1511 936 1542 993 et
1559 947 1646 992 oom-

327 1045 453 1091 munem
474 1023 690 1106 incertumque
706 1039 834 1094 casum,
857 1039 951 1104 quem
976 1039 1079 1104 neque
1105 1017 1205 1082 vitare
1230 1018 1397 1105 quisquam
1422 1025 1564 1085 nostrum
1586 1039 1646 1083 nec

326 1127 485 1205 praestare
502 1115 567 1181 ullo
587 1123 677 1200 pacto
699 1121 816 1198 potest,
839 1111 998 1197 sapienter
1018 1112 1119 1177 ferres
1143 1120 1175 1176 et
1202 1109 1306 1175 dolori
1335 1110 1459 1178 fortiter
1484 1135 1519 1179 ac
1544 1114 1645 1178 fortu-

326 1235 384 1280 nae
405 1210 584 1284 resisteres,
606 1207 822 1293 cogitaresque
838 1215 869 1269 et
883 1205 1033 1272 innostra
1046 1205 1172 1271 civitate
1192 1214 1223 1269 et
1238 1205 1271 1270 in
1291 1207 1418 1283 ceteris,
1442 1229 1521 1294 quae
1535 1228 1645 1272 rerum

326 1308 442 1396 potitae
466 1311 554 1378 sunt,
576 1300 681 1366 multis
702 1298 881 1366 fortissimis
909 1309 1002 1386 atque
1029 1299 1155 1386 optimis
1173 1299 1250 1365 viris
1276 1300 1400 1366 iniustis
1418 1300 1542 1366 iudiciis
1567 1301 1645 1366 tales

291 1421 416 1467 rocasus
438 1396 595 1464 incidisse.
637 1392 717 1460 lllud
734 1392 854 1457 utinam
871 1415 911 1457 ne
926 1414 1001 1458 vere
1014 1390 1205 1468 scriberem,
1228 1414 1265 1458 ea
1281 1403 1310 1458 te
1329 1415 1366 1459 re
1384 1393 1509 1480 publica
1524 1415 1643 1468 carere,

326 1496 359 1561 in
380 1514 442 1581 qua
460 1489 617 1556 neminem
631 1486 816 1574 prudentem
834 1485 992 1552 bominem
1013 1509 1065 1552 res
1085 1486 1149 1552 ulla
1164 1485 1309 1552 delectetl
1352 1491 1383 1553 t.
1404 1493 1451 1554 De
1469 1497 1523 1553 tuo
1539 1497 1644 1553 autem

327 1586 408 1662 filio,
429 1605 559 1658 vereor,
581 1603 636 1657 ne,
665 1581 692 1646 si
713 1579 791 1645 nibil
812 1579 851 1644 ad
872 1587 903 1644 te
925 1580 1127 1666 scripserim,
1149 1579 1289 1648 debitum
1310 1580 1378 1646 eius
1403 1581 1512 1648 virtuti
1535 1580 1645 1647 videar

326 1678 536 1746 testimonium
562 1697 625 1741 non
646 1673 783 1750 dedisse,
805 1674 854 1739 sin
879 1681 984 1740 autem
1006 1675 1125 1750 omnia,
1147 1693 1228 1762 quae
1250 1675 1373 1749 sentio,
1394 1674 1643 1761 perscripserim,

326 1796 366 1842 ne
387 1771 533 1840 refricem
550 1770 630 1836 meis
649 1769 761 1835 litteris
783 1766 975 1834 desiderium
994 1787 1031 1833 ac
1050 1766 1194 1834 dolorem
1216 1775 1314 1832 tuum.
1357 1767 1418 1834 Sed
1438 1777 1541 1834 nmen
1569 1790 1645 1855 pru-

292 1865 507 1934 isdentissime
532 1863 645 1939 facies,
662 1857 705 1944 (si
733 1861 817 1926 illius
839 1860 1002 1946 pietatem,
1035 1861 1200 1936 virtutem,
1227 1860 1430 1936 industriam,
1465 1862 1644 1948 ubicunque

327 1961 407 2036 eris,
440 1970 525 2036 tuam
547 1979 632 2033 esse,
660 1965 763 2022 tecum
781 1975 850 2019 esse
869 1952 989 2041 ducesp
1011 1976 1068 2020 nec
1087 1955 1170 2021 enim
1194 1955 1297 2022 minus
1322 1965 1428 2022 nostra
1455 1965 1541 2031 sunt,
1563 1975 1643 2041 quae

326 2055 433 2120 animo
453 2051 704 2137 complectimur,
736 2069 830 2136 quam
857 2067 937 2134 quae
963 2047 1063 2113 oculis
1090 2049 1258 2115 intuemur.
1314 2054 1344 2114 5.
1357 2045 1587 2128 [Quamobrem
1613 2057 1645 2113 et

326 2148 411 2214 illius
432 2145 548 2212 eximia
566 2146 666 2211 virtus
687 2162 889 2226 summusque
909 2141 943 2206 in
967 2150 997 2206 te
1014 2163 1104 2209 amor
1124 2163 1253 2227 magnae
1276 2140 1333 2206 tibi
1359 2140 1565 2208 consolationi
1590 2139 1644 2205 de-

129 2309 147 2336 &
200 2245 213 2265 '¹
327 2241 381 2326 bet
411 2231 498 2321 esse)
529 2247 560 2303 et
587 2257 644 2302 nos
677 2234 851 2321 ceterique,
884 2235 939 2320 qui
967 2244 997 2300 te
1019 2255 1083 2300 non
1109 2257 1149 2300 ex
1171 2236 1295 2301 fortuna
1317 2236 1372 2302 sed
1393 2257 1434 2302 ex
1455 2236 1569 2302 virtute
1591 2243 1644 2300 tua

289 2357 317 2395 sn
328 2321 492 2421 pendimus
513 2349 700 2416 semperque
722 2325 909 2413 pendemus,
933 2335 964 2391 et
984 2327 1140 2396 maximae
1162 2327 1258 2394 animi
1280 2328 1325 2394 tui
1344 2330 1548 2405 conscientia,
1571 2351 1644 2394 cum

330 2424 387 2490 tibi
408 2424 485 2489 nibil
505 2421 619 2488 merito
640 2419 790 2485 accidisse
811 2418 970 2504 reputabis
992 2429 1023 2485 et
1044 2421 1121 2488 illud
1141 2422 1311 2506 adiunges,
1333 2421 1476 2489 homiues
1490 2426 1644 2509 sapientes

329 2517 537 2604 turpitudine,
570 2536 633 2580 non
657 2535 751 2589 casu,
780 2520 818 2604 et·
830 2512 945 2578 delicto
967 2533 1040 2590 suo,
1062 2536 1125 2580 non
1146 2516 1279 2580 aliorum
1303 2515 1419 2582 iniuria
1440 2516 1643 2583 commoveri.

327 2616 394 2698 Ego
425 2619 456 2676 et
476 2608 639 2680 memoria¹
655 2615 781 2673 nostrae
810 2607 925 2672 veteris
953 2608 1107 2674 amicitiae
1129 2617 1160 2674 et
1184 2610 1298 2674 virtute
1324 2619 1417 2696 atque
1447 2608 1644 2675 observantia

328 2705 385 2770 filii
406 2703 452 2769 tui
473 2704 609 2768 monitus
630 2701 717 2767 nullo
739 2701 810 2766 looo
832 2699 928 2766 deero
950 2722 1052 2788 neque
1074 2702 1113 2768 ad
1127 2701 1348 2769 consolandam
1370 2725 1472 2790 neque
1486 2704 1525 2769 ad
1539 2705 1645 2768 levan-

292 2799 400 2865 ssdam
420 2796 577 2863 fortunam
600 2803 694 2861 tuam.
752 2799 800 2860 Tu
821 2793 848 2859 si
869 2794 945 2882 quid
966 2796 1077 2862 adme
1098 2795 1180 2862 forte
1201 2796 1385 2882 scripseris,
1406 2795 1582 2883 perficiam,
1603 2817 1644 2862 ne

329 2901 359 2958 te
381 2890 497 2957 frustra
519 2889 680 2976 scripsisse
701 2885 865 2954 arbitrere.

771 3031 884 3092 sun.
927 3028 976 3112 (A.
1002 3032 1034 3093 u.
1057 3031 1089 3095 c.
1110 3029 1196 3115 am.)

716 3152 758 3216 Μ.
780 3151 923 3216 CICERO
946 3152 977 3214 S.
997 3153 1035 3214 D.
1057 3154 1092 3216 T.
1113 3154 1244 3217 saulo.

415 3268 443 3330 l.
464 3262 530 3328 Etsi
552 3269 691 3347 egomet,
714 3261 820 3347 quite
842 3260 998 3327 consolari
1012 3262 1124 3348 cupio,
1146 3261 1353 3329 consolandus
1366 3263 1433 3350 ipse
1455 3285 1541 3342 sum,
1569 3286 1644 3352 pro-

292 3387 319 3426 ao
332 3366 439 3444 pterea
454 3355 540 3443 quod
569 3355 684 3420 nullam
714 3375 782 3420 rem
804 3354 930 3440 gravius
951 3353 1068 3420 iamdiu
1089 3355 1145 3421 tuli
1166 3377 1260 3443 qnam
1281 3357 1515 3425 incommodum
1538 3370 1641 3426 tuum:

329 3459 432 3516 mmen
463 3461 494 3516 te
516 3469 628 3534 magno
655 3469 752 3535 opere
774 3469 837 3512 non
858 3446 969 3513 hortor
989 3449 1108 3524 solum,
1131 3449 1186 3515 sed
1208 3450 1299 3514 etiam
1324 3472 1383 3537 pro
1405 3473 1512 3518 amore
1535 3465 1643 3520 nostro

242 3611 245 3618 Δ
328 3565 408 3628 rogo
430 3551 522 3629 atquc
544 3563 620 3617 oro,
643 3553 673 3607 te
695 3541 822 3626 colligas
836 3540 1002 3628 virumque
1017 3541 1168 3627 praebeas
1185 3553 1231 3618 et,
1253 3565 1315 3630 qua
1330 3545 1512 3612 condicione
1533 3569 1643 3613 omnes

329 3636 471 3703 bomines
492 3646 523 3702 et
544 3635 659 3722 quibus
681 3631 875 3720 temporibus
903 3634 965 3700 nati
987 3635 1098 3710 simus,
1128 3636 1255 3722 cogites.
1298 3639 1369 3703 Plus
1391 3639 1447 3704 tibi
1468 3641 1567 3707 virtus
1589 3651 1643 3707 tua

331 3729 415 3796 dedit
436 3751 529 3816 quam
550 3729 676 3795 fortuna
695 3727 835 3802 abstulit,
857 3741 1023 3813 propterea
1044 3729 1130 3815 qnod
1150 3730 1279 3815 adeptus
1300 3753 1349 3807 es,
1372 3733 1458 3820 quod
1475 3757 1539 3800 non
1554 3736 1644 3801 multi

294 3823 473 3897 ebornines
494 3822 585 3899 novi,
608 3821 758 3895 amisisti,
781 3842 861 3908 quae
883 3821 1009 3906 plurimi
1031 3822 1172 3888 homines
1194 3822 1387 3890 nobilissimi.
1443 3831 1488 3892 Ea
1508 3827 1642 3914 denique

330 3916 454 3983 videtur
474 3915 618 3981 condicio
643 3914 825 4002 impendere
846 3914 973 4000 legum,
1008 3915 1212 3993 iudiciorum,
1241 3928 1434 4004 temporum,
1470 3932 1506 3986 ut
1526 3922 1643 4008 optime

331 4019 433 4076 actum
455 4029 527 4074 cnm
548 4029 586 4074 eo
608 4009 751 4075 videatur
772 4029 858 4084 esse,
894 4009 950 4095 qui
971 4031 1063 4096 quam
1084 4011 1239 4076 levissima
1266 4032 1368 4098 poena
1388 4011 1427 4076 ab
1449 4014 1506 4079 bac
1528 4035 1563 4080 re
1584 4037 1643 4101 pu·

331 4102 411 4170 bbca
431 4102 618 4168 discesserit.
670 4107 701 4168 2.
724 4109 771 4168 Tu
790 4123 882 4178 vero,
915 4103 971 4190 qui
992 4114 1024 4168 et
1044 4105 1184 4171 fortunas
1205 4114 1236 4169 et
1257 4104 1374 4172 liberos
1395 4106 1510 4174 babeas
1532 4119 1563 4174 et
1584 4131 1642 4174 nos

331 4209 516 4285 ceterosque
537 4196 763 4262 necessitudine
784 4204 816 4261 et
835 4195 1052 4264 benevolentia
1073 4206 1174 4263 tecum
1197 4199 1485 4278 coniunctissimos,
1508 4223 1642 4288 cumque

293 4313 474 4378 romagnam
494 4290 670 4356 facultatem
687 4290 730 4356 sis
751 4287 913 4356 habiturus
936 4290 1098 4356 nobiscum
1120 4303 1150 4358 et
1172 4313 1242 4358 cum
1265 4293 1408 4359 omnibus
1424 4295 1486 4361 tuis
1508 4295 1642 4371 vivendi,

331 4396 454 4454 etcum
475 4406 572 4451 unum
593 4385 633 4450 sit
653 4383 803 4451 iudicium
825 4406 865 4449 ex
887 4392 949 4448 mm
971 4383 1088 4457 multis,
1110 4386 1196 4472 quod
1216 4387 1478 4472 reprebendatur,
1500 4399 1536 4456 ut
1556 4387 1642 4476 quod

330 4501 393 4548 uua
414 4478 564 4548 sententia
597 4499 696 4565 eaque
725 4476 820 4544 dubia
847 4476 1003 4564 potentiae
1035 4477 1166 4544 alicuius
1197 4479 1406 4548 condonatum
1428 4482 1640 4548 existimetur:

399 4689 426 4740 1.
446 4691 504 4738 diat
521 4689 559 4739 Μ.
573 4713 607 4722 -
624 4689 651 4739 5.
665 4695 695 4738 ut
707 4695 731 4737 et
745 4688 824 4738 abl:
844 4693 905 4737 ute.
917 4686 948 4736 E.
965 4710 994 4727 ν·
1013 4688 1056 4738 10.
1069 4690 1277 4740 nwerertberem
1289 4693 1366 4744 Μ.-
1387 4693 1430 4744 11.
1449 4692 1641 4757 delectent.-

331 4758 375 4809 ta.
394 4761 486 4822 cepisse
499 4759 535 4808 Μ.
554 4784 583 4795 -
603 4757 645 4808 tt.
664 4758 811 4822 nefastipem
828 4755 866 4807 Μ.
881 4781 912 4792 -
931 4757 974 4806 20.
993 4757 1123 4808 marim
1141 4759 1397 4825 blumbi-Lagnum
1416 4765 1530 4815 moeimc
1542 4763 1642 4814 titt.-

330 4831 408 4878 omr'et
419 4829 456 4880 Μ.
470 4853 503 4862 -
516 4827 672 4877 cometentt'o
685 4827 722 4877 V:
736 4827 904 4876 comcimtior
916 4827 975 4876 ΜΕ.
991 4853 1019 4864 -
1041 4827 1084 4878 21.
1104 4835 1128 4880 et
1140 4829 1206 4879 illud
1217 4831 1262 4882 bl:
1281 4833 1304 4882 si
1316 4841 1340 4882 et
1353 4833 1421 4883 ittae
1431 4833 1462 4882 ll.
1478 4860 1508 4871 -
1529 4834 1572 4884 et.
1582 4847 1642 4882 σου·

330 4897 467 4948 solandam
483 4923 494 4935 -
516 4897 653 4948 beandam
671 4897 716 4947 bl:
735 4895 920 4946 consolandum
938 4921 947 4932 ·
962 4895 1098 4947 beandum
1116 4898 1147 4949 E.
1162 4923 1193 4935 -
1220 4901 1264 4951 ³0.
1283 4903 1573 4967 praetermittendis
1594 4903 1643 4954 tutt

330 4981 408 5032 poam
426 4963 463 5018 Μ.
485 4993 513 5004 -
551 4967 595 5016 00.
613 4969 701 5017 notati
718 4965 755 5019 Μ.
776 4991 806 5002 -
842 4965 886 5015 10.
905 4962 950 5028 ais]
968 4969 991 5016 ri
1005 4967 1043 5024 Μ,
1065 4992 1094 5004 -
1130 4967 1174 5020 tt.
1193 4985 1272 5020 unum
1291 4979 1363 5022 tuom
1379 4976 1413 5024 stt
1431 4982 1542 5026 auctore
1559 4973 1642 5024 llrua·

331 5037 382 5088 stlo
399 5036 649 5100 blartynlbaguna.
671 5062 699 5074 -
719 5033 760 5100 ut]
779 5043 804 5086 at
821 5035 1070 5101 Uulsci-Lagona.
1091 5063 1120 5076 -
1157 5038 1202 5090 12.
1218 5043 1340 5104 potamia
1356 5043 1396 5096 Μ.
