3668 5924
342 459 405 520 342
794 457 852 520 ΕΡ.
873 457 925 520 ΑΙ)
948 457 987 532 Q.
1009 457 1192 522 FRATREM

340 635 480 702 pugnae,
502 635 596 702 quem
615 634 695 704 ,vero
717 612 819 698 ipsum
840 613 1061 700 imperatorem
1081 610 1193 678 babeat
1236 617 1303 698 Ego
1324 620 1355 680 tc
1375 611 1526 690 libenter,
1548 624 1586 680 ut
1608 636 1667 680 ro.

339 730 409 797 gas,
432 705 547 795 quibus
568 704 664 774 rebus
685 705 747 781 vin,
769 705 938 782 adiuvabo,
961 717 993 774 et
1016 705 1072 772 tibi
1094 701 1221 780 verius,
1241 727 1321 794 quoa
1342 727 1448 794 rogae,
1471 714 1583 794 γλαῦκ’
1616 720 1665 788 εἰς

338 803 483 883 Ἀθήνας
511 802 641 868 mittam.
692 806 722 866 5.
745 801 807 866 Sed
828 801 904 868 heus
932 811 982 875 tu,
1010 800 1106 867 celari
1133 800 1244 868 videor
1264 822 1282 866 a
1303 810 1344 868 te.
1398 804 1662 881 Quomodouam.

341 899 385 964 mi
405 897 519 972 frater,
547 895 586 962 de
614 896 729 961 nostris
750 893 893 962 versibus
915 900 1048 964 Caesari
1090 899 1166 960 Nam
1194 895 1331 981 primum
1351 894 1467 962 librum
1488 919 1523 963 se
1543 898 1663 984 legisse

319 990 467 1078 ascripsit
494 989 534 1054 ad
561 1009 612 1056 me
634 998 719 1062 aute:
749 999 781 1056 et
801 990 902 1078 prima
923 995 984 1063 sic,
1014 999 1049 1056 ut
1069 999 1161 1074 neget
1182 1011 1216 1056 ae
1237 1011 1277 1055 ne
1299 994 1417 1058 Graeca
1443 990 1569 1079 quidem
1591 1013 1663 1057 me-

341 1085 420 1152 liora
440 1083 564 1168 legisse.
606 1082 738 1170 Reliqua
759 1082 798 1149 ad
819 1083 973 1170 quendam
995 1084 1098 1150 locum
1114 1085 1332 1169 (iqhvpdrapa.
1373 1089 1441 1152 linc
1462 1085 1545 1150 enim
1559 1085 1663 1150 utitur

342 1177 451 1244 verbo.
479 1182 550 1244 'Dic
571 1177 647 1242 mibi
669 1184 892 1266 verum‚q'num
913 1186 1039 1244 autres
1061 1198 1132 1244 eum
1154 1187 1208 1243 aut
1227 1180 1396 1266 χαρακτὴρ
1418 1200 1481 1244 non
1501 1173 1673 1266 delectati)

341 1271 423 1337 Nihil
445 1281 510 1347 est,
539 1269 624 1358 quod
641 1289 792 1338 ¹vereare.
848 1276 915 1357 ligo
942 1271 1024 1336 enim
1053 1293 1092 1336 ne
1118 1270 1181 1358 pilo
1210 1271 1337 1358 quidem
1358 1273 1511 1340 minuata
1533 1273 1661 1340 amabo.

342 1369 407 1432 llac
429 1364 468 1430 de
489 1387 525 1448 re
547 1367 735 1448 φιλαλήθως
756 1375 801 1440 et,
822 1375 858 1431 ut
879 1363 977 1439 soles,
999 1363 1100 1431 scribe
1121 1365 1267 1432 fraterne.

873 1842 1022 1902 miltun
1051 1842 1120 1902 111.

919 2011 1083 2020 ...Φ-

307 2155 331 2190 o
830 2137 1167 2220 rmuwm

787 2263 940 2327 umens
963 2262 1002 2336 o.
1022 2262 1164 2325 aarum
1186 2263 1216 2325 s.

235 2375 239 2385 ι
342 2401 365 2466 l.
388 2399 416 2460 1.
438 2375 522 2476 Ego
548 2415 588 2458 ex
610 2391 729 2476 mugnis
750 2390 905 2457 caloribus
927 2426 965 2438 —
989 2411 1052 2457 non
1079 2389 1161 2456 enim
1187 2391 1385 2458 meminimus
1405 2393 1540 2460 maiores
1562 2431 1600 2444 -
1624 2398 1660 2464 ln

342 2488 480 2574 Arpinati
512 2507 632 2552 summa
663 2505 735 2550 cum
765 2485 950 2550 amoenitate
981 2482 1115 2550 lluminis
1148 2504 1197 2548 me
1225 2485 1321 2552 refeci
1351 2485 1498 2554 ludorum
1527 2488 1658 2564 diebus,

342 2581 507 2649 Philotimo
529 2577 696 2648 tribulibus
724 2577 955 2644 commendatis.
1010 2581 1043 2642 ln
1066 2583 1187 2643 Arcano
1207 2599 1235 2643 a.
1258 2578 1288 2646 d.
1311 2599 1377 2647 rur.
1399 2579 1472 2646 ldus
1493 2585 1578 2669 Sept.
1599 2584 1658 2650 lui.

308 2674 389 2742 ulbi
411 2673 589 2740 Mescidium
612 2694 682 2738 cum
704 2671 894 2747 Philoxeno,
916 2692 1107 2757 aquamque,
1136 2693 1229 2758 quam
1252 2671 1284 2738 bi
1305 2672 1458 2740 ducebant
1478 2695 1541 2741 non
1563 2676 1658 2764 longe

342 2769 468 2844 arilia,
497 2767 578 2836 belle
606 2789 679 2832 sane
706 2765 852 2832 fluentem
880 2765 959 2840 vidi,
988 2766 1171 2851 praesertim
1194 2767 1327 2832 maxima
1349 2768 1501 2845 siccitate;
1529 2767 1657 2836 uberio-

341 2882 470 2949 remque
497 2861 655 2946 aliquanto
681 2881 749 2925 sese
780 2858 966 2926 collecturos
995 2880 1063 2924 esse
1093 2857 1245 2926 dicebant.
1300 2859 1390 2945 Apud
1421 2863 1540 2926 Herum
1570 2870 1656 2930 'recte

342 2967 418 3022 erat.
461 2961 496 3022 ln
518 2954 684 3022 ldauiliauo
706 2953 823 3019 offendi
844 2952 1004 3040 Diphilum
1025 2952 1150 3039 Diphilo
1173 2952 1351 3020 tardiorem.
1401 2953 1463 3020 Sed
1485 2964 1587 3021 tamen
1608 2958 1657 3023 ni·

340 3050 384 3117 bil
411 3051 440 3116 ei
466 3048 602 3116 restabat
629 3058 755 3135 praeter
781 3047 941 3114 balnearia
970 3056 1001 3113 et
1028 3045 1268 3112 ambulationem
1298 3059 1328 3114 et
1356 3047 1518 3116 aviarium.
1574 3051 1655 3117 Villa

301 3145 418 3214 mmihi
439 3145 529 3212 valde
550 3144 680 3231 placuit,
702 3152 869 3230 propterea
891 3140 976 3229 quod
997 3161 1149 3206 summam
1170 3140 1348 3224 dignitatem
1363 3143 1567 3228 pavimentata
1582 3165 1657 3230 por·

339 3239 418 3304 ticus
445 3237 592 3316 babebat;
623 3236 707 3324 quod
734 3236 810 3302 mihi
839 3256 921 3301 nunc
948 3233 1083 3321 denique
1108 3235 1266 3320 apparuit,
1295 3244 1497 3322 posteaquam
1529 3247 1560 3302 et
1588 3237 1656 3324 ipsa

340 3341 404 3399 tota
426 3342 510 3418 patet
531 3341 562 3398 et
582 3331 744 3396 columnae
765 3330 881 3416 politae
903 3338 984 3398 sunt.
1027 3334 1138 3395 Totum
1159 3327 1192 3391 iu
1214 3349 1253 3394 eo
1275 3339 1367 3394 eat·
1388 3329 1473 3416 quod
1494 3330 1568 3397 mibi
1594 3331 1657 3397 erit

339 3445 434 3491 curae
456 3455 513 3500 -‚
541 3423 706 3490 tectorium
733 3433 769 3489 ut
796 3424 982 3489 concinnum
1008 3421 1056 3486 sit.
1106 3422 1283 3487 Pavimenta
1312 3433 1397 3488 recte
1418 3421 1488 3488 fiori
1509 3421 1657 3490 videban-

340 3527 401 3583 tur.
458 3520 602 3583 Cametas
629 3515 778 3603 quasdam
799 3537 862 3582 non
887 3513 1018 3602 probavi
1031 3508 1214 3602 ‚mutarique
1237 3515 1324 3581 iussi.
1380 3521 1410 3585 2.
1439 3519 1510 3594 Quo
1531 3518 1602 3584 loco
1623 3518 1656 3584 in

302 3610 462 3697 epotum
484 3619 515 3674 te
535 3608 675 3676 scribere
695 3609 781 3675 aiunt
801 3620 836 3675 ut
857 3608 1002 3676 atriolum
1024 3607 1090 3684 fiat,
1119 3609 1211 3686 mibi,
1241 3618 1276 3674 nt
1296 3618 1362 3685 est,
1384 3610 1483 3696 magis
1505 3610 1655 3698 placebat.

339 3709 446 3789 Neque
473 3703 556 3768 enim
584 3703 657 3769 satis
684 3703 746 3770 loci
768 3700 930 3768 videbatur
956 3722 1025 3768 esse
1046 3702 1174 3780 atriol03
1207 3723 1309 3789 neque
1338 3701 1406 3767 lere
1434 3704 1514 3769 solet
1542 3704 1602 3770 nisi
1622 3705 1656 3771 in

339 3796 378 3862 iis
399 3796 548 3863 aediliciis
575 3796 659 3871 lieri,
687 3794 854 3884 inquibus
883 3804 930 3861 cat
951 3795 1063 3862 atrium
1085 3795 1201 3874 maius;
1229 3816 1288 3861 nec
1314 3794 1430 3861 habere
1457 3805 1580 3883 poterat
1600 3797 1656 3864 ad-

338 3892 443 3956 iuncta
464 3890 605 3957 cubicula
627 3901 658 3956 et
680 3890 833 3958 eiusmodi
856 3889 1005 3954 membra.
1048 3890 1175 3971 †Nuuc
1193 3889 1254 3956 boc
1273 3891 1323 3956 vel
1344 3889 1505 3955 honestate
1527 3889 1656 3956 testudi-

339 3984 387 4049 nis
409 3985 458 4050 vel
480 3985 568 4051 valde
589 3984 665 4052 boni
686 3985 836 4051 aestivum
857 3984 960 4050 locum
981 3982 1144 4050 obtinebit.
1191 3989 1237 4050 Tu
1260 3994 1361 4050 tamen
1383 3984 1409 4050 si
1432 3984 1522 4050 aliter
1541 3983 1655 4058 sentin,

301 4076 477 4144 urescribe
505 4100 598 4166 quam
626 4079 773 4167 primum.
816 4082 851 4145 ln
872 4077 1040 4149 intuearis
1066 4099 1134 4144 assa
1156 4077 1188 4143 iu
1210 4080 1341 4145 alterum
1362 4077 1536 4166 apodyterii
1557 4097 1654 4162 angu-

407 4265 434 4314 2.
454 4261 489 4327 at]
508 4271 537 4314 ot
555 4264 578 4315 1.
601 4291 629 4300 -
663 4277 757 4329 ropac:
776 4263 822 4314 boc
839 4270 875 4313 eat
885 4263 998 4312 Athernei
1014 4270 1136 4312 noctuam
1153 4263 1257 4312 mittam
1276 4261 1343 4321 1111,
1363 4273 1442 4326 ropac
1459 4260 1591 4324 (epatium
1610 4272 1654 4309 ra·

337 4332 587 4396 cautu).aoctaam
604 4334 749 4384 mittoml.
778 4355 809 4370 -
843 4333 871 4382 1.
890 4329 936 4394 mi]
955 4331 1086 4383 matam.
1118 4358 1145 4368 -
1186 4331 1426 4382 1111111.-
1462 4330 1488 4380 8.
1509 4329 1652 4381 teAldura

336 4419 376 4456 me
394 4418 455 4454 cum
476 4405 550 4454 librir
570 4405 637 4455 lilii.
670 4429 701 4440 -
737 4405 763 4456 e.
782 4403 892 4454 scrihere
916 4403 953 4454 11.
981 4400 1162 4468 (φιλαλήθως
1183 4439 1189 4452 .
1208 4409 1237 4452 ut
1256 4410 1285 4451 to
1302 4401 1366 4452 colar
1383 4402 1491 4451 scribere
1509 4400 1548 4459 li.
1575 4413 1607 4450 ac
1623 4399 1654 4452 de

332 4473 514 4538 ‚re·[apatiom
536 4471 664 4537 vacuum]
692 4481 721 4524 ot
738 4473 803 4524 soler
820 4473 900 4524 rcrihe
919 4472 958 4532 1.)
990 4497 1021 4508 —-
1058 4473 1100 4521 13.
1120 4468 1196 4535 cam]
1225 4471 1336 4521 Videtur
1363 4473 1513 4520 membrum
1539 4469 1653 4522 alteram

336 4552 390 4595 tam
409 4551 460 4595 cet.
481 4546 619 4596 excidisse.
656 4545 726 4595 Fort.
747 4541 796 4606 (er
817 4541 898 4606 begq.
918 4543 950 4604 2,
970 4537 1008 4602 i.)
1028 4542 1182 4591 addendum
1201 4546 1314 4592 cattam
1332 4540 1495 4591 salubritate·
1532 4539 1601 4592 Bar.
1620 4565 1652 4576 -

336 4615 378 4665 15.
401 4616 440 4665 lbi
456 4617 486 4665 ta
502 4617 629 4666 accidiam
647 4614 691 4674 11,
710 4615 750 4664 lbi
767 4614 916 4664 Mescidium
933 4613 965 4673 u,
984 4611 1025 4661 lbi
1042 4613 1196 4663 dimidiam
1213 4612 1235 4661 l.
1257 4635 1287 4646 -
1307 4611 1334 4660 hi
1351 4611 1390 4661 li:
1409 4611 1430 4660 ii
1448 4610 1521 4661 1111.
1540 4635 1574 4644 -
1609 4608 1652 4660 te.

335 4685 484 4736 Maniliana
501 4686 580 4736 Mill:
613 4685 750 4735 llaultaao
769 4681 799 4733 Ε.
821 4710 847 4719 -
887 4684 931 4734 20.
946 4683 1099 4746 pavimento
1114 4685 1231 4746 porticus
1248 4681 1375 4732 habebant
1393 4681 1424 4731 li.
1455 4707 1489 4716 -
1524 4681 1568 4730 21.
1587 4692 1654 4730 rauna

335 4769 389 4805 orn.
410 4756 432 4806 l.
454 4779 484 4792 —
520 4757 564 4806 22.
583 4755 729 4818 perpolitae
748 4754 840 4802 timbr.
860 4754 903 4804 itt.
929 4777 959 4788 -
995 4751 1039 4802 at.
1060 4751 1275 4802 Camerarllllil:
1296 4764 1418 4801 camarae
1436 4751 1518 4800 11.-
1553 4749 1652 4800 hbui·

334 4827 512 4876 delatrarem
529 4825 627 4876 atriolo
646 4825 687 4874 hi:
707 4837 758 4874 aare
776 4823 912 4873 videbatur
929 4823 1027 4873 armatu
1045 4822 1095 4880 iti,
1114 4822 1250 4872 uidebatur
1267 4820 1364 4870 atriolo
1382 4834 1432 4870 erae
1451 4821 1482 4872 R.
1508 4844 1538 4856 -
1575 4832 1653 4883 neque

335 4909 389 4946 om.
408 4896 447 4947 11.
466 4918 499 4932 -
515 4892 579 4960 sere]
598 4909 650 4946 aeae
668 4907 708 4958 pr.
728 4894 764 4943 11.
786 4919 817 4929 -
836 4893 878 4943 27.
898 4895 931 4943 tta
949 4893 1014 4942 ltili:
1034 4892 1072 4940 hia
1092 4893 1134 4942 lii.
1157 4918 1184 4928 -
1205 4893 1248 4940 28.
1268 4891 1340 4942 ll'uar
1359 4891 1405 4940 hoc
1424 4891 1653 4942 netu-aestimata

336 4965 422 5014 iiiiii:
449 4965 522 5016 Nunc
547 4966 593 5015 toc
619 4965 839 5016 collocutorem
864 4963 999 5014 rumano
1025 4963 1063 5012 cat
1087 4961 1162 5011 ualde
1185 4961 1279 5011 bonam
1302 4963 1427 5010 aestivam
1447 4961 1473 5019 1.
1503 4959 1575 5010 itam
1592 4959 1652 5010 tax

336 5035 344 5094 l
354 5032 485 5097 porticus)
506 5035 544 5084 vel
562 5036 694 5086 laomtate
712 5033 849 5085 testudinis
866 5033 940 5084 valde
960 5032 1020 5082 boui
1037 5033 1128 5083 aestivi
1147 5031 1295 5083 Scbtttriua.
1316 5057 1349 5065 —
1376 5031 1417 5084 30.
1436 5045 1524 5082 mmm
1541 5029 1651 5080 weram

334 5105 415 5168 apodi
433 5105 594 5170 triaaqulum
613 5105 634 5155 l.
