3662 5908
640 363 715 428 tm.
736 329 820 430 im.
860 365 919 428 m.
943 367 971 428 t.
993 363 1024 426 a.
1045 365 1075 428 a.
1097 365 1128 428 a.
1488 363 1547 428 sal

231 522 332 599 eum,
353 529 611 588 testamentorum
631 520 697 596 ius,
728 520 857 609 Epicuri
877 521 1110 596 auctoritatem,
1128 520 1273 590 d’haedri
1294 520 1550 600 obtestationem,

231 615 354 692 sedem,
376 614 585 691 domicilium,
606 613 736 700 vestigia
758 635 952 682 summorum
974 613 1134 682 hominnm
1158 614 1218 681 sibi
1240 617 1354 686 tuenda
1376 639 1444 683 esse
1465 611 1556 702 dicit)
1629 604 1728 712 di

232 715 341 776 Totam
363 707 498 774 hominis
519 708 614 774 vitam
635 708 867 796 rationemque,
897 730 991 796 mam
1012 709 1156 796 sequitur
1175 710 1208 775 in
1229 709 1440 796 philosophia,
1467 709 1552 776 deri-

232 804 360 870 deamus
391 803 479 877 licet,
515 803 543 868 si
576 805 654 868 hanc
676 802 745 869 eius
767 803 997 869 contentionem
1022 803 1167 869 volumus
1188 802 1429 891 reprehendere.
1472 803 1550 878 Sed,

233 896 441 970 mehercules,
472 896 620 984 quoniam
642 895 688 962 illi
709 897 897 983 ceterisque,
928 916 1008 984 ques
1029 897 1080 962 illa
1101 897 1269 972 delectant,
1298 917 1362 963 non
1382 896 1472 962 valde
1493 898 1574 963 ini-³

232 991 303 1056 mici
332 1011 459 1065 sumus,
491 989 599 1055 nescio
629 1011 669 1054 au
696 990 920 1076 ignoscendum
951 990 991 1055 sit
1016 989 1103 1065 huic,
1136 990 1163 1056 si
1185 1001 1269 1056 tanto
1292 1011 1388 1077 opere
1409 991 1550 1072 laborat3

233 1084 264 1150 in
282 1105 347 1172 quo
367 1085 460 1151 edam
485 1085 512 1149 si
532 1091 656 1170 peccat,
678 1084 776 1169 magis
797 1084 922 1171 ineptiis
939 1105 1034 1172 quam
1047 1082 1247 1170 improbitate
1262 1095 1379 1171 peccat.
1423 1093 1452 1152 5.
1475 1088 1551 1163 Sed,

232 1200 272 1244 ue
303 1179 395 1265 plura
416 1211 457 1226 -
479 1176 646 1242 dicendum
678 1178 761 1244 euim
788 1177 955 1265 aliquando
988 1187 1036 1242 est
1056 1213 1098 1224 -
1119 1179 1325 1264 Pomponium
1352 1181 1486 1247 Atticum
1508 1182 1553 1247 sic

232 1293 319 1346 amo,
357 1282 392 1338 ut
412 1273 545 1337 alterum
567 1270 711 1349 lrntrem;
748 1270 824 1338 nihil
847 1281 894 1338 est
914 1271 969 1338 illo
990 1271 1067 1337 mihi
1088 1292 1147 1337 nec
1174 1272 1277 1338 carius
1298 1294 1356 1338 nec
1376 1274 1551 1342 iucundius.

214 1371 261 1443 xls
284 1405 324 1417 -
346 1386 410 1432 non
432 1385 496 1453 quo
518 1365 558 1430 sit
578 1385 619 1430 ex
641 1365 724 1443 istis;
747 1376 794 1432 est
814 1366 897 1432 enim
920 1366 1006 1431 omni
1027 1364 1149 1431 liberali
1169 1365 1311 1432 doctrina
1331 1368 1550 1453 politissimus;
1563 1383 1588 1424 m

233 1460 289 1526 sed
310 1459 400 1526 valde
435 1457 536 1544 diligit
564 1463 746 1533 Patronem,
779 1459 870 1526 valde
899 1459 1074 1525 Phaedrum
1103 1459 1278 1525 amavit-
1311 1461 1356 1526 sic
1380 1482 1398 1526 a
1420 1464 1474 1527 me'
1493 1461 1553 1528 hoc

232 1554 405 1630 contendit,
443 1551 539 1619 homo
565 1552 694 1619 minime
724 1552 920 1626 ambitiosus,
953 1553 1080 1634 minime
1108 1553 1302 1639 irrogando
1324 1555 1489 1630 molestus,
1518 1564 1554 1622 ut
1634 1565 1647 1638 ,¹¹

233 1647 309 1712 nihil
330 1668 468 1734 aequm
489 1646 603 1732 magis;
625 1668 684 1712 nec
704 1646 839 1722 dubitat,
862 1647 939 1734 quin
960 1668 1021 1732 ego
1041 1669 1060 1712 a
1081 1656 1111 1712 te
1132 1657 1210 1714 nutu
1231 1648 1291 1724 hoc
1311 1649 1460 1734 consequi
1481 1671 1554 1736 pos-

232 1761 313 1816 sem,
347 1743 441 1807 etiam
463 1741 489 1807 si
510 1739 729 1808 aedificaturus
751 1761 845 1806 esses.
887 1746 974 1807 Nune
996 1761 1089 1816 vero,
1111 1740 1138 1806 si
1158 1741 1293 1807 audierit
1312 1753 1343 1808 te
1364 1742 1552 1810 aedificatio·

232 1855 305 1900 nem
325 1832 508 1920 deposuisse
530 1854 633 1921 neque
654 1844 758 1900 tamen
780 1855 830 1899 me
851 1855 871 1899 a
892 1843 923 1899 te
951 1833 1150 1920 impetrasse,
1182 1855 1245 1899 non
1274 1835 1358 1901 lein
1379 1857 1431 1902 me
1453 1836 1553 1902 illibe-
1566 1853 1590 1891 ¹³

232 1927 331 1993 ralem
362 1927 418 1994 sed
444 1949 496 1995 me
522 1928 556 1994 iu
582 1949 618 1994 se
644 1927 853 2014 negligentem
903 1927 1011 1994 utubit.
1067 1927 1278 2006 Quamobrem
1300 1940 1374 2015 pcto
1395 1951 1413 1994 a
1434 1938 1484 2004 te,
1518 1940 1554 1996 ut

233 2020 350 2086 scribas
371 2022 411 2087 ad
431 2029 503 2088 tuos
523 2042 618 2108 posse
640 2030 692 2087 tua
712 1948 1053 2102 voluntateedecretum
1074 2021 1152 2086 illud
1167 2023 1437 2109 Areopagitarum,
1459 2043 1554 2116 quem
1650 2043 1669 2126 p

232 2116 527 2200 ὕπομνηματισμὸν
548 2115 593 2180 illi
614 2113 749 2224 vocant)
764 2115 841 2180 tolli.
885 2120 915 2181 o.
938 2114 1000 2180 Sed
1019 2113 1118 2180 redeo
1140 2114 1179 2180 ad
1193 2115 1304 2201 prima.
1347 2120 1437 2181 Prius
1458 2115 1551 2182 velim
1624 2083 1683 2186 *f

233 2206 288 2274 tihi
316 2209 522 2296 persuadeas,
555 2217 592 2275 ut
613 2209 673 2274 hcc
694 2229 764 2275 mea
785 2229 879 2274 causa
900 2205 1032 2274 libente
1052 2208 1162 2284 luciae,
1185 2229 1278 2296 quam
1299 2219 1334 2276 ut
1354 2208 1460 2276 iacias.
1502 2211 1554 2277 Sic

232 2314 336 2369 mmcn
357 2303 487 2370 habeto:
509 2303 689 2379 silemsis,
712 2302 914 2390 quodrogo,
936 2301 1104 2368 loremihi
1125 2303 1348 2389 gratissimum.
1391 2304 1477 2372 Vale.
1561 2319 1590 2358 ω

716 2445 759 2508 11.
803 2442 852 2527 (A.
879 2445 911 2508 o.
934 2443 966 2508 c.
990 2441 1075 2526 ros.)

704 2566 846 2631 CICERO
869 2566 1032 2630 MEMMIO
1055 2567 1087 2630 S.

315 2681 350 2744 c.
378 2676 509 2743 Avianio
535 2676 699 2751 Evandro,
734 2675 789 2762 qui
811 2675 926 2742 habitat
946 2676 979 2741 in
999 2685 1055 2744 tuo
1083 2677 1241 2753 samario,
1278 2677 1400 2764 etipse
1421 2679 1551 2746 multum

232 2781 306 2837 utor
327 2779 359 2836 et
378 2781 512 2857 patrono
532 2771 601 2836 eius
622 2775 663 2836 M.
685 2769 819 2836 Aemilio
840 2769 1091 2836 familiarissime.
1134 2775 1210 2837 Peto
1231 2771 1328 2857 igitur
1348 2793 1367 2836 a
1389 2779 1420 2837 te
1440 2771 1474 2838 in
1487 2795 1551 2838 ma-

232 2867 334 2932 iorem
355 2864 502 2939 modum,
526 2864 611 2951 quod
633 2863 700 2928 siue
721 2875 775 2930 tua
796 2863 938 2929 molestia
958 2862 1026 2939 liat,
1048 2873 1084 2950 ut
1105 2864 1135 2929 ei
1155 2862 1194 2930 de
1219 2863 1410 2930 habitatione
1430 2885 1553 2932 aecem
1562 2883 1590 2920 *ι

231 2960 352 3027 modes.
403 2963 480 3024 Nam
508 2969 639 3044 propter
666 2977 762 3044 opera
799 2955 938 3022 instituta
965 2956 1063 3022 multa
1094 2957 1267 3024 multorum
1295 2955 1433 3022 subitum
1454 2967 1501 3023 est
1521 2959 1552 3024 ci

231 3055 405 3140 remigrare
426 3052 494 3118 llal.
517 3050 719 3130 Quintilibus.
761 3049 920 3136 Impedior
936 3049 1141 3126 verecundia,
1170 3072 1210 3118 ue
1231 3059 1262 3115 te
1283 3048 1426 3136 pluribus
1446 3048 1552 3117 verbis

231 3167 357 3236 rogem;
379 3166 484 3234 neque
505 3155 609 3212 umen
629 3142 756 3219 dubito,
778 3143 875 3231 quio,
898 3143 925 3208 si
945 3153 998 3209 tua
1019 3143 1097 3210 nihil
1117 3153 1172 3211 aut
1193 3165 1256 3211 uon
1276 3145 1407 3210 multum
1421 3143 1551 3216 intersit.

233 3261 273 3307 ec
294 3241 336 3308 sis
357 3239 479 3315 auimo,
513 3259 578 3328 quc
599 3259 660 3326 ego
681 3257 799 3312 essem,
827 3236 950 3325 siquid
972 3247 1007 3303 tu
1027 3257 1078 3305 mc
1099 3257 1244 3320 rogares:
1280 3237 1357 3304 mihi
1376 3246 1462 3305 certe
1482 3259 1554 3326 gra-

231 3334 385 3402 tissimum
404 3333 528 3400 leceris.
1561 3349 1590 3392 ιο

709 3473 769 3538 111.
812 3470 861 3558 (A.
887 3475 919 3538 ll.
943 3475 974 3539 C.
996 3470 1081 3557 rot.)

705 3597 847 3662 CICERO
869 3596 1031 3661 MEMMIO
1054 3596 1085 3660 S.

315 3715 350 3775 lt.
377 3707 515 3781 Fufium,
547 3727 645 3772 uuum
673 3727 714 3772 ex
745 3707 825 3773 meis
856 3706 989 3782 intimis,
1023 3705 1332 3773 observantissimum
1363 3708 1553 3776 studiosissi-

231 3825 380 3890 mumque
409 3801 523 3876 nostri,
561 3798 718 3865 eruditum
746 3800 904 3866 hominem
933 3811 964 3868 et
990 3821 1111 3866 summa
1133 3799 1319 3867 humanitate
1340 3809 1455 3889 tuaque
1476 3803 1553 3870 ami·

232 3897 304 3963 eilia
323 3895 558 3983 dignissimum,
581 3893 676 3960 velim
697 3894 740 3960 ita
760 3903 889 3969 tractes,
912 3903 948 3961 ut
968 3895 1045 3962 mihi
1066 3915 1173 3961 coram
1193 3894 1347 3980 recepisti
1391 3900 1467 3962 Tam
1480 3917 1589 3983 gra-as

232 3999 299 4058 tum
325 3989 402 4057 mihi
431 3988 463 4054 id
491 3987 567 4062 erit,
599 4007 694 4074 quam
721 3987 806 4075 quod
837 3989 1057 4074 gratissimum.
1105 3992 1211 4074 lpsum
1239 3996 1401 4075 praeterea
1427 4010 1552 4056 summo
1671 4067 1680 4087 .

232 4084 335 4152 officio
356 4095 388 4149 et
408 4103 530 4164 summa
552 4078 751 4148 observantia
773 4081 830 4148 tibi
850 4083 884 4148 iu
906 4091 1091 4169 perpetuum
1112 4081 1303 4148 devinxeris.
1468 4085 1478 4088 “

715 4226 767 4288 ιν.
810 4222 864 4304 (a,
889 4225 922 4288 c.
937 4225 977 4300 c.
999 4223 1089 4304 roe.)

302 4349 343 4412 n.
366 4347 509 4413 crcoao
533 4347 564 4411 e.
585 4349 623 4409 o.
647 4345 686 4423 o.
707 4343 880 4412 venemo
903 4346 942 4423 o.
963 4347 997 4409 r.
1020 4345 1150 4410 cacas
1172 4346 1331 4410 necaro
1352 4301 1492 4412 ruera.

317 4465 345 4524 l.
369 4461 448 4524 Cum
468 4453 679 4543 municipibus
700 4456 912 4523 Volaterranis
940 4455 1017 4522 mihi
1037 4477 1159 4523 summa
1179 4453 1377 4522 necessitudo
1398 4464 1459 4534 cst;
1488 4477 1593 4531 ma-p,

232 4571 294 4636 guo
316 4551 400 4618 enim
422 4571 494 4616 meo
515 4548 669 4615 beneficio
690 4549 810 4625 allecti,
839 4548 1082 4615 cumulatissime
1103 4548 1179 4614 mihi
1200 4547 1331 4635 gratiam
1351 4549 1554 4628 rettulerunt,

232 4666 304 4710 uam
325 4665 383 4710 nec
405 4642 461 4729 [iu]
484 4641 658 4710 honoribus
680 4646 757 4709 meis
779 4664 881 4731 neque
902 4639 1063 4708 laboribus
1091 4663 1230 4730 unquam
1257 4639 1433 4708 doluerunt.
1477 4646 1554 4710 Cum

301 4800 328 4850 5.
359 4799 484 4864 puccium
501 4797 546 4850 Ma
575 4799 680 4862 quoodo
704 4797 734 4847 ll.
757 4820 787 4833 -
824 4797 867 4847 1³.
892 4795 1030 4848 dubitohot
1064 4796 1160 4846 ltresd.
1188 4795 1292 4844 tertius.
1312 4819 1346 4828 —
1380 4795 1425 4845 ΞΒ.
1445 4795 1556 4846 Acioclo

232 4868 278 4920 Ma
297 4869 399 4920 Actaeo
418 4869 447 4919 ll·
476 4893 509 4904 -
545 4869 589 4918 25.
609 4868 752 4918 commodes
770 4867 865 4916 liresd.
885 4871 1006 4930 quartus.
1035 4891 1063 4903 -
1100 4865 1145 4916 th.
1171 4861 1220 4928 [to]
1239 4865 1381 4915 mortens
1397 4867 1459 4916 mels
1476 4877 1558 4934 nepae

233 4939 365 4990 laboribus
381 4937 515 4989 Orelliur:
543 4939 572 4988 lo
588 4938 730 4988 tomrttm
746 4939 809 4987 mett
826 4937 958 4987 tuberibus
976 4936 1043 5000 MR,
1068 4937 1098 4988 ltt
1113 4935 1253 4987 honoribus
1270 4936 1333 4986 meta
1350 4947 1396 4986 stoc
1412 4936 1442 4986 io
1459 4935 1556 4988 lohort·

232 5008 278 5062 dus
296 5009 347 5062 Vb.
367 5008 422 5062 Cir.
443 5021 504 5060 mor
523 5005 573 5074 llp.
592 5008 619 5060 'l-
638 5004 668 5072 8.
687 5007 714 5060 4.
754 5007 804 5072 Ep.
822 5007 866 5060 2⁹.
887 5003 917 5070 b.
936 5007 962 5057 ἱ.
