3628 5876
296 351 360 424 208
731 355 1006 421 uetstottautt
1027 357 1080 420 ab
1101 357 1193 422 batt.

125 575 135 586 .
169 523 180 542 “
297 515 399 606 quod.
434 535 506 582 cum
532 513 617 582 aliud
643 514 735 582 malle
755 515 978 581 amicissimum
1004 522 1093 579 tuum
1114 523 1258 599 putares,
1277 513 1452 604 (antirprius
1474 513 1532 582 tibi
1553 515 1623 584 olli·

161 605 179 621 ”
296 615 381 681 cium
402 631 508 676 meum
529 631 623 697 quam
644 609 728 676 illius
749 601 998 705 votunus'tuit.)
1039 610 1069 674 2.
1097 607 1249 693 Equidem
1271 618 1303 674 et
1323 619 1394 675 ante
1416 607 1477 675 boe
1497 619 1621 698 tempus

297 718 326 775 te
349 703 446 773 dilexi
467 713 499 770 et
519 724 645 790 semper
666 725 716 768 me
737 724 755 768 a
777 713 807 770 te
828 701 917 788 diligi
941 705 1035 768 sensi.
1077 704 1116 766 Et
1137 722 1208 768 cum
1229 701 1371 768 abessem
1392 713 1486 790 etque
1506 704 1539 769 in
1554 727 1623 770 ma·

296 803 365 887 gnis
386 799 533 888 perieulis
554 819 677 874 essem,
706 807 738 864 et
758 818 808 863 me
829 795 988 862 absentem
1010 805 1042 860 et
1062 815 1151 861 meos
1172 805 1351 883 praesentes
1372 820 1392 863 a
1413 808 1443 864 te
1465 800 1566 867 cultos
1590 809 1622 866 et

273 898 441 964 ⁸defensos
463 915 531 960 esse
554 893 696 971 memini;
721 902 753 959 et
777 900 849 979 post
870 911 976 956 meum
996 888 1149 964 reditum,
1173 911 1265 976 quam
1281 891 1476 959 familiariter
1498 915 1620 960 mecum

297 991 434 1062 vixeris,
456 1009 599 1076 quaeque
622 1008 681 1073 ego
704 987 743 1052 de
768 995 799 1052 te
822 995 853 1052 et
873 984 1026 1050 senserim
1047 993 1080 1050 et
1099 985 1323 1070 praedicarim,
1346 1008 1471 1062 omnes,
1493 987 1548 1073 qui
1569 1005 1621 1052 so-

296 1086 361 1152 lent
380 1084 457 1149 baec
478 1081 747 1156 animadvertere,
784 1088 879 1145 testes
904 1077 1064 1144 babemus.
1123 1079 1348 1145 Gravissimum
1370 1102 1448 1147 vero
1469 1081 1620 1148 iudicium

296 1179 336 1244 de
358 1197 427 1242 mea
448 1174 509 1240 fide
532 1182 563 1239 et
583 1174 754 1240 constantia
777 1173 893 1248 fecisti,
916 1193 987 1238 cum
1008 1181 1079 1258 post
1100 1182 1234 1238 mortem
1257 1174 1395 1240 Caesaris
1416 1185 1515 1242 totum
1534 1186 1565 1241 te
1579 1175 1619 1241 all

295 1270 462 1338 amicitiem
484 1290 586 1334 meam
608 1269 775 1335 contulisti.
820 1266 914 1346 Quod
935 1275 1023 1332 tuum
1045 1265 1195 1332 iudicium
1217 1267 1275 1333 nisi
1297 1289 1366 1334 mea
1382 1291 1504 1336 summa
1524 1270 1619 1334 bene·

262 1377 288 1420 ¹⁰
298 1364 433 1432 volentia
454 1382 529 1448 erga
551 1371 580 1427 te
602 1361 810 1449 omnibusque
832 1360 953 1426 meritis
968 1358 1194 1446 comprobare,
1215 1361 1284 1448 ipse
1306 1383 1356 1428 me
1377 1361 1536 1429 bominem
1556 1383 1619 1428 non

296 1455 425 1544 putabo.
468 1460 499 1522 3.
532 1460 594 1530 Tu,
627 1455 671 1520 mi
694 1455 790 1542 Oppi,
813 1452 1013 1520 conservabis
1034 1474 1176 1519 amorem
1191 1463 1279 1521 tuum
1302 1456 1423 1522 —etsi
1445 1477 1533 1521 more
1556 1476 1621 1520 ma-

297 1552 344 1637 gis
366 1550 426 1615 boe
457 1547 585 1637 quidem
607 1548 729 1624 scribo,
765 1571 859 1635 quarn
881 1570 945 1636 quo
967 1557 997 1614 te
1018 1546 1249 1615 admonendum
1271 1559 1378 1636 putem
1401 1583 1457 1624 —‚
1487 1569 1619 1634 meaque

297 1643 401 1711 omnia
424 1642 567 1709 tuebere:
591 1663 671 1729 quae
693 1641 750 1708 tibi
771 1663 811 1707 ne
832 1642 938 1728 ignota
959 1650 1082 1717 essent,
1104 1642 1206 1709 Attico
1230 1643 1390 1723 mandavi3
1413 1664 1500 1708 ame
1514 1653 1619 1708 autem

296 1759 368 1805 cum
396 1739 535 1826 paullum
563 1736 620 1802 otii
649 1735 884 1810 mouerimus,
913 1735 1079 1802 uberiores
1107 1737 1225 1803 litteras
1247 1746 1436 1824 exspectato.
1478 1741 1524 1802 lla
1545 1755 1621 1822 ope·

262 1850 380 1909 uram,
403 1842 438 1898 ut
459 1832 579 1912 valeas;
601 1830 662 1898 boc
682 1831 760 1898 mihi
779 1831 898 1917 gratius
919 1830 1024 1897 lacere
1045 1829 1122 1897 nibil
1140 1839 1240 1919 potes.

858 2089 1064 2118 ,μ’

823 2315 974 2378 LIBER
1003 2314 1094 2377 ΧΠ.

506 2509 586 2584 Al)
613 2507 657 2587 C.
685 2507 961 2587 cnsswut
986 2507 1063 2584 ΜΤ
1096 2505 1391 2588 CETEROS.

787 2823 1112 2914 nouem)

780 2941 922 3006 cronno
945 2942 1082 3007 cassro
1105 2945 1137 3008 s.

297 3075 325 3138 1.
368 3051 410 3138 F
412 3071 495 3136 inem
516 3066 634 3134 nullam
655 3067 753 3144 facio.
776 3067 852 3134 mibi
874 3068 986 3145 crede,
1010 3071 1111 3147 Cassi,
1142 3070 1181 3138 de
1202 3082 1233 3138 te
1255 3081 1287 3138 et
1308 3071 1347 3139 de
1369 3078 1468 3142 Bruto
1490 3085 1616 3154 nostro,

295 3165 328 3230 id
350 3174 412 3242 est,
447 3164 488 3229 de
509 3172 630 3229 tutare
651 3161 775 3248 publica
796 3163 966 3248 cogitandi,
1003 3165 1093 3232 cuius
1124 3165 1226 3231 omnis
1252 3187 1324 3253 spes
1345 3168 1377 3234 in
1398 3168 1488 3236 vobis
1517 3178 1564 3236 est
1585 3179 1617 3236 et

258 3260 328 3325 rain
359 3263 397 3325 D.
425 3263 533 3324 Bruto.
588 3258 689 3333 Quam
716 3257 845 3342 quidem
876 3258 938 3322 iam
964 3255 1065 3322 babeo
1086 3259 1154 3343 ipse
1181 3259 1362 3334 meliorem.
1395 3283 1431 3328 re
1454 3263 1615 3350 publicae

295 3351 457 3419 Dolabella
488 3370 561 3415 meo
588 3349 835 3435 praeclarissime
863 3360 959 3434 gesta.
1016 3349 1160 3416 Manabat
1181 3351 1264 3417 enim
1287 3353 1364 3420 illud
1385 3358 1500 3422 malum
1522 3357 1618 3423 urba·

295 3468 371 3512 num
392 3443 487 3510 etita
508 3441 774 3509 corroborabatur
795 3444 956 3529 quotidie,
979 3454 1013 3509 ut
1034 3465 1095 3529 ego
1116 3445 1243 3530 quidem
1266 3457 1297 3510 et
1317 3446 1389 3514 urbi
1415 3459 1446 3515 et
1467 3452 1534 3518 otio
1556 3451 1617 3517 dil·

296 3541 425 3606 fiderem
445 3537 578 3604 urbano.
623 3537 684 3603 Sed
706 3538 750 3604 ita
771 3558 949 3624 compressa
970 3557 1022 3602 res
1044 3547 1107 3613 est,
1129 3549 1164 3603 ut
1178 3539 1254 3604 mibi
1273 3541 1436 3609 videamur
1451 3565 1543 3610 omne
1555 3547 1616 3610 iam

295 3635 335 3701 ad
356 3644 478 3720 tempus
510 3630 549 3696 ab
576 3631 631 3698 illo
664 3632 824 3698 dumtaxat
851 3631 1067 3696 sordidissimo
1089 3633 1230 3718 periculo
1252 3636 1310 3700 tuti
1332 3635 1440 3702 luturi.
1483 3637 1614 3724 Reliqua

259 3747 407 3812 ramagna
428 3735 499 3791 sunt
519 3745 556 3790 ac
581 3725 699 3803 multa;
727 3723 782 3790 sed
803 3725 903 3810 posita
924 3725 1029 3790 omnia
1050 3725 1083 3790 iu
1104 3725 1205 3792 vobis.
1260 3731 1455 3817 Quamquam
1476 3731 1615 3816 primurn

297 3820 434 3908 quidque
456 3816 658 3904 explicemus.
700 3823 796 3893 Nam,
818 3827 853 3883 ut
873 3817 974 3884 adbuc
995 3818 1122 3905 quidem
1144 3829 1247 3887 actum
1269 3832 1332 3898 est,
1355 3844 1419 3890 non
1440 3844 1539 3908 regno
1561 3823 1617 3890 sed

295 3935 371 4000 rege
392 3912 515 3978 liberati
536 3912 694 3991 videmur;
716 3911 881 3979 interfecto
903 3917 987 3978 enim
1007 3933 1084 3997 rege
1106 3915 1212 3998 regios
1234 3936 1343 3982 omnes
1366 3927 1459 3983 nutus
1480 3929 1615 3983 tuemur.

295 4015 403 4096 Neque
423 4027 502 4073 vero
521 4005 556 4071 it
577 4007 694 4081 solum,
731 4005 787 4071 sed
809 4011 918 4081 etlam,
955 4027 1036 4092 quae
1058 4007 1124 4093 ipse
1146 4007 1218 4084 ille,
1241 4013 1267 4074 si
1289 4009 1425 4084 viveret,
1449 4031 1512 4076 non
1534 4009 1617 4076 lace-

296 4111 361 4176 ret,
383 4121 419 4165 ee
441 4121 499 4166 nos
520 4099 609 4186 quasi
630 4100 762 4185 cogitata
783 4097 822 4163 ab
844 4099 898 4164 illo
920 4097 1101 4184 probamus.
1144 4105 1207 4165 Nec
1228 4101 1296 4167 eius
1317 4102 1444 4188 quidem
1460 4104 1506 4169 rei
1522 4103 1615 4170 linem

259 4195 403 4262 invideo.
445 4192 580 4259 Tabulae
602 4191 756 4278 lignatum
778 4193 987 4258 immunitates
1009 4192 1140 4271 dantur;
1161 4195 1313 4280 pecuniae
1329 4197 1484 4262 maximae
1499 4196 1616 4262 descri-

296 4288 430 4362 buntur,
467 4288 592 4354 exsules
613 4287 820 4364 reducuntur;
857 4295 981 4352 senatus
1009 4287 1149 4352 consulta
1170 4287 1246 4352 lalsa
1269 4289 1463 4355 reseruntur:
1477 4284 1528 4373 (ut
1550 4299 1617 4355 tan-

218 4432 233 4448 ..
276 4382 458 4485 ptummodo
493 4383 599 4449 odium
629 4380 707 4447 illud
731 4379 867 4447 bominis
888 4379 1005 4466 impuri
1026 4388 1058 4444 et
1078 4381 1238 4447 servitutis
1260 4380 1352 4448 dolor
1373 4382 1522 4470 depulsus
1545 4405 1614 4450 esse

186 4476 244 4538 ‘f‘
296 4476 457 4554 videatur}
484 4497 536 4542 res
566 4473 691 4562 publica
717 4475 817 4540 iaceat
844 4471 875 4537 in
907 4473 945 4538 iis
975 4474 1279 4558 perturbationibus,
1316 4477 1448 4563 inques
1471 4477 1615 4543 camille

296 4570 439 4635 coniecit.
493 4573 522 4634 2.
551 4574 635 4635 llaec
656 4568 761 4632 omnia
782 4565 873 4632 vobis
894 4576 966 4632 sunt
986 4568 1198 4654 expedienda,
1227 4591 1286 4635 nec
1313 4570 1374 4636 hoc
1395 4570 1614 4655 cogitandum,

366 4791 393 4841 8.
421 4799 444 4841 at
463 4791 493 4841 ee
511 4791 661 4840 cumtontto
684 4788 722 4839 Μ.
741 4813 775 4822 -
812 4785 904 4851 totum]
933 4794 1062 4840 ettotam
1087 4791 1125 4842 Μ.
1156 4815 1184 4826 -
1222 4793 1265 4844 11.
1285 4791 1354 4856 oppa·
1373 4791 1412 4843 ll:
1443 4791 1512 4855 Appi
1530 4791 1559 4840 ll.
1580 4815 1614 4826 -

297 4861 341 4911 18.
368 4862 469 4910 nultum
490 4861 522 4913 N.
550 4885 582 4896 -
627 4860 671 4909 2³.
689 4871 833 4920 compressu
859 4871 899 4906 res
926 4859 1079 4911 Ernesttus=
1107 4875 1253 4925 comprare
1271 4863 1315 4922 Μ,
1339 4875 1509 4925 compressum
1531 4861 1560 4910 e.
1586 4881 1613 4896 -·

296 4931 341 4982 at.
366 4939 420 4982 tute
443 4931 479 4982 Μ.
509 4956 538 4968 -
577 4931 619 4980 30.
644 4929 821 4980 ἀίισνίὸιιηων
846 4927 883 4976 Μ.
911 4953 944 4962 ·-
980 4931 1023 4981 31.
1050 4933 1122 4982 Fort.
1146 4933 1308 4998 deluuntur.
1344 4931 1385 4984 Cl.
1405 4931 1453 4996 Ep.
1473 4931 1518 4983 2⁹.
1537 4927 1566 4993 §-
1585 4929 1612 4982 2.

297 4999 414 5065 Phtltpp.
434 5000 465 5051 V.
484 5014 509 5052 c.
528 4999 555 5051 1.
575 4997 604 5063 8.
624 5001 667 5052 te.
686 4999 737 5052 Οι.
756 5023 790 5033 -
825 4997 868 5049 33.
887 4997 920 5047 to
937 4998 973 5050 lla
992 5003 1032 5052 tu‘r
1049 5002 1109 5053 llll.
