3668 5924
529 413 602 474 LlB.
623 401 647 474 l.
689 411 884 478 1111211.-
905 411 978 474 LIB.
1000 411 1039 476 ll.
1060 410 1119 474 ΕΡ.
1139 412 1168 473 1.
1441 409 1502 473 399

183 583 215 640 et
242 570 331 642 multi
360 571 472 654 partim
500 566 740 642 malevolentia,
775 567 889 654 purtim
925 565 1074 654 opinione
1108 567 1270 655 aequitatis
1302 565 1505 632 delectantur.

183 674 213 738 5.
241 664 383 734 Metellus
412 671 485 726 tuus
514 668 561 726 est
589 660 734 746 egregius
760 662 879 728 consul.
933 665 1034 728 Unum
1054 660 1268 748 reprehendo,
1297 660 1382 747 quod
1403 663 1528 728 otium

183 758 320 828 nuntiari
350 778 368 822 e
391 755 491 821 Gellia
517 775 581 820 non
608 775 721 841 magno
747 776 845 842 opere
866 756 989 842 gaudet.
1032 755 1140 842 Cupit,
1168 755 1280 831 oredo,
1300 757 1505 844 triumphare.

184 860 253 921 lloo
273 852 386 930 vellem
407 848 613 928 mediocrium
635 859 739 916 cetera
760 851 897 937 egregia.
939 851 1010 917 nuti
1031 849 1113 916 filius
1133 870 1212 916 vero
1232 851 1275 916 ita
1297 871 1330 916 se
1352 851 1447 935 gerit,
1469 862 1505 917 ut

185 949 252 1015 eius
280 945 458 1013 consulatus
486 962 551 1008 non
578 945 756 1010 consulatus
785 946 839 1020 sit,
869 944 925 1010 sed
956 945 1059 1030 Magni
1084 944 1185 1010 nostri
1206 945 1361 1012 ὑπώπιον.
1406 951 1435 1011 6.
1457 950 1530 1010 Dos

185 1044 263 1110 meis
285 1041 422 1126 seriptis,
445 1037 515 1103 misi
535 1035 576 1102 ad
597 1047 627 1103 te
650 1041 769 1104 Graece
789 1038 963 1125 perlectum
985 1037 1180 1104 consulatum
1201 1059 1316 1104 meum.
1365 1043 1445 1106 Eum
1466 1040 1504 1105 li·

143 1150 147 1159 “
185 1137 277 1204 hrum
305 1139 341 1199 L.
371 1131 514 1200 Cossinio
544 1130 626 1196 dedi.
682 1136 760 1198 Puto
787 1141 819 1198 te
844 1133 961 1198 Latinis
990 1133 1067 1198 meis
1096 1131 1260 1208 delectari:
1296 1131 1369 1198 huic
1401 1141 1504 1200 autem

187 1237 307 1298 Graeco
330 1234 482 1296 Graecum
504 1224 656 1291 invidere.
698 1224 760 1292 Alii
781 1227 809 1291 si
829 1226 1025 1313 scripserint,
1047 1227 1206 1292 mittemus
1220 1224 1319 1305 adte;
1342 1227 1407 1302 sed,
1429 1227 1505 1294 mihi

187 1323 296 1398 orode,
318 1321 411 1386 simul
432 1329 526 1404 atque
545 1319 607 1385 lroe
627 1330 770 1386 nostrum
792 1320 951 1405 legerunt,
974 1320 1080 1388 nescio
1102 1341 1165 1407 quo
1186 1331 1277 1407 paeto
1297 1321 1505 1388 retardantur.

186 1425 217 1484 7.
238 1422 326 1482 Nune
348 1447 385 1459 -
410 1423 445 1480 ut
466 1414 505 1479 ad
527 1435 595 1478 rem
624 1435 725 1479 meam
745 1414 873 1480 redeam
893 1451 935 1462 —
957 1419 991 1480 L.
1012 1415 1156 1501 Papirius
1177 1420 1304 1491 Paetus,
1333 1416 1383 1482 vir
1403 1415 1506 1484 honus
1519 1431 1558 1481 un

187 1519 370 1600 amatorque
392 1518 516 1585 noster,
537 1507 615 1574 milri
634 1507 733 1574 libros
755 1529 825 1582 eos,
847 1529 927 1596 quos
950 1513 1017 1574 Ser.
1033 1509 1178 1576 Claudius
1198 1503 1503 1596 reliquitf'donavit.
1556 1525 1559 1535 ’
1630 1435 1659 1564 ί

187 1601 264 1674 Cum
285 1604 363 1670 mihi
382 1625 440 1690 per
460 1604 563 1688 legem
585 1602 721 1669 Cinciam
740 1602 837 1668 lisere
858 1622 970 1687 capere
992 1603 1115 1669 Cincius
1135 1604 1254 1668 amicus
1277 1612 1346 1669 tuns
1368 1603 1546 1678 diceret,

186 1699 319 1766 libenter
347 1698 413 1764 diri
444 1717 494 1762 me
522 1705 738 1781 aceepturum‚
769 1695 797 1762 si
823 1695 983 1762 attulisset.
1031 1701 1119 1762 Nunc
1139 1697 1166 1762 si
1186 1687 1239 1762 iis
1260 1717 1359 1774 amas,
1389 1699 1414 1763 si
1437 1708 1506 1764 tea

187 1813 238 1860 me
264 1790 363 1857 amari
391 1791 467 1866 sois,
497 1790 616 1856 enitere
637 1810 696 1875 per
717 1789 849 1864 amieos,
879 1791 1021 1864 clientes,
1044 1788 1196 1876 hospites,
1219 1788 1348 1856 libertos
1370 1792 1507 1879 denique

187 1907 225 1952 eo
251 1905 359 1950 servos
387 1893 473 1959 tuos,
504 1893 540 1949 ut
560 1882 644 1948 scida
672 1904 712 1948 ne
742 1905 803 1970 qua
824 1883 981 1970 depereat.
1030 1888 1108 1949 Nam
1129 1893 1161 1950 et
1183 1883 1310 1950 Gra'eois
1331 1884 1379 1950 luis
1400 1885 1505 1960 libris,
1520 1901 1545 1941 ¹5

187 2001 268 2068 quos
296 1978 454 2064 suspicor,
484 1987 516 2041 et
536 1976 667 2050 Latinis,
698 1997 777 2064 quos
799 1977 864 2044 scio
885 1977 971 2044 illum
992 1975 1176 2062 reliquisse,
1208 1977 1285 2043 milri
1306 1977 1509 2045 vehementer

188 2095 268 2162 opus
290 2080 347 2138 est.
389 2075 457 2155 Ego
479 2079 582 2136 autem
603 2069 742 2156 quotidie
763 2069 877 2154 magis,
899 2068 983 2156 quod
1003 2069 1081 2136 milri
1102 2071 1141 2136 de
1162 2070 1282 2137 forensi
1301 2071 1410 2138 labore
1431 2083 1510 2139 tem-

187 2167 275 2253 poris
297 2164 402 2237 datur,
425 2164 458 2228 in
479 2162 527 2228 his
549 2162 660 2230 studiis
681 2162 880 2248 conquiesco.
921 2167 981 2228 Per
1002 2163 1098 2240 mihi,
1127 2185 1201 2250 per,
1223 2164 1364 2252 inquam,
1386 2175 1509 2251 matum

188 2259 318 2333 leceris,
340 2258 367 2322 si
389 2257 422 2322 in
443 2257 504 2322 hoo
524 2266 587 2322 tam
610 2256 740 2342 diligens
760 2255 875 2331 fueris,
897 2277 990 2341 quam
1012 2258 1094 2324 soles
1114 2257 1148 2322 in
1168 2258 1207 2324 iis
1227 2256 1338 2336 rebus,
1360 2281 1437 2346 quas
1458 2281 1509 2325 me

188 2352 279 2418 valde
301 2352 381 2417 velle
402 2349 586 2428 arbitraris;
609 2350 771 2437 ipsiusque
791 2349 877 2416 Paeti
898 2349 957 2418 tibi
976 2351 1102 2437 negotia
1116 2351 1318 2427 commendo,
1341 2351 1380 2418 de
1394 2352 1547 2438 quihusn

190 2443 246 2510 tibi
266 2444 320 2511 ille
342 2445 405 2531 agit
425 2444 576 2510 maximas
597 2443 731 2530 gratiam
759 2453 807 2518 et,
834 2452 869 2510 ut
890 2445 953 2512 iam
974 2446 1089 2514 invisas
1109 2466 1183 2525 nos,
1203 2467 1268 2513 non
1289 2446 1391 2512 solum
1412 2467 1510 2533 rogo,

189 2537 244 2604 sed
265 2536 358 2604 etiam
380 2537 508 2604 suadeo.

752 2787 955 2805 —u———nh-

740 3039 892 3100 nmen
911 3041 962 3100 11.
983 3101 984 3104 ,

767 3211 932 3222 -...-.-

681 3337 707 3398 1.
750 3333 798 3416 (a,
825 3337 857 3400 n.
880 3340 912 3402 e.
934 3336 1023 3416 eat.)

671 3460 813 3525 doaso
834 3461 978 3526 trasco
1001 3463 1032 3524 s.

196 3631 225 3699 1.
266 3607 357 3695 Kal.
380 3631 448 3691 Iun.
471 3629 556 3692 eunti
578 3623 655 3691 mihi
676 3627 802 3693 dotium
829 3635 861 3691 et
881 3627 1067 3712 gladiatores
1088 3633 1129 3697 M.
1151 3633 1266 3700 Metelli
1288 3632 1399 3722 cupide
1420 3636 1551 3702 rolin-ra

194 3721 301 3810 quenti
322 3721 407 3786 vonit
428 3717 553 3784 obviam
574 3727 646 3786 tuus
667 3741 757 3807 puer.
799 3723 828 3786 ls
843 3721 920 3786 mibi
939 3723 1056 3790 litteras
1077 3723 1132 3791 abs
1154 3734 1183 3792 te
1206 3739 1237 3795 et
1257 3730 1513 3797 commentarium

193 3817 371 3881 consulatus
400 3813 464 3878 mei
486 3819 603 3880 Graece
635 3815 785 3903 scriptum
807 3815 952 3883 reddidit.
1004 3823 1040 3884 lu
1062 3841 1125 3907 quo
1148 3821 1277 3888 laetatus
1298 3846 1365 3890 sum
1388 3847 1438 3892 me
1461 3827 1516 3893 ali-

193 3921 310 3996 quanto
338 3917 409 3972 ante
437 3906 476 3972 de
506 3907 617 3974 iisdem
645 3907 742 3974 rebus
766 3914 883 3978 Graeoo
911 3910 986 3977 item
1007 3913 1158 4000 seriptum
1180 3914 1293 3981 librum
1315 3922 1350 3983 1..
1373 3920 1514 3986 Cossinio

193 4002 234 4067 ad
263 4011 293 4066 te
321 4000 544 4088 perferendum
566 4001 701 4068 dedisse.
742 4008 834 4078 Nam,
864 4003 891 4070 si
912 4026 972 4092 ego
993 4015 1080 4072 tunm
1103 4016 1174 4073 ante
1194 4008 1356 4094 legissem,
1379 4011 1514 4079 iuratum

193 4115 245 4160 me
274 4095 329 4161 ahs
358 4105 388 4162 te
417 4115 486 4160 esse
515 4094 647 4162 diceres.
701 4098 897 4185 Quamquam
925 4107 978 4166 tua
997 4100 1050 4166 illa
1070 4141 1112 4152 -
1133 4101 1196 4188 legi
1217 4102 1298 4168 enim
1319 4105 1453 4172 libenter
1474 4127 1553 4167 -eo

194 4189 357 4257 horridulo
385 4188 462 4254 mihi
490 4197 582 4276 atque
610 4190 767 4278 incompta
795 4192 862 4257 visa
882 4202 971 4272 sunt;
999 4193 1055 4260 sed
1086 4204 1189 4260 mmen
1216 4205 1304 4263 erant
1325 4209 1435 4265 ornata
1456 4197 1517 4264 hoo

194 4283 281 4370 ipso,
314 4282 401 4370 quod
428 4291 612 4349 ornamenta
639 4285 856 4371 neglexerant,
886 4295 933 4362 et,
956 4297 991 4352 ut
1017 4288 1183 4366 mulieres,
1211 4290 1284 4356 ideo
1312 4289 1391 4357 bene
1412 4292 1516 4366 olere,

196 4375 268 4462 quia
288 4376 366 4442 nihil
388 4375 529 4454 olebant,
557 4377 754 4448 videbantur.
811 4383 899 4445 Meus
920 4388 1023 4446 autem
1044 4380 1126 4447 liber
1145 4389 1246 4450 totum
1266 4386 1397 4451 Isocrati
1416 4413 1518 4472 μυρο-
1552 4390 1553 4394 ’

265 4567 291 4618 ³.
314 4571 466 4620 nuntiaris
485 4570 573 4622 Gellia
594 4571 637 4620 ll:
665 4572 786 4622 nuntiari
804 4571 893 4622 Gallio
909 4572 955 4634 11,
985 4573 1106 4625 eGollio
1122 4579 1244 4628 ouottori
1261 4578 1292 4628 11.
1328 4601 1355 4612 -
1392 4592 1447 4629 nors
1463 4593 1520 4630 mo·

194 4649 307 4703 paupers
324 4641 447 4690 enodare·
466 4641 487 4688 1.
508 4667 541 4676 -
576 4640 602 4690 6.
621 4639 771 4704 perfeetum]
788 4644 963 4706 perscriptum
980 4644 1138 4696 Lambinus.
1159 4671 1188 4683 -
1226 4649 1269 4699 11.
1290 4649 1396 4699 Clodius
1412 4649 1521 4700 Lambi-

195 4722 258 4758 nus.
296 4708 352 4760 Csr.
371 4710 405 4759 ad
425 4711 500 4759 Fam.
519 4709 566 4759 IX.
586 4711 630 4761 16.
661 4733 693 4745 -
729 4711 772 4761 13.
791 4713 1003 4765 siummowl.
1027 4741 1059 4752 -
1096 4718 1521 4780 emolamentum·

197 4785 222 4829 te
233 4781 321 4830 amors·
333 4794 350 4829 u
361 4781 461 4828 mercis
479 4781 501 4830 l.
526 4803 552 4813 -
575 4781 618 4830 15.
637 4779 713 4830 eredo
730 4781 766 4840 R,
784 4781 878 4832 seledo
897 4782 919 4832 1.
938 4807 972 4822 -
989 4786 1023 4833 s's's
1039 4785 1072 4836 11.
1089 4812 1117 4824 -
1139 4788 1181 4836 17.
1200 4789 1299 4852 sorensi
1317 4790 1406 4840 labore
1423 4796 1521 4854 tempo-

195 4845 245 4912 re's]
263 4850 361 4914 toroni
379 4853 501 4912 temporis
518 4849 567 4910 M,
597 4851 694 4915 sorensi
712 4857 824 4913 tempore
841 4851 875 4900 lt.
908 4878 938 4890 -
975 4854 1151 4907 1111111113
1178 4858 1212 4906 is's
1229 4859 1260 4908 Ε.
1291 4883 1326 4898 -
1366 4861 1409 4912 19.
1429 4863 1462 4910 tls
1479 4861 1518 4911 lte

196 4918 351 4969 11116.-
387 4920 428 4968 21.
449 4927 508 4985 opst
526 4919 548 4968 1.
569 4945 601 4956 -
637 4920 681 4969 27.
700 4932 756 4970 sum
773 4934 813 4970 me
830 4922 968 4986 eliquanto
985 4925 1037 4975 1112
1056 4939 1113 4977 rum
1130 4927 1267 4991 eliquanto
1283 4930 1344 4982 1111.
1368 4953 1396 4964 -
1422 4930 1520 4981 1661

198 5003 239 5052 pr.
258 4987 296 5038 11.
315 4989 462 5049 (mado.
483 5003 539 5052 rur.
557 4984 613 5049 11.)
648 5013 676 5024 -
714 4991 757 5040 36.
776 4991 929 5048 ttlotuol.
951 5019 980 5030 -
1017 4995 1061 5046 66.
1080 4999 1339 5051 roeruttorotdsotum
1356 5014 1397 5064 pr.
1415 5000 1460 5062 11,
1478 5013 1519 5052 so·

197 5061 267 5110 eruti
283 5059 476 5109 asinottaos'um
493 5073 564 5112 eorr.
582 5061 628 5122 11,
648 5061 772 5112 Isocratis
788 5059 974 5134 propo‘eq'xtov
992 5062 1024 5116 a.
