3666 5874
323 395 365 456 be
756 386 1032 453 EPISTOIARUM
1052 388 1104 452 Ab
1125 387 1217 452 ΕΔΜ.

322 547 434 616 litteris
454 565 526 612 cnm
544 543 680 612 formam
697 545 744 610 rei
762 543 906 632 publicae
926 542 1075 616 viderim,
1100 542 1194 629 qualo
1217 539 1394 610 aedificium
1420 541 1563 610 murrum
1585 542 1644 620 u't,

322 642 403 708 seire
419 639 548 726 possim.
605 643 635 706 2.
657 643 765 727 Neque
790 649 896 704 tamen
914 637 1016 704 adbuc
1038 636 1162 711 babeo,
1192 635 1278 724 quod
1299 646 1332 703 te
1355 657 1521 716 accusem
1543 657 1647 724 neque

321 736 404 802 enim
429 732 504 807 fuit,
527 729 613 820 quod
632 743 667 798 tu
688 733 757 818 plus
780 731 951 819 providere
973 752 1096 818 posses,
1119 750 1214 817 quam
1239 730 1342 817 quivis
1368 735 1512 796 nostrum
1535 731 1568 796 in
1581 731 1645 818 pri·

321 830 444 915 misque
467 847 551 912 ego,
575 826 629 914 qui
651 845 723 892 cum
752 828 903 913 Pompeio
918 825 1096 911 complures
1119 822 1188 890 dies
1210 823 1303 890 nullis
1329 823 1362 888 in
1382 823 1451 890 aliis
1471 825 1532 890 nisi
1553 824 1593 892 de
1611 846 1647 892 re

299 921 446 1010 apubliea
465 920 663 988 sermonibus
680 929 822 988 versatus
847 941 933 995 sum:
955 940 1037 1005 quae
1057 939 1116 984 nec
1138 928 1269 1004 possunt
1283 916 1379 984 scribi
1399 939 1457 984 nec
1480 917 1646 984 scribenda

321 1026 403 1083 sunt.
445 1021 578 1082 Tantum
600 1014 731 1090 habeto,
762 1015 862 1081 civem
890 1012 1051 1097 egregium
1079 1032 1148 1080 esse
1177 1011 1362 1098 Pompeium
1392 1021 1423 1077 et
1450 1011 1491 1077 ad
1522 1012 1645 1084 omnm,

319 1131 403 1198 quae
423 1109 712 1197 providendavsnnt
731 1109 765 1175 in
786 1129 822 1174 re
844 1106 989 1195 publica,
1012 1115 1043 1174 et
1064 1106 1170 1170 animo
1192 1115 1223 1172 et
1244 1105 1377 1174 consilio
1397 1114 1553 1192 puratum.

494 1233 596 1310 stcre
616 1231 656 1294 du
678 1239 705 1293 te
725 1232 857 1304 bomini,·
878 1230 1098 1310 conplectatur,
1121 1227 1311 1292 mihicrede.

321 1355 387 1418 lam
415 1349 510 1416 iidem
530 1350 575 1415 illi
604 1359 634 1416 et
656 1347 732 1415 boni
757 1359 788 1415 et
807 1347 881 1414 mali
902 1349 986 1414 cives
1010 1346 1170 1422 videntur,
1208 1347 1263 1436 qui
1288 1345 1379 1414 uobis
1409 1345 1510 1412 videri
1532 1348 1643 1414 solent.

286 1447 441 1530 uitligo
465 1465 536 1508 cum
558 1443 685 1509 Athenis
707 1442 816 1509 decem
839 1443 924 1529 ipsos
951 1442 1018 1508 dies
1040 1441 1187 1516 fuissem,
1217 1443 1411 1529 multumque
1426 1463 1549 1508 mecum
1573 1441 1644 1508 Gal·

322 1537 370 1602 lus
393 1547 501 1602 nester
522 1537 689 1610 Caninius,
711 1535 935 1623 proficiscebar
956 1534 1029 1602 inde
1054 1534 1156 1622 pridie
1176 1539 1279 1600 Nonas
1304 1535 1477 1613 Quintiles,
1499 1558 1571 1602 cum
1586 1537 1646 1602 boc

322 1630 362 1696 ad
382 1641 412 1697 te
429 1631 603 1696 litterarum
619 1629 701 1696 dedi.
745 1629 814 1696 Tibi
834 1650 905 1694 eum
920 1629 1026 1696 omnia
1042 1635 1111 1694 nien
1135 1626 1440 1694 commendatissima
1455 1649 1523 1694 esse
1541 1629 1645 1715 cupio,

322 1734 388 1791 tum
412 1723 487 1789 nibil
512 1724 610 1810 magis
639 1745 733 1811 quam
761 1745 800 1788 ne
830 1734 953 1809 tempus
978 1720 1081 1801 nobis,
1095 1721 1278 1809 provinciae
1306 1734 1514 1808 prorogetur:
1549 1723 1645 1790 ineo

322 1817 399 1883 mibi
421 1827 492 1883 sunt
517 1817 633 1884 omnia.
677 1816 771 1896 Quod
792 1817 919 1905 quando
945 1827 977 1884 et
995 1815 1156 1904 quomodo
1180 1825 1210 1882 et
1235 1835 1294 1902 per
1314 1837 1395 1902 quos
1418 1815 1574 1903 agendum
1596 1817 1644 1894 sit,

287 1931 313 1972 ιι
322 1920 357 1977 tu
377 1911 497 1998 optime
519 1912 698 1978 constitues.

796 2053 851 2116 IX.
908 2052 946 2116 A.
972 2051 1004 2115 ll.
1027 2053 1059 2116 C.
1082 2052 1154 2115 703.

427 2169 469 2231 bl.
491 2165 635 2231 CICERO
657 2165 822 2230 PROCOS.
845 2166 877 2227 S.
894 2054 936 2229 (D.
958 2167 999 2227 bl.
1022 2049 1167 2228 CAEthd
1186 2163 1321 2228 AEDILI
1343 2163 1428 2228 cun.
1450 2165 1536 2228 ΒΕΘ.
1614 2163 1624 2192 ·“

410 2289 439 2351 l.
461 2286 602 2350 Primum
620 2282 690 2358 tibi,
722 2292 756 2349 ut
778 2281 896 2357 debeo,
933 2283 1074 2368 gratulor
1095 2282 1258 2369 laetorque
1281 2303 1353 2348 eum
1373 2283 1544 2392 praesenti,
1578 2294 1644 2353 turn

322 2380 417 2446 etiam
433 2389 558 2466 sperata
571 2387 626 2443 tua
641 2377 811 2486 dignitate,
834 2376 951 2451 serius,
976 2396 1038 2441 non
1058 2375 1245 2462 negligentia
1268 2397 1354 2449 mea,
1377 2375 1458 2444 sedi
1448 2376 1645 2461 ignoratione

284 2497 430 2544 serarum
451 2473 610 2538 omnium:
640 2471 672 2536 in
694 2471 733 2536 iis
755 2472 838 2537 enim
861 2491 930 2535 sum
962 2469 1056 2544 locis,
1094 2490 1158 2556 quo
1181 2479 1212 2535 et
1233 2479 1363 2556 propter
1384 2455 1645 2558 longinquitatem

323 2579 355 2636 et
378 2577 511 2655 propter
540 2563 703 2630 latrocinia
732 2562 909 2629 tardissime
935 2561 1040 2627 omnia
1066 2562 1277 2649 perferuntur.
1320 2567 1358 2628 Et
1387 2583 1458 2628 eum
1485 2563 1644 2648 gratulor,

322 2671 389 2729 tum
421 2682 514 2733 vero,
550 2656 666 2746 quibus
697 2657 802 2723 verbis
834 2655 891 2723 tibi
920 2655 1270 2741 presumpturos
1302 2656 1445 2743 reperio,
1481 2657 1568 2745 quod
1602 2658 1644 2725 ita

322 2755 422 2822 factus
446 2756 506 2827 sis,
542 2763 578 2818 ut
606 2751 732 2818 dederis
754 2749 861 2824 nobis,
892 2747 1156 2836 quemadmodum
1180 2750 1350 2836 scripseras
1379 2749 1419 2814 ad
1446 2772 1513 2825 me,
1550 2773 1645 2838 quem

322 2870 448 2936 semper
464 2845 570 2913 ridere
592 2865 767 2932 possemus.
810 2847 918 2931 ltaque
933 2863 1004 2906 cum
1021 2841 1157 2927 primum
1173 2842 1295 2918 audivi,
1318 2863 1378 2927 ego
1394 2843 1474 2908 ille'
1464 2865 1531 2930 ipse
1544 2844 1645 2910 faetus

284 2970 313 3012 ss
322 2965 392 3010 sum
415 2978 454 2990 -
477 2942 539 3007 scis
562 2962 657 3030 quem
677 2939 845 3006 dicam—
872 2936 986 3023 egique
1007 2957 1117 3002 omues
1135 2937 1206 3002 illos
1232 2935 1461 3011 adolescentes,
1489 2958 1570 3024 quos
1592 2938 1645 3003 ille

322 3037 437 3102 actitat.
481 3035 665 3102 suifficsse
686 3043 733 3100 est
747 3031 846 3120 loqui.
889 3037 933 3098 Te
955 3040 1060 3098 autem
1075 3031 1289 3118 contemplans
1306 3029 1466 3097 absentem
1483 3031 1537 3118 [et]
1554 3033 1644 3120 quasi

320 3141 425 3197 tecum
448 3151 556 3196 eoram
577 3129 745 3216 loquerer.

447 3245 514 3308 Non
535 3243 650 3324 edepol,
674 3251 817 3324 pentem
838 3242 933 3324 egeris
955 3260 1018 3303 rem
1038 3260 1129 3323 neque
1150 3247 1297 3321 quantum
1315 3239 1437 3320 [acinus
1454 3239 1572 3320 seceris.

322 3353 417 3431 Quod
434 3352 509 3439 quia
530 3362 657 3439 praeter
678 3351 859 3439 opinionem
878 3350 956 3416 mibi
977 3350 1153 3423 acciderat,
1176 3347 1357 3414 referebam
1383 3369 1434 3414 mc
1455 3349 1496 3414 ad
1514 3349 1608 3416 illud:

284 3495 313 3538 η
452 3466 626 3528 Incredibile
648 3467 703 3528 boe
720 3467 807 3548 foetu
827 3465 978 3526 obiicitur.

324 3578 463 3661 Repente
498 3595 576 3640 vero
609 3578 717 3640 incessi
748 3577 885 3638 omnibus
915 3575 1133 3640 laetitiis...
1186 3577 1222 3638 lu
1247 3595 1312 3660 quo
1341 3595 1413 3639 cum
1439 3572 1643 3660 obiurgaret,

324 3669 410 3756 quod
433 3669 532 3734 nimio
553 3669 670 3753 gaudio
691 3689 791 3754 paene
813 3667 1003 3754 desiperem,
1027 3669 1070 3734 ita
1092 3687 1142 3734 mc
1163 3666 1385 3734 defendebam:

453 3783 522 3864 Epo
542 3783 721 3863 voluptutem
741 3784 837 3845 enimi
856 3783 984 3844 nimiam
1006 3828 1014 3846 .
1038 3829 1046 3846 .
1069 3827 1077 3844 .

324 3890 408 3971 Quid
429 3891 579 3979 quaeris?
611 3890 687 3957 dum
713 3891 801 3957 illum
830 3889 936 3965 rideo,
973 3913 1072 3978 paene
1097 3912 1166 3957 sum
1192 3891 1292 3957 faetus
1318 3891 1381 3957 ille.
1424 3897 1455 3958 3.
1478 3891 1539 3958 Sed
1569 3893 1646 3959 baec

284 3984 467 4072 „pluribus
497 3985 658 4072 multaque
690 3984 750 4050 alia
784 3993 816 4050 et
840 3984 880 4050 de
903 3995 934 4050 te
967 3994 998 4051 et
1027 3984 1066 4050 ad
1092 3995 1138 4060 te,
1168 4007 1240 4050 cum
1270 3985 1408 4071 primum
1438 4006 1494 4050 ero
1526 3988 1645 4074 aliquid

324 4088 434 4144 nactus
458 4079 526 4145 otii.
582 4084 625 4145 Te
651 4101 744 4154 vero,
768 4077 810 4142 mi
832 4079 932 4152 Rufe,
956 4078 1073 4164 diligo,
1096 4099 1191 4165 quem
1216 4078 1292 4143 mihi
1314 4079 1441 4144 fortuna
1467 4079 1552 4145 dedit
1580 4103 1646 4146 am-

217 4181 241 4273 ,2
324 4173 532 4260 plificatorem
555 4171 713 4258 dignitatis
735 4194 840 4248 meae,
863 4172 999 4239 ultorem
1025 4193 1089 4237 nen
1112 4172 1244 4238 medo
1235 4171 1450 4246 inimicorum,
1473 4172 1529 4237 sed
1552 4175 1646 4241 etiam

227 4300 250 4390 3
323 4266 504 4333 invidorum
525 4287 686 4346 meorum;
708 4276 743 4332 ut
768 4287 824 4332 eos
843 4261 958 4352 partim
979 4266 1134 4331 scelerum
1155 4288 1307 4344 suorum,
1330 4268 1445 4355 partim
1468 4268 1591 4334 etiam
1581 4291 1648 4334 sne·

321 4361 459 4447 ptiarum
481 4360 666 4447 poeniteret.

390 4553 417 4603 8.
438 4553 549 4604 Prosarn
577 4552 727 4602 orationem
752 4554 892 4603 continuat
919 4552 1069 4603 Ernestius.
1089 4577 1119 4589 -
1141 4551 1313 4614 Quamobrem
1333 4553 1477 4604 Sentenlus
1495 4553 1529 4604 ad
1547 4552 1647 4604 Teran-

320 4623 425 4674 tianum
451 4637 478 4688 p.
498 4623 560 4674 2³0.
583 4647 613 4659 -
645 4621 825 4684 cmnptectetur
842 4630 867 4673 te
891 4623 1033 4676 Graevius.
1056 4621 1102 4672 Est
1120 4621 1233 4672 fortasse
1251 4622 1347 4674 Lucilii
1367 4623 1526 4676 versiculus.
1545 4623 1594 4674 01.
1612 4647 1644 4658 -

321 4693 348 4744 9.
367 4695 435 4744 idem
452 4693 490 4746 M.
511 4715 542 4728 -
561 4693 605 4742 20.
625 4694 659 4742 iis
671 4691 751 4742 illari.
766 4693 895 4754 Lagona:
915 4695 955 4744 bis
972 4693 1032 4744 bili.
1047 4719 1079 4730 -
1098 4691 1142 4741 23.
1161 4694 1261 4758 [actm
1277 4694 1313 4743 sit
1330 4693 1426 4744 Aldus.
1442 4720 1467 4730 ··
1491 4693 1536 4744 bd.
1552 4695 1647 4744 actitat

322 4761 469 4813 Lambinus
489 4759 529 4822 (io
549 4776 603 4825 mg.
624 4759 758 4825 separet:
785 4764 890 4813 lectitet
909 4764 970 4814 ltili.
992 4787 1022 4798 -
1043 4771 1067 4814 et
1086 4768 1195 4813 auctore
1216 4762 1338 4814 Ernestio
1363 4778 1418 4814 om.
1439 4763 1517 4815 biart.
1537 4764 1602 4824 Lag.
1615 4788 1643 4800 -

321 4831 366 4882 28.
387 4846 441 4884 ratu
458 4835 539 4898 epam
556 4833 636 4884 biart.
658 4833 743 4894 bag..
763 4835 845 4897 aperis
863 4847 931 4890 rem,
952 4842 1080 4898 quantum
1097 4831 1285 4882 Lueuemanu.
1307 4857 1337 4870 -
1357 4835 1401 4884 ³1.
1420 4835 1512 4884 incessi
1531 4833 1648 4884 omnibus

322 4901 429 4954 iustitiis
454 4908 590 4967 tamquam
610 4903 749 4954 Ciceronis
768 4904 849 4962 rerba
867 4904 974 4954 exbibet
992 4905 1022 4955 ll.
1042 4928 1077 4940 -·
1113 4902 1222 4954 laetitiis
1246 4903 1329 4954 lustru
1348 4903 1427 4954 Mart.
1453 4902 1592 4966 Lag.,t2lr.
1613 4903 1647 4952 de

323 4971 402 5094 ξίίιιιι.
421 4973 456 5032 2,
476 4973 502 5024 l.
530 4973 651 5092 *8³³⁸
671 4969 764 5036 enimi]
792 4974 891 5024 bomini
908 4974 947 5025 Μ.
967 4999 995 5012 -
1034 4974 1078 5026 35.
1098 4969 1166 5037 eum]
1193 4987 1271 5038 quem
1290 4973 1327 5024 bl.
1355 4997 1385 5009 -
1422 4973 1466 5025 tte.
1485 4979 1578 5024 nostres
1596 4974 1646 5024 otii

361 5043 437 5093 :otii
454 5049 546 5093 nectus
599 5077 605 5092 .
