3658 5930
329 387 393 450 ccl
817 381 878 447 ΕΡ.
901 382 954 443 ΑΙ)
976 379 1151 443 ATTICUM

329 543 423 609 velim
452 541 530 606 mibi
557 540 662 604 mittas
692 547 724 604 et
750 559 769 604 a
790 536 966 604 Philoxeno
987 541 1177 603 Παναιτίου
1199 547 1485 623 κερ1κρονοίας.
1560 537 1620 598 Te
1645 530 1728 597 ldib.

327 635 443 704 videbo
466 656 537 701 cnm
559 639 631 700 tuis.

805 776 860 838 nr.
903 775 955 856 (a,
980 775 1014 839 u.
1037 774 1070 838 e.
1092 769 1179 854 nos.)

814 897 957 962 CICERO
979 897 1123 960 ATTICO
1147 897 1178 960 S.

303 1035 318 1074 a
415 1018 443 1077 1.
466 1008 673 1077 Commodum
695 1007 883 1074 discesseras
916 1006 1001 1081 beri,
1036 1027 1109 1071 cum
1130 1005 1295 1072 Trebatius
1317 1007 1419 1080 venit,
1468 1006 1619 1093 paullo
1645 1014 1720 1091 post
1786 1025 1787 1034 ¹

327 1106 470 1181 Curtius;
493 1103 544 1168 bic
565 1101 719 1169 salutandi
741 1122 851 1176 causa,
879 1100 934 1166 sed
957 1100 1070 1165 mansit
1091 1100 1247 1166 invitatus.
1290 1097 1488 1167 Trebatium
1519 1099 1720 1164 uobiscum

325 1199 487 1266 babemus.
511 1198 613 1264 Hodie
630 1217 720 1261 mane
732 1194 902 1261 Dolabella.
924 1194 1039 1260 Multus
1055 1215 1159 1260 sermo
1174 1194 1212 1259 ad
1227 1195 1360 1260 multum
1374 1194 1483 1259 diem.
1515 1193 1625 1258 Nibil
1639 1212 1717 1278 pos-

326 1316 395 1360 sum
419 1295 523 1360 dicere
545 1303 778 1374 ἐκτενέστερον,
801 1289 878 1354 nibil
892 1291 1198 1374 φιλοστοργότερον.
1243 1295 1376 1354 Veulum
1399 1296 1448 1353 esl
1481 1287 1648 1352 tandem
1674 1285 1715 1348 ad

328 1388 489 1465 Quintum.
544 1386 640 1452 Multa
670 1386 803 1466 ἄφατα,
832 1386 1010 1468 ἀδιήγητα·
1041 1384 1097 1448 sed
1124 1405 1223 1448 unum
1253 1384 1424 1461 eiusmodi,
1461 1382 1602 1470 quod,
1646 1379 1712 1444 nisi

290 1482 485 1547 roexercitus
507 1481 615 1554 sciret,
638 1500 702 1545 nou
724 1479 820 1545 modo
843 1477 952 1543 Tironi
974 1476 1109 1549 dictare,
1132 1477 1188 1541 sed
1210 1498 1249 1542 ne
1271 1478 1340 1564 ipse
1362 1477 1507 1564 quidem
1529 1475 1709 1541 auderem

326 1573 477 1641 scribere.
532 1574 594 1640 Sed
622 1574 781 1638 hacteuus.
838 1575 1010 1656 Εὔκαιρος
1040 1570 1079 1636 ad
1101 1591 1152 1636 me
1175 1571 1274 1647 venit,
1296 1593 1368 1636 cum
1389 1570 1577 1659 haberem
1602 1567 1707 1634 Dola-
1787 1613 1788 1616 ,

326 1665 458 1746 bellam,
498 1675 698 1754 Torquatus;
733 1666 1018 1752 humanissimeque
1052 1663 1230 1739 Dolabella,
1268 1666 1382 1752 quibus
1409 1664 1541 1731 verbis
1583 1681 1703 1730 mum

327 1761 478 1847 egissem,
501 1760 658 1848 exposuit.
712 1759 919 1827 Commodum
942 1759 1025 1824 enim
1047 1779 1173 1844 egeram
1195 1760 1450 1845 diligentissime;
1491 1779 1601 1846 quae
1626 1754 1700 1820 dili·
1786 1787 1788 1838 l

327 1855 430 1942 gentia
460 1866 548 1940 grata
577 1866 624 1921 est
656 1854 723 1920 visa
752 1861 922 1941 Torquato.
980 1857 1058 1918 Db
1086 1862 1116 1918 te
1139 1865 1304 1940 exspecto,
1338 1854 1462 1940 siquid
1493 1854 1547 1919 de
1576 1859 1696 1918 Bruto.

291 1973 318 2012 m
329 1953 525 2037 Quamquam
547 1951 648 2014 Nicias
671 1948 846 2015 conlectum
870 1947 1014 2034 putabat;
1041 1947 1095 2012 sed
1119 1947 1290 2012 divortium
1313 1969 1377 2013 non
1397 1947 1563 2033 probari.
1619 1947 1693 2021 Qua
1785 1961 1788 2070 ρ

327 2043 421 2108 etiam
444 2044 542 2128 magis
565 2043 675 2110 laboro
694 2044 794 2118 idem,
824 2043 909 2130 quod
931 2053 975 2109 tu.
1020 2043 1052 2108 Si
1075 2042 1150 2129 quid
1172 2053 1220 2108 est
1241 2043 1323 2106 enim
1347 2042 1574 2116 offensionis,
1611 2039 1691 2104 baec

325 2159 378 2202 res
401 2140 520 2205 mederi
542 2149 655 2225 polest.
704 2138 780 2204 Mihi
811 2138 964 2223 Arpinum
993 2137 1129 2202 eundum
1158 2147 1215 2202 est.
1258 2141 1333 2201 Nam
1356 2144 1493 2222 etopus
1525 2145 1588 2202 est
1612 2153 1690 2198 can-
1778 2202 1782 2227 Ι

326 2233 414 2298 stitui
442 2254 460 2297 a
488 2233 579 2298 nobis
610 2232 663 2298 illa
693 2232 872 2319 praediola;
911 2243 1095 2304 eluerent,
1131 2252 1172 2296 ne
1194 2230 1330 2296 exeundi
1352 2240 1492 2316 potestas
1523 2252 1602 2296 non
1627 2229 1684 2298 sit,
1779 2240 1785 2323 j

327 2346 399 2390 cnm
421 2329 536 2392 Caesar
556 2327 695 2402 renerit;
728 2327 767 2392 de
789 2327 878 2392 cuius
906 2325 1040 2391 adventu
1068 2347 1138 2390 eam
1161 2325 1341 2412 opinionem
1363 2325 1536 2392 Dolabella
1565 2322 1678 2391 habel.
1775 2330 1782 2377 ι’

178 2423 183 2439 ’
290 2435 421 2504 anquam
449 2429 485 2485 tu
513 2424 726 2485 coniecturam
754 2417 890 2486 faciebas
919 2440 962 2485 ex
989 2419 1101 2484 litteris
1128 2419 1289 2485 Messalae.
1341 2423 1419 2484 Cum
1441 2418 1522 2484 illuc
1548 2435 1680 2484 venero

327 2505 578 2674 {atelleperoque
600 2513 675 2600 quid
697 2514 816 2599 negotii
837 2512 895 2590 sit,
918 2523 1004 2588 tum,
1038 2513 1079 2578 ad
1100 2535 1181 2600 quos
1202 2512 1271 2578 dies
1292 2510 1452 2578 rediturus
1475 2514 1565 2589 sim,
1598 2509 1682 2576 scti-

351 2625 441 2671 ama
484 2619 526 2680 to.

811 2753 849 2816 X.
892 2751 942 2830 (A.
969 2752 1003 2814 ll.
1025 2751 1058 2816 C.
1081 2749 1167 2828 709.)

811 2873 954 2938 CICERO
976 2872 1122 2938 ATTICO
1145 2872 1177 2936 S.

290 3015 319 3060 ατ
416 2989 444 3050 1.
471 2986 598 3051 Minime
627 2985 729 3050 miror
754 2991 785 3049 te
812 2992 844 3050 et
871 2983 1010 3070 graviter
1038 2982 1122 3048 lerre
1151 2983 1191 3048 de
1213 2983 1360 3050 Marcello
1382 2993 1414 3050 et
1435 2985 1529 3072 plura
1556 2981 1667 3050 vereri

328 3077 460 3162 periculi
488 3098 613 3165 genera.
668 3079 747 3156 Quis
777 3079 861 3143 enim
891 3078 951 3144 boc
977 3077 1117 3153 timeret,
1151 3077 1237 3165 quod
1259 3099 1361 3165 nequa
1383 3079 1543 3146 acciderat
1574 3087 1666 3144 autea

329 3191 388 3235 neo
408 3169 574 3238 videbatur
594 3183 705 3238 natura
726 3172 827 3247 serre,
850 3182 886 3237 ut
906 3171 1049 3236 accidere
1070 3179 1197 3258 posset?
1220 3173 1332 3238 Omnia
1352 3173 1450 3258 igitur
1477 3165 1662 3240 metuenda.

329 3265 389 3330 Sed
412 3266 488 3331 illud
518 3269 610 3353 παρὰ
637 3268 694 3343 τὴν
715 3275 878 3351 ἱστορίαν,
917 3275 951 3331 tu
981 3267 1184 3352 praesertim:
1219 3287 1302 3342 „me
1331 3267 1538 3354 reliquum
1570 3287 1663 3332 cou-

328 3358 536 3426 sularem.”
593 3360 697 3438 Quid‘l
725 3360 782 3426 tibi
809 3361 937 3426 Servius
959 3360 1036 3445 quid
1057 3360 1206 3426 videtur?
1236 3364 1434 3448 Quamquam
1457 3362 1517 3428 boc
1540 3361 1657 3427 nullam

291 3453 367 3532 wad
395 3465 515 3539 partem
544 3455 627 3520 valet
655 3445 786 3530 scilic'et,
821 3454 898 3520 mibi
925 3455 1127 3540 praesertim,
1155 3457 1209 3541 qui
1238 3477 1302 3522 non
1323 3457 1426 3521 minus
1448 3454 1531 3521 bene
1554 3465 1658 3522 actum

328 3569 399 3614 cum
422 3549 482 3614 illis
504 3558 622 3636 putem.
665 3548 750 3626 Quid
772 3549 854 3612 enim
877 3554 1007 3614 sumus?
1036 3558 1089 3613 aut
1111 3549 1186 3634 quid
1209 3570 1277 3614 esse
1299 3555 1486 3636 possumus?
1509 3550 1653 3617 domina.

327 3664 366 3708 au
389 3642 490 3707 loris?
527 3642 683 3720 Quodnisi
711 3642 787 3707 mibi
817 3641 877 3707 boc
906 3643 1044 3707 venisset
1064 3642 1097 3706 in
1118 3655 1269 3719 mentem,
1307 3643 1446 3710 scribere
1467 3644 1526 3709 ista
1549 3641 1654 3710 nescio

328 3757 424 3824 quae,
448 3757 512 3823 quo
534 3748 691 3802 verterem
713 3757 780 3811 me,
814 3757 877 3801 non
900 3735 1059 3802 haberem.
1101 3741 1132 3802 2.
1154 3736 1200 3803 Ad
1221 3737 1434 3814 Dolabellam,
1468 3750 1504 3803 ut
1525 3736 1650 3808 scribis,

327 3832 370 3896 ita
398 3844 476 3917 puto
505 3831 697 3905 laciendum,
734 3829 904 3908 κοινότερα
935 3831 1088 3916 quaedam
1119 3840 1149 3896 et
1180 3833 1423 3917 πολιτικώτερα.
1464 3832 1652 3898 Faciendum

291 3958 319 4001 ορ
328 3935 414 3992 certe
435 3925 552 4012 aliquid
574 3934 637 4003 est;
659 3925 751 3991 valde
773 3925 857 3990 enim
879 3923 1045 3990 desiderat.
1103 3931 1134 3991 3.
1156 3931 1271 3991 Brutus
1293 3927 1319 3992 si
1341 3925 1434 4013 quid,
1457 3926 1597 4001 curabis,
1617 3931 1649 3989 ut

328 4020 441 4098 sciam3
474 4020 526 4085 cui
552 4019 680 4106 quidem
703 4018 956 4107 quamprimum
980 4019 1137 4105 agendum
1158 4029 1254 4106 puto,
1281 4021 1467 4106 praesertim
1489 4025 1514 4086 si
1536 4018 1647 4087 statuit.

329 4115 568 4181 Sermuuculum
593 4114 675 4178 enim
699 4135 824 4180 omnem
847 4123 900 4178 aut
925 4114 1108 4179 restinxerit
1128 4123 1182 4179 aul
1204 4114 1330 4181 sedarit.
1374 4119 1451 4182 Sunt
1473 4116 1576 4191 euim,
1598 4111 1647 4200 qui

331 4218 490 4295 aquantur
519 4209 613 4274 etiam
643 4229 778 4274 mecum.
830 4206 893 4274 Sed
919 4206 998 4273 baec
1026 4209 1093 4295 ipse
1121 4209 1253 4294 optime,
1290 4209 1475 4296 praesertim
1502 4210 1529 4274 si
1560 4211 1646 4276 etiam

327 4313 428 4370 tecum
457 4304 614 4390 loquetur.
658 4303 734 4368 Mihi
764 4311 811 4368 est
839 4303 872 4367 in
902 4302 1007 4368 animo
1029 4301 1185 4389 proficisci
1207 4323 1257 4368 xi.
1279 4303 1346 4373 Kal.
1389 4303 1448 4368 Hic
1470 4304 1553 4369 enim
1576 4299 1645 4368 nibil

396 4458 422 4509 d·
452 4457 554 4507 Callias
580 4457 626 4507 Rl.
656 4481 683 4491 -
722 4459 749 4506 8.
779 4457 887 4507 tandem
910 4457 1034 4507 Manntlo
1060 4465 1171 4507 auctore
1199 4457 1369 4508 Sabuatalus:
1398 4463 1486 4506 tamea
1503 4459 1597 4510 statu.
1616 4479 1644 4492 -·

325 4527 353 4579 S.
374 4526 511 4592 Quintam]
530 4529 664 4593 queml,
684 4542 751 4591 qnae
771 4527 792 4576 l.
829 4526 920 4588 (Carr-
942 4529 969 4576 in
989 4528 1168 4582 Manutlana.)
1203 4551 1230 4562 -
1268 4530 1310 4578 1⁰.
1331 4529 1415 4577 ttraas'
1434 4530 1525 4578 dicare
1544 4525 1640 4593 pull.

326 4601 380 4647 tiro
399 4600 520 4649 indicare
539 4613 610 4649 carr.
629 4597 674 4659 M,
696 4599 765 4662 Tyro
784 4597 908 4647 indicare
928 4598 958 4647 R.
978 4623 1010 4632 —
1048 4599 1092 4647 12.
1111 4597 1252 4648 Dolabella
1270 4598 1363 4662 quibas
1380 4623 1392 4633 ·
1408 4622 1419 4632 ·
1437 4599 1641 4664 dillpeatlaslma·

326 4681 395 4731 qaae
412 4683 465 4720 orn.
484 4669 527 4726 M.
558 4669 653 4732 quibas
669 4693 681 4703 -
697 4695 709 4705 -
727 4668 927 4730 dillpenta'aaa'ma
945 4681 1000 4719 orn.
1020 4667 1052 4718 n.
1074 4693 1103 4706 -
1142 4671 1185 4719 17.
1209 4670 1335 4718 constitut
1357 4665 1385 4731 a]
1411 4673 1558 4721 constituta
1575 4666 1640 4720 atat

327 4737 463 4799 (Correxit
492 4737 652 4801 Manutius.)
694 4762 722 4774 -
768 4739 812 4787 2⁰.
841 4752 921 4803 qnam
954 4745 997 4801 to,
1035 4751 1114 4802 qnam
1152 4741 1333 4789 coniecturam
1372 4740 1503 4790 lambino
1540 4747 1640 4791 auctora

328 4807 495 4860 Sabastrius.
514 4835 547 4846 -
584 4811 628 4859 21.
648 4806 714 4872 tam]
732 4823 792 4859 eam
810 4808 847 4858 M.
877 4832 909 4844 -
945 4809 989 4860 11.
1010 4815 1072 4859 anta
1090 4810 1121 4860 ll.
1144 4834 1174 4845 -
1212 4811 1254 4860 31.
1275 4809 1347 4859 doma·
1365 4824 1401 4860 aa
1419 4811 1449 4859 a.
1471 4831 1504 4845 -
1539 4813 1583 4862 ³2.
1600 4811 1641 4858 lot

327 4879 391 4927 mlbt
419 4881 439 4928 l.
470 4893 502 4916 -2
538 4882 592 4929 tata
609 4879 721 4930 scribere
740 4880 761 4928 l.
782 4903 815 4915 -
852 4877 896 4928 34.
922 4893 1043 4930 auteurs
1064 4895 1099 4930 ον
1119 4881 1249 4943 quaedam
1272 4885 1296 4930 at
1315 4879 1541 4950 πολιτίκωτερον
1566 4883 1597 4932 lt.
1614 4900 1640 4913 ··

327 4947 371 5070 gg.
390 4949 517 5070 ddalqm
545 4952 647 5068 candel,
676 4950 783 5000 carabis
809 4947 873 4999 YZl.
904 4973 935 4984 -
973 4949 1017 4999 37.
1037 4895 1114 5011 ξονι]
1134 4964 1191 4999 rum
1208 4951 1245 5000 M.
1282 4973 1308 4984 -
1346 4951 1391 5000 38.
1410 4952 1501 5017 atium]
1522 4957 1546 5000 et
1564 4953 1596 5002 lt.
1622 4969 1639 4981 ·

365 5055 372 5070 .
426 5021 546 5071 'tantm
564 5027 602 5071 eat
636 5053 643 5066 .
