<?xml version="1.0" encoding="UTF-8"?>
<!DOCTYPE html PUBLIC "-//W3C//DTD XHTML 1.0 Transitional//EN"
    "http://www.w3.org/TR/xhtml1/DTD/xhtml1-transitional.dtd">
<html xmlns="http://www.w3.org/1999/xhtml" xml:lang="en" lang="en">
 <head>
  <title>
</title>
<meta http-equiv="Content-Type" content="text/html;charset=utf-8" />
  <meta name='ocr-system' content='tesseract 3.04.00' />
  <meta name='ocr-capabilities' content='ocr_page ocr_carea ocr_par ocr_line ocrx_word'/>
</head>
<body>
  <div class='ocr_page' id='page_1' title='image "./mtulliiciceroni06baitgoog_0583.png"; bbox 0 0 3680 5944; ppageno 0'>
   <div class='ocr_carea' id='block_1_1' title="bbox 356 389 1182 458">
    <p class='ocr_par' dir='ltr' id='par_1_1' title="bbox 356 389 1182 458">
     <span class='ocr_line' id='line_1_1' title="bbox 356 389 1182 458; baseline -0.008 0"><span class='ocrx_word' id='word_1_1' title='bbox 356 396 418 458; x_wconf 74' lang='lat'><strong>522</strong></span> <span class='ocrx_word' id='word_1_2' title='bbox 854 389 913 450; x_wconf 84' lang='grc' dir='ltr'><strong>ΕΡ.</strong></span> <span class='ocrx_word' id='word_1_3' title='bbox 935 391 987 452; x_wconf 79' lang='grc' dir='ltr'><strong>ΑΙ)</strong></span> <span class='ocrx_word' id='word_1_4' title='bbox 1009 390 1182 453; x_wconf 81' lang='lat' dir='ltr'><strong>ATTlCUll</strong></span> 
     </span>
    </p>
   </div>
   <div class='ocr_carea' id='block_1_2' title="bbox 324 545 1696 1481">
    <p class='ocr_par' dir='ltr' id='par_1_2' title="bbox 324 545 1696 1481">
     <span class='ocr_line' id='line_1_2' title="bbox 356 545 1695 634; baseline -0.004 -17"><span class='ocrx_word' id='word_1_5' title='bbox 356 551 439 617; x_wconf 94' lang='lat' dir='ltr'><strong>mori</strong></span> <span class='ocrx_word' id='word_1_6' title='bbox 461 549 563 616; x_wconf 88' lang='lat' dir='ltr'><strong>milies</strong></span> <span class='ocrx_word' id='word_1_7' title='bbox 585 569 678 634; x_wconf 90' lang='lat' dir='ltr'><strong>quam</strong></span> <span class='ocrx_word' id='word_1_8' title='bbox 700 547 796 613; x_wconf 83' lang='lat' dir='ltr'><strong>semel</strong></span> <span class='ocrx_word' id='word_1_9' title='bbox 817 546 993 614; x_wconf 76' lang='lat' dir='ltr'><strong>istiusmodi</strong></span> <span class='ocrx_word' id='word_1_10' title='bbox 1015 545 1185 633; x_wconf 84' lang='lat' dir='ltr'><strong>quidquam</strong></span> <span class='ocrx_word' id='word_1_11' title='bbox 1215 547 1365 633; x_wconf 79' lang='lat' dir='ltr'><strong>cogitare.</strong></span> <span class='ocrx_word' id='word_1_12' title='bbox 1406 551 1437 612; x_wconf 88' lang='grc'><strong>2.</strong></span> <span class='ocrx_word' id='word_1_13' title='bbox 1459 546 1577 626; x_wconf 83' lang='lat' dir='ltr'><strong>..Quid</strong></span> <span class='ocrx_word' id='word_1_14' title='bbox 1601 548 1629 612; x_wconf 91' lang='lat' dir='ltr'><strong>si</strong></span> <span class='ocrx_word' id='word_1_15' title='bbox 1656 559 1695 613; x_wconf 85' lang='lat' dir='ltr'><strong>tu</strong></span> 
     </span>
     <span class='ocr_line' id='line_1_3' title="bbox 355 641 1695 730; baseline -0.001 -20"><span class='ocrx_word' id='word_1_16' title='bbox 355 644 479 710; x_wconf 82' lang='lat' dir='ltr'><strong>velis&#39;&#39;i</strong></span> <span class='ocrx_word' id='word_1_17' title='bbox 501 644 615 729; x_wconf 88' lang='lat' dir='ltr'><strong>inquis.</strong></span> <span class='ocrx_word' id='word_1_18' title='bbox 671 647 737 727; x_wconf 80' lang='lat' dir='ltr'><strong>Age</strong></span> <span class='ocrx_word' id='word_1_19' title='bbox 759 643 830 728; x_wconf 87' lang='lat' dir='ltr'><strong>quis</strong></span> <span class='ocrx_word' id='word_1_20' title='bbox 851 652 913 716; x_wconf 89' lang='lat' dir='ltr'><strong>est,</strong></span> <span class='ocrx_word' id='word_1_21' title='bbox 936 642 987 708; x_wconf 89' lang='lat' dir='ltr'><strong>eui</strong></span> <span class='ocrx_word' id='word_1_22' title='bbox 1008 642 1088 707; x_wconf 82' lang='lat' dir='ltr'><strong>velle</strong></span> <span class='ocrx_word' id='word_1_23' title='bbox 1110 663 1173 708; x_wconf 89' lang='lat' dir='ltr'><strong>non</strong></span> <span class='ocrx_word' id='word_1_24' title='bbox 1192 641 1305 708; x_wconf 77' lang='lat' dir='ltr'><strong>liceat?</strong></span> <span class='ocrx_word' id='word_1_25' title='bbox 1328 642 1391 710; x_wconf 90' lang='lat' dir='ltr'><strong>Sed</strong></span> <span class='ocrx_word' id='word_1_26' title='bbox 1411 663 1470 728; x_wconf 83' lang='lat' dir='ltr'><strong>ego</strong></span> <span class='ocrx_word' id='word_1_27' title='bbox 1492 642 1555 708; x_wconf 90' lang='lat' dir='ltr'><strong>boc</strong></span> <span class='ocrx_word' id='word_1_28' title='bbox 1577 642 1695 730; x_wconf 89' lang='lat' dir='ltr'><strong>ipsum</strong></span> 
     </span>
     <span class='ocr_line' id='line_1_4' title="bbox 356 727 1696 822; baseline -0.001 -18"><span class='ocrx_word' id='word_1_29' title='bbox 356 738 437 804; x_wconf 86' lang='lat' dir='ltr'><strong>velle</strong></span> <span class='ocrx_word' id='word_1_30' title='bbox 465 739 610 804; x_wconf 92' lang='lat' dir='ltr'><strong>miserius</strong></span> <span class='ocrx_word' id='word_1_31' title='bbox 640 758 709 802; x_wconf 91' lang='lat' dir='ltr'><strong>esse</strong></span> <span class='ocrx_word' id='word_1_32' title='bbox 737 727 833 802; x_wconf 66' lang='lat' dir='ltr'><strong>duco</strong></span> <span class='ocrx_word' id='word_1_33' title='bbox 845 756 940 822; x_wconf 90' lang='lat' dir='ltr'><strong>quam</strong></span> <span class='ocrx_word' id='word_1_34' title='bbox 966 736 999 801; x_wconf 94' lang='lat' dir='ltr'><strong>in</strong></span> <span class='ocrx_word' id='word_1_35' title='bbox 1021 757 1146 801; x_wconf 89' lang='lat' dir='ltr'><strong>crucem</strong></span> <span class='ocrx_word' id='word_1_36' title='bbox 1173 736 1251 802; x_wconf 92' lang='lat' dir='ltr'><strong>tolli.</strong></span> <span class='ocrx_word' id='word_1_37' title='bbox 1293 741 1358 803; x_wconf 89' lang='lat' dir='ltr'><strong>Una</strong></span> <span class='ocrx_word' id='word_1_38' title='bbox 1379 758 1430 802; x_wconf 90' lang='lat' dir='ltr'><strong>res</strong></span> <span class='ocrx_word' id='word_1_39' title='bbox 1452 746 1500 802; x_wconf 88' lang='lat' dir='ltr'><strong>est</strong></span> <span class='ocrx_word' id='word_1_40' title='bbox 1523 759 1563 804; x_wconf 89' lang='lat' dir='ltr'><strong>ea</strong></span> <span class='ocrx_word' id='word_1_41' title='bbox 1586 739 1696 804; x_wconf 80' lang='lat' dir='ltr'><strong>miso-</strong></span> 
     </span>
     <span class='ocr_line' id='line_1_5' title="bbox 356 827 1694 919; baseline -0.001 -21"><span class='ocrx_word' id='word_1_42' title='bbox 356 833 441 908; x_wconf 90' lang='lat' dir='ltr'><strong>rior,</strong></span> <span class='ocrx_word' id='word_1_43' title='bbox 463 832 609 918; x_wconf 81' lang='lat' dir='ltr'><strong>adipisci,</strong></span> <span class='ocrx_word' id='word_1_44' title='bbox 631 831 716 919; x_wconf 91' lang='lat' dir='ltr'><strong>quod</strong></span> <span class='ocrx_word' id='word_1_45' title='bbox 738 831 781 897; x_wconf 86' lang='lat' dir='ltr'><strong>ita</strong></span> <span class='ocrx_word' id='word_1_46' title='bbox 802 829 951 896; x_wconf 88' lang='lat' dir='ltr'><strong>volueris.</strong></span> <span class='ocrx_word' id='word_1_47' title='bbox 995 829 1057 896; x_wconf 88' lang='lat' dir='ltr'><strong>Sed</strong></span> <span class='ocrx_word' id='word_1_48' title='bbox 1078 829 1155 895; x_wconf 89' lang='lat' dir='ltr'><strong>baec</strong></span> <span class='ocrx_word' id='word_1_49' title='bbox 1177 827 1334 896; x_wconf 86' lang='lat' dir='ltr'><strong>hactenus.</strong></span> <span class='ocrx_word' id='word_1_50' title='bbox 1376 830 1525 897; x_wconf 77' lang='lat' dir='ltr'><strong>Libenter</strong></span> <span class='ocrx_word' id='word_1_51' title='bbox 1547 832 1694 897; x_wconf 85' lang='lat' dir='ltr'><strong>enimin</strong></span> 
     </span>
     <span class='ocr_line' id='line_1_6' title="bbox 335 923 1693 1005; baseline -0.004 -11"><span class='ocrx_word' id='word_1_52' title='bbox 335 927 404 994; x_wconf 82' lang='lat' dir='ltr'><strong>abis</strong></span> <span class='ocrx_word' id='word_1_53' title='bbox 432 927 584 992; x_wconf 90' lang='lat' dir='ltr'><strong>molestiis</strong></span> <span class='ocrx_word' id='word_1_54' title='bbox 612 926 796 1005; x_wconf 77' lang='grc' dir='ltr'><strong><em>ἐνσχολάζω</em></strong></span> <span class='ocrx_word' id='word_1_55' title='bbox 819 951 885 991; x_wconf 87' lang='grc' dir='ltr'><strong>σοι.</strong></span> <span class='ocrx_word' id='word_1_56' title='bbox 935 929 966 990; x_wconf 81' lang='lat'><strong>3.</strong></span> <span class='ocrx_word' id='word_1_57' title='bbox 988 923 1162 990; x_wconf 81' lang='lat' dir='ltr'><strong>Redeamus</strong></span> <span class='ocrx_word' id='word_1_58' title='bbox 1184 923 1224 989; x_wconf 88' lang='lat' dir='ltr'><strong>ad</strong></span> <span class='ocrx_word' id='word_1_59' title='bbox 1245 934 1397 991; x_wconf 89' lang='lat' dir='ltr'><strong>nostrum.</strong></span> <span class='ocrx_word' id='word_1_60' title='bbox 1439 929 1500 991; x_wconf 84' lang='lat' dir='ltr'><strong>Per</strong></span> <span class='ocrx_word' id='word_1_61' title='bbox 1520 925 1693 992; x_wconf 83' lang='lat' dir='ltr'><strong>fortunasi</strong></span> 
     </span>
     <span class='ocr_line' id='line_1_7' title="bbox 356 1017 1696 1108; baseline -0.001 -22"><span class='ocrx_word' id='word_1_62' title='bbox 356 1021 448 1108; x_wconf 90' lang='lat' dir='ltr'><strong>quale</strong></span> <span class='ocrx_word' id='word_1_63' title='bbox 477 1020 535 1086; x_wconf 89' lang='lat' dir='ltr'><strong>tibi</strong></span> <span class='ocrx_word' id='word_1_64' title='bbox 568 1020 733 1100; x_wconf 86' lang='lat' dir='ltr'><strong>consilium</strong></span> <span class='ocrx_word' id='word_1_65' title='bbox 761 1018 901 1105; x_wconf 83' lang='lat' dir='ltr'><strong>Pompeii</strong></span> <span class='ocrx_word' id='word_1_66' title='bbox 923 1017 1070 1084; x_wconf 84' lang='lat' dir='ltr'><strong>videturi</strong></span> <span class='ocrx_word' id='word_1_67' title='bbox 1107 1022 1175 1084; x_wconf 89' lang='lat' dir='ltr'><strong>Hoc</strong></span> <span class='ocrx_word' id='word_1_68' title='bbox 1197 1038 1330 1105; x_wconf 87' lang='lat' dir='ltr'><strong>quaero,</strong></span> <span class='ocrx_word' id='word_1_69' title='bbox 1363 1019 1449 1106; x_wconf 92' lang='lat' dir='ltr'><strong>quod</strong></span> <span class='ocrx_word' id='word_1_70' title='bbox 1470 1019 1585 1086; x_wconf 91' lang='lat' dir='ltr'><strong>urbem</strong></span> <span class='ocrx_word' id='word_1_71' title='bbox 1608 1020 1696 1085; x_wconf 89' lang='lat' dir='ltr'><strong>reli-</strong></span> 
     </span>
     <span class='ocr_line' id='line_1_8' title="bbox 357 1109 1694 1202; baseline -0.002 -22"><span class='ocrx_word' id='word_1_72' title='bbox 357 1115 472 1202; x_wconf 89' lang='lat' dir='ltr'><strong>querit.</strong></span> <span class='ocrx_word' id='word_1_73' title='bbox 513 1120 581 1200; x_wconf 81' lang='lat' dir='ltr'><strong>Ego</strong></span> <span class='ocrx_word' id='word_1_74' title='bbox 604 1114 687 1180; x_wconf 87' lang='lat' dir='ltr'><strong>euim</strong></span> <span class='ocrx_word' id='word_1_75' title='bbox 706 1117 833 1198; x_wconf 76' lang='grc' dir='ltr'><em>ἀπορῶ·</em></span> <span class='ocrx_word' id='word_1_76' title='bbox 848 1122 931 1178; x_wconf 90' lang='lat' dir='ltr'><strong>tum:</strong></span> <span class='ocrx_word' id='word_1_77' title='bbox 956 1111 1065 1187; x_wconf 86' lang='lat' dir='ltr'><strong>„Nihil</strong></span> <span class='ocrx_word' id='word_1_78' title='bbox 1080 1109 1286 1179; x_wconf 83' lang='lat' dir='ltr'><strong>absurdiusl”</strong></span> <span class='ocrx_word' id='word_1_79' title='bbox 1315 1111 1429 1180; x_wconf 89' lang='lat' dir='ltr'><strong>Urbem</strong></span> <span class='ocrx_word' id='word_1_80' title='bbox 1448 1123 1480 1180; x_wconf 94' lang='lat' dir='ltr'><strong>tu</strong></span> <span class='ocrx_word' id='word_1_81' title='bbox 1496 1115 1694 1201; x_wconf 76' lang='lat' dir='ltr'><strong>relinquas?</strong></span> 
     </span>
     <span class='ocr_line' id='line_1_9' title="bbox 356 1207 1692 1295; baseline -0.003 -19"><span class='ocrx_word' id='word_1_82' title='bbox 356 1214 440 1295; x_wconf 76' lang='lat' dir='ltr'><strong>Ergo</strong></span> <span class='ocrx_word' id='word_1_83' title='bbox 468 1209 567 1284; x_wconf 90' lang='lat' dir='ltr'><strong>idem,</strong></span> <span class='ocrx_word' id='word_1_84' title='bbox 603 1209 630 1275; x_wconf 90' lang='lat' dir='ltr'><strong>si</strong></span> <span class='ocrx_word' id='word_1_85' title='bbox 661 1207 739 1274; x_wconf 85' lang='lat' dir='ltr'><strong>Galli</strong></span> <span class='ocrx_word' id='word_1_86' title='bbox 765 1207 917 1272; x_wconf 86' lang='lat' dir='ltr'><strong>venirent.</strong></span> <span class='ocrx_word' id='word_1_87' title='bbox 965 1210 1060 1280; x_wconf 92' lang='lat' dir='ltr'><strong>„Nou</strong></span> <span class='ocrx_word' id='word_1_88' title='bbox 1092 1216 1154 1281; x_wconf 88' lang='lat' dir='ltr'><strong>est,</strong></span> <span class='ocrx_word' id='word_1_89' title='bbox 1188 1207 1304 1294; x_wconf 91' lang='lat' dir='ltr'><strong>inquit,</strong></span> <span class='ocrx_word' id='word_1_90' title='bbox 1337 1255 1356 1282; x_wconf 93' lang='lat'>„</span> <span class='ocrx_word' id='word_1_91' title='bbox 1365 1207 1398 1272; x_wconf 90' lang='lat' dir='ltr'><strong>in</strong></span> <span class='ocrx_word' id='word_1_92' title='bbox 1426 1207 1601 1294; x_wconf 86' lang='lat' dir='ltr'><strong>parietibus</strong></span> <span class='ocrx_word' id='word_1_93' title='bbox 1630 1229 1692 1272; x_wconf 82' lang='lat' dir='ltr'><strong>res</strong></span> 
     </span>
     <span class='ocr_line' id='line_1_10' title="bbox 355 1300 1691 1391; baseline -0.002 -22"><span class='ocrx_word' id='word_1_94' title='bbox 355 1302 509 1391; x_wconf 87' lang='lat' dir='ltr'><strong>publiea.&#39;’</strong></span> <span class='ocrx_word' id='word_1_95' title='bbox 550 1310 589 1371; x_wconf 81' lang='lat' dir='ltr'><strong>At</strong></span> <span class='ocrx_word' id='word_1_96' title='bbox 610 1303 643 1369; x_wconf 90' lang='lat' dir='ltr'><strong>in</strong></span> <span class='ocrx_word' id='word_1_97' title='bbox 659 1303 722 1370; x_wconf 89' lang='lat' dir='ltr'><strong>aris</strong></span> <span class='ocrx_word' id='word_1_98' title='bbox 743 1311 775 1368; x_wconf 92' lang='lat' dir='ltr'><strong>et</strong></span> <span class='ocrx_word' id='word_1_99' title='bbox 788 1301 877 1368; x_wconf 89' lang='lat' dir='ltr'><strong>locis.</strong></span> <span class='ocrx_word' id='word_1_100' title='bbox 920 1301 1030 1378; x_wconf 85' lang='lat' dir='ltr'><strong>„Fecit</strong></span> <span class='ocrx_word' id='word_1_101' title='bbox 1044 1301 1128 1367; x_wconf 90' lang='lat' dir='ltr'><strong>idem</strong></span> <span class='ocrx_word' id='word_1_102' title='bbox 1143 1300 1392 1372; x_wconf 86' lang='lat' dir='ltr'><strong>Themistocles.”</strong></span> <span class='ocrx_word' id='word_1_103' title='bbox 1433 1307 1457 1368; x_wconf 70' lang='lat'><strong>1²</strong></span> <span class='ocrx_word' id='word_1_104' title='bbox 1459 1303 1576 1368; x_wconf 91' lang='lat' dir='ltr'><strong>luctum</strong></span> <span class='ocrx_word' id='word_1_105' title='bbox 1596 1302 1691 1368; x_wconf 91' lang='lat' dir='ltr'><strong>enim</strong></span> 
     </span>
     <span class='ocr_line' id='line_1_11' title="bbox 324 1394 1691 1481; baseline -0.002 -17"><span class='ocrx_word' id='word_1_106' title='bbox 324 1397 451 1472; x_wconf 68' lang='lat' dir='ltr'><strong>..totius</strong></span> <span class='ocrx_word' id='word_1_107' title='bbox 472 1396 637 1463; x_wconf 86' lang='lat' dir='ltr'><strong>barbariae</strong></span> <span class='ocrx_word' id='word_1_108' title='bbox 659 1396 743 1462; x_wconf 84' lang='lat' dir='ltr'><strong>ferre</strong></span> <span class='ocrx_word' id='word_1_109' title='bbox 764 1394 841 1463; x_wconf 93' lang='lat' dir='ltr'><strong>urbs</strong></span> <span class='ocrx_word' id='word_1_110' title='bbox 863 1417 924 1462; x_wconf 93' lang='lat' dir='ltr'><strong>una</strong></span> <span class='ocrx_word' id='word_1_111' title='bbox 945 1415 1009 1460; x_wconf 90' lang='lat' dir='ltr'><strong>non</strong></span> <span class='ocrx_word' id='word_1_112' title='bbox 1022 1405 1155 1481; x_wconf 86' lang='lat' dir='ltr'><strong>poterat.</strong></span> <span class='ocrx_word' id='word_1_113' title='bbox 1197 1401 1237 1463; x_wconf 78' lang='lat' dir='ltr'><strong>At</strong></span> <span class='ocrx_word' id='word_1_114' title='bbox 1253 1395 1335 1462; x_wconf 91' lang='lat' dir='ltr'><strong>idem</strong></span> <span class='ocrx_word' id='word_1_115' title='bbox 1354 1397 1490 1462; x_wconf 88' lang='lat' dir='ltr'><strong>Pericles</strong></span> <span class='ocrx_word' id='word_1_116' title='bbox 1507 1416 1569 1461; x_wconf 89' lang='lat' dir='ltr'><strong>non</strong></span> <span class='ocrx_word' id='word_1_117' title='bbox 1587 1396 1691 1471; x_wconf 85' lang='lat' dir='ltr'><strong>lecit,</strong></span> 
     </span>
    </p>
   </div>
   <div class='ocr_carea' id='block_1_3' title="bbox 357 1489 1803 1588">
    <p class='ocr_par' dir='ltr' id='par_1_3' title="bbox 357 1489 1803 1588">
     <span class='ocr_line' id='line_1_12' title="bbox 357 1489 1803 1588; baseline -0.002 -31"><span class='ocrx_word' id='word_1_118' title='bbox 357 1514 472 1558; x_wconf 89' lang='lat' dir='ltr'><strong>annum</strong></span> <span class='ocrx_word' id='word_1_119' title='bbox 501 1492 569 1558; x_wconf 89' lang='lat' dir='ltr'><strong>lere</strong></span> <span class='ocrx_word' id='word_1_120' title='bbox 595 1499 667 1576; x_wconf 92' lang='lat' dir='ltr'><strong>post</strong></span> <span class='ocrx_word' id='word_1_121' title='bbox 695 1489 1005 1577; x_wconf 79' lang='lat' dir='ltr'><strong>quinquagesimum,</strong></span> <span class='ocrx_word' id='word_1_122' title='bbox 1041 1510 1112 1554; x_wconf 89' lang='lat' dir='ltr'><strong>cum</strong></span> <span class='ocrx_word' id='word_1_123' title='bbox 1139 1501 1265 1575; x_wconf 87' lang='lat' dir='ltr'><strong>praeter</strong></span> <span class='ocrx_word' id='word_1_124' title='bbox 1291 1491 1415 1556; x_wconf 90' lang='lat' dir='ltr'><strong>moenia</strong></span> <span class='ocrx_word' id='word_1_125' title='bbox 1442 1490 1519 1556; x_wconf 92' lang='lat' dir='ltr'><strong>nibil</strong></span> <span class='ocrx_word' id='word_1_126' title='bbox 1549 1500 1692 1556; x_wconf 87' lang='lat' dir='ltr'><strong>teneret.</strong></span> <span class='ocrx_word' id='word_1_127' title='bbox 1802 1585 1803 1588; x_wconf 7' lang='grc' dir='ltr'><strong>Ἴ</strong></span> 
     </span>
    </p>
   </div>
   <div class='ocr_carea' id='block_1_4' title="bbox 356 1583 1440 1794">
    <p class='ocr_par' dir='ltr' id='par_1_4' title="bbox 356 1583 1440 1794">
     <span class='ocr_line' id='line_1_13' title="bbox 356 1583 1426 1672; baseline 0 -22"><span class='ocrx_word' id='word_1_128' title='bbox 356 1585 460 1651; x_wconf 78' lang='lat' dir='ltr'><strong>Nostri</strong></span> <span class='ocrx_word' id='word_1_129' title='bbox 481 1585 572 1660; x_wconf 91' lang='lat' dir='ltr'><strong>olim,</strong></span> <span class='ocrx_word' id='word_1_130' title='bbox 594 1583 674 1650; x_wconf 91' lang='lat' dir='ltr'><strong>urbe</strong></span> <span class='ocrx_word' id='word_1_131' title='bbox 695 1583 817 1672; x_wconf 88' lang='lat' dir='ltr'><strong>reliqua</strong></span> <span class='ocrx_word' id='word_1_132' title='bbox 839 1593 945 1670; x_wconf 86' lang='lat' dir='ltr'><strong>napta,</strong></span> <span class='ocrx_word' id='word_1_133' title='bbox 967 1603 1071 1650; x_wconf 89' lang='lat' dir='ltr'><strong>arcem</strong></span> <span class='ocrx_word' id='word_1_134' title='bbox 1094 1594 1198 1650; x_wconf 90' lang='lat' dir='ltr'><strong>tamen</strong></span> <span class='ocrx_word' id='word_1_135' title='bbox 1219 1585 1426 1650; x_wconf 88' lang='lat' dir='ltr'><strong>retinuerunt.</strong></span> 
     </span>
     <span class='ocr_line' id='line_1_14' title="bbox 524 1707 1440 1794; baseline -0.001 -21"><span class='ocrx_word' id='word_1_136' title='bbox 524 1707 618 1773; x_wconf 75' lang='grc' dir='ltr'><em>Οὕτω</em></span> <span class='ocrx_word' id='word_1_137' title='bbox 640 1733 702 1772; x_wconf 84' lang='grc' dir='ltr'><strong>που</strong></span> <span class='ocrx_word' id='word_1_138' title='bbox 724 1711 787 1772; x_wconf 75' lang='grc' dir='ltr'><strong>τῶν</strong></span> <span class='ocrx_word' id='word_1_139' title='bbox 809 1708 954 1794; x_wconf 65' lang='grc' dir='ltr'><strong><em>πρόσθεν</em></strong></span> <span class='ocrx_word' id='word_1_140' title='bbox 975 1707 1180 1791; x_wconf 60' lang='grc' dir='ltr'><strong>ἐπευθόμεθα</strong></span> <span class='ocrx_word' id='word_1_141' title='bbox 1201 1709 1279 1772; x_wconf 79' lang='grc' dir='ltr'><em>κλέα</em></span> <span class='ocrx_word' id='word_1_142' title='bbox 1301 1709 1440 1794; x_wconf 74' lang='grc' dir='ltr'><strong>ἀνδρῶν.</strong></span> 
     </span>
    </p>
   </div>
   <div class='ocr_carea' id='block_1_5' title="bbox 156 1826 1692 2950">
    <p class='ocr_par' dir='ltr' id='par_1_5' title="bbox 356 1826 1692 1915">
     <span class='ocr_line' id='line_1_15' title="bbox 356 1826 1692 1915; baseline -0.004 -18"><span class='ocrx_word' id='word_1_143' title='bbox 356 1833 386 1896; x_wconf 85' lang='lat' dir='ltr'><strong>l.</strong></span> <span class='ocrx_word' id='word_1_144' title='bbox 408 1837 528 1897; x_wconf 85' lang='lat' dir='ltr'><strong>Rursus</strong></span> <span class='ocrx_word' id='word_1_145' title='bbox 548 1838 651 1894; x_wconf 92' lang='lat' dir='ltr'><strong>autem</strong></span> <span class='ocrx_word' id='word_1_146' title='bbox 674 1851 714 1894; x_wconf 87' lang='lat' dir='ltr'><strong>ex</strong></span> <span class='ocrx_word' id='word_1_147' title='bbox 736 1827 847 1894; x_wconf 91' lang='lat' dir='ltr'><strong>dolore</strong></span> <span class='ocrx_word' id='word_1_148' title='bbox 868 1827 1050 1914; x_wconf 83' lang='lat' dir='ltr'><strong>municipali</strong></span> <span class='ocrx_word' id='word_1_149' title='bbox 1072 1826 1332 1915; x_wconf 81' lang='lat' dir='ltr'><strong>sermonibusque</strong></span> <span class='ocrx_word' id='word_1_150' title='bbox 1354 1848 1481 1901; x_wconf 90' lang='lat' dir='ltr'><strong>eorum,</strong></span> <span class='ocrx_word' id='word_1_151' title='bbox 1505 1848 1584 1913; x_wconf 92' lang='lat' dir='ltr'><strong>quos</strong></span> <span class='ocrx_word' id='word_1_152' title='bbox 1607 1849 1692 1893; x_wconf 91' lang='lat' dir='ltr'><strong>con-</strong></span> 
     </span>
    </p>

    <p class='ocr_par' dir='ltr' id='par_1_6' title="bbox 321 1920 1691 2006">
     <span class='ocr_line' id='line_1_16' title="bbox 321 1920 1691 2006; baseline -0.004 -15"><span class='ocrx_word' id='word_1_153' title='bbox 321 1924 471 1998; x_wconf 72' lang='lat' dir='ltr'><strong>evenio,</strong></span> <span class='ocrx_word' id='word_1_154' title='bbox 498 1923 624 1989; x_wconf 87' lang='lat' dir='ltr'><strong>videtur</strong></span> <span class='ocrx_word' id='word_1_155' title='bbox 651 1921 710 1988; x_wconf 89' lang='lat' dir='ltr'><strong>boc</strong></span> <span class='ocrx_word' id='word_1_156' title='bbox 738 1923 903 1988; x_wconf 90' lang='lat' dir='ltr'><strong>consilium</strong></span> <span class='ocrx_word' id='word_1_157' title='bbox 934 1928 1054 1988; x_wconf 82' lang='lat' dir='ltr'><strong>exitum</strong></span> <span class='ocrx_word' id='word_1_158' title='bbox 1080 1920 1269 1989; x_wconf 90' lang='lat' dir='ltr'><strong>habiturum.</strong></span> <span class='ocrx_word' id='word_1_159' title='bbox 1319 1927 1397 1988; x_wconf 85' lang='lat' dir='ltr'><strong>blira</strong></span> <span class='ocrx_word' id='word_1_160' title='bbox 1419 1921 1582 1986; x_wconf 92' lang='lat' dir='ltr'><strong>bominum</strong></span> <span class='ocrx_word' id='word_1_161' title='bbox 1604 1943 1691 2006; x_wconf 89' lang='lat' dir='ltr'><strong>que-</strong></span> 
     </span>
    </p>

    <p class='ocr_par' dir='ltr' id='par_1_7' title="bbox 355 2009 1691 2101">
     <span class='ocr_line' id='line_1_17' title="bbox 355 2009 1691 2101; baseline -0.001 -18"><span class='ocrx_word' id='word_1_162' title='bbox 355 2017 423 2084; x_wconf 89' lang='lat' dir='ltr'><strong>rela</strong></span> <span class='ocrx_word' id='word_1_163' title='bbox 449 2026 496 2084; x_wconf 89' lang='lat' dir='ltr'><strong>est</strong></span> <span class='ocrx_word' id='word_1_164' title='bbox 521 2052 563 2065; x_wconf 90' lang='lat'>—</span> <span class='ocrx_word' id='word_1_165' title='bbox 592 2017 698 2083; x_wconf 88' lang='lat' dir='ltr'><strong>neseio</strong></span> <span class='ocrx_word' id='word_1_166' title='bbox 725 2016 815 2095; x_wconf 86' lang='lat' dir='ltr'><strong>istic;</strong></span> <span class='ocrx_word' id='word_1_167' title='bbox 845 2017 899 2082; x_wconf 93' lang='lat' dir='ltr'><strong>sed</strong></span> <span class='ocrx_word' id='word_1_168' title='bbox 929 2017 1047 2091; x_wconf 85' lang='lat' dir='ltr'><strong>facies,</strong></span> <span class='ocrx_word' id='word_1_169' title='bbox 1087 2025 1121 2082; x_wconf 86' lang='lat' dir='ltr'><strong>ut</strong></span> <span class='ocrx_word' id='word_1_170' title='bbox 1147 2016 1242 2082; x_wconf 89' lang='lat' dir='ltr'><strong>sciam</strong></span> <span class='ocrx_word' id='word_1_171' title='bbox 1264 2052 1322 2092; x_wconf 92' lang='lat'><strong>-,</strong></span> <span class='ocrx_word' id='word_1_172' title='bbox 1355 2009 1421 2081; x_wconf 91' lang='lat' dir='ltr'><strong>sine</strong></span> <span class='ocrx_word' id='word_1_173' title='bbox 1449 2014 1691 2101; x_wconf 84' lang='lat' dir='ltr'><strong>magistratibus</strong></span> 
     </span>
    </p>

    <p class='ocr_par' dir='ltr' id='par_1_8' title="bbox 355 2109 1688 2198">
     <span class='ocr_line' id='line_1_18' title="bbox 355 2109 1688 2198; baseline -0.003 -20"><span class='ocrx_word' id='word_1_174' title='bbox 355 2112 467 2178; x_wconf 87' lang='lat' dir='ltr'><strong>urbem</strong></span> <span class='ocrx_word' id='word_1_175' title='bbox 493 2132 581 2187; x_wconf 88' lang='lat' dir='ltr'><strong>esse,</strong></span> <span class='ocrx_word' id='word_1_176' title='bbox 613 2112 681 2176; x_wconf 91' lang='lat' dir='ltr'><strong>sine</strong></span> <span class='ocrx_word' id='word_1_177' title='bbox 710 2122 828 2178; x_wconf 89' lang='lat' dir='ltr'><strong>senatu.</strong></span> <span class='ocrx_word' id='word_1_178' title='bbox 870 2111 1006 2197; x_wconf 81' lang='lat' dir='ltr'><strong>Fugiens</strong></span> <span class='ocrx_word' id='word_1_179' title='bbox 1028 2111 1163 2197; x_wconf 93' lang='lat' dir='ltr'><strong>denique</strong></span> <span class='ocrx_word' id='word_1_180' title='bbox 1185 2115 1352 2198; x_wconf 87' lang='lat' dir='ltr'><strong>Pompeius</strong></span> <span class='ocrx_word' id='word_1_181' title='bbox 1374 2109 1558 2175; x_wconf 85' lang='lat' dir='ltr'><strong>mirabiliter</strong></span> <span class='ocrx_word' id='word_1_182' title='bbox 1580 2111 1688 2175; x_wconf 90' lang='lat' dir='ltr'><strong>bomi-</strong></span> 
     </span>
    </p>

    <p class='ocr_par' dir='ltr' id='par_1_9' title="bbox 356 2203 1689 2291">
     <span class='ocr_line' id='line_1_19' title="bbox 356 2203 1689 2291; baseline 0.001 -21"><span class='ocrx_word' id='word_1_183' title='bbox 356 2227 412 2270; x_wconf 91' lang='lat' dir='ltr'><strong>ncs</strong></span> <span class='ocrx_word' id='word_1_184' title='bbox 433 2214 549 2272; x_wconf 85' lang='lat' dir='ltr'><strong>movet.</strong></span> <span class='ocrx_word' id='word_1_185' title='bbox 594 2204 678 2283; x_wconf 88' lang='lat' dir='ltr'><strong>Quid</strong></span> <span class='ocrx_word' id='word_1_186' title='bbox 699 2205 848 2291; x_wconf 74' lang='lat' dir='ltr'><strong>quaeris?</strong></span> <span class='ocrx_word' id='word_1_187' title='bbox 876 2206 942 2271; x_wconf 83' lang='lat' dir='ltr'><strong>Alia</strong></span> <span class='ocrx_word' id='word_1_188' title='bbox 964 2225 1056 2270; x_wconf 90' lang='lat' dir='ltr'><strong>causa</strong></span> <span class='ocrx_word' id='word_1_189' title='bbox 1078 2206 1158 2271; x_wconf 86' lang='lat' dir='ltr'><strong>lacta</strong></span> <span class='ocrx_word' id='word_1_190' title='bbox 1180 2213 1242 2283; x_wconf 84' lang='lat' dir='ltr'><strong>esl3</strong></span> <span class='ocrx_word' id='word_1_191' title='bbox 1265 2203 1342 2270; x_wconf 92' lang='lat' dir='ltr'><strong>nibil</strong></span> <span class='ocrx_word' id='word_1_192' title='bbox 1364 2205 1426 2270; x_wconf 91' lang='lat' dir='ltr'><strong>iam</strong></span> <span class='ocrx_word' id='word_1_193' title='bbox 1447 2203 1689 2271; x_wconf 86' lang='lat' dir='ltr'><strong>concedendurn</strong></span> 
     </span>
    </p>

    <p class='ocr_par' dir='ltr' id='par_1_10' title="bbox 356 2298 1689 2386">
     <span class='ocr_line' id='line_1_20' title="bbox 356 2298 1689 2386; baseline 0.001 -22"><span class='ocrx_word' id='word_1_194' title='bbox 356 2308 466 2385; x_wconf 91' lang='lat' dir='ltr'><strong>putant</strong></span> <span class='ocrx_word' id='word_1_195' title='bbox 489 2298 623 2366; x_wconf 87' lang='lat' dir='ltr'><strong>Caesari.</strong></span> <span class='ocrx_word' id='word_1_196' title='bbox 678 2302 779 2374; x_wconf 83' lang='lat' dir='ltr'><strong>ilaec,</strong></span> <span class='ocrx_word' id='word_1_197' title='bbox 807 2308 841 2364; x_wconf 91' lang='lat' dir='ltr'><strong>tu</strong></span> <span class='ocrx_word' id='word_1_198' title='bbox 870 2299 947 2365; x_wconf 94' lang='lat' dir='ltr'><strong>mibi</strong></span> <span class='ocrx_word' id='word_1_199' title='bbox 974 2299 1111 2386; x_wconf 87' lang='lat' dir='ltr'><strong>explica,</strong></span> <span class='ocrx_word' id='word_1_200' title='bbox 1141 2299 1244 2386; x_wconf 91' lang='lat' dir='ltr'><strong>qualia</strong></span> <span class='ocrx_word' id='word_1_201' title='bbox 1278 2298 1348 2364; x_wconf 89' lang='lat' dir='ltr'><strong>sint.</strong></span> <span class='ocrx_word' id='word_1_202' title='bbox 1397 2305 1422 2366; x_wconf 73' lang='lat' dir='ltr'><strong>b</strong></span> <span class='ocrx_word' id='word_1_203' title='bbox 1454 2303 1521 2384; x_wconf 82' lang='lat' dir='ltr'><strong>Ego</strong></span> <span class='ocrx_word' id='word_1_204' title='bbox 1552 2299 1689 2383; x_wconf 80' lang='lat' dir='ltr'><strong>negotio</strong></span> 
     </span>
    </p>

    <p class='ocr_par' dir='ltr' id='par_1_11' title="bbox 319 2385 1690 2486">
     <span class='ocr_line' id='line_1_21' title="bbox 319 2385 1690 2486; baseline 0.004 -34"><span class='ocrx_word' id='word_1_205' title='bbox 319 2408 348 2452; x_wconf 76' lang='lat' dir='ltr'><strong>uo</strong></span> <span class='ocrx_word' id='word_1_206' title='bbox 358 2411 505 2476; x_wconf 90' lang='lat' dir='ltr'><strong>praesum</strong></span> <span class='ocrx_word' id='word_1_207' title='bbox 526 2412 590 2458; x_wconf 91' lang='lat' dir='ltr'><strong>uon</strong></span> <span class='ocrx_word' id='word_1_208' title='bbox 612 2390 802 2458; x_wconf 86' lang='lat' dir='ltr'><strong>turbulento.</strong></span> <span class='ocrx_word' id='word_1_209' title='bbox 845 2393 918 2460; x_wconf 88' lang='lat' dir='ltr'><strong>Vult</strong></span> <span class='ocrx_word' id='word_1_210' title='bbox 939 2394 1022 2458; x_wconf 91' lang='lat' dir='ltr'><strong>enim</strong></span> <span class='ocrx_word' id='word_1_211' title='bbox 1043 2416 1094 2460; x_wconf 92' lang='lat' dir='ltr'><strong>me</strong></span> <span class='ocrx_word' id='word_1_212' title='bbox 1115 2393 1282 2486; x_wconf 87' lang='lat' dir='ltr'><strong>Pompeius</strong></span> <span class='ocrx_word' id='word_1_213' title='bbox 1303 2413 1387 2468; x_wconf 90' lang='lat' dir='ltr'><strong>esse,</strong></span> <span class='ocrx_word' id='word_1_214' title='bbox 1402 2385 1505 2486; x_wconf 66' lang='lat' dir='ltr'><strong>pquem</strong></span> <span class='ocrx_word' id='word_1_215' title='bbox 1527 2400 1591 2458; x_wconf 91' lang='lat' dir='ltr'><strong>tota</strong></span> <span class='ocrx_word' id='word_1_216' title='bbox 1606 2393 1690 2458; x_wconf 88' lang='lat' dir='ltr'><strong>baec</strong></span> 
     </span>
    </p>

    <p class='ocr_par' dir='ltr' id='par_1_12' title="bbox 156 2469 1687 2586">
     <span class='ocr_line' id='line_1_22' title="bbox 156 2469 1687 2586; baseline 0.001 -36"><span class='ocrx_word' id='word_1_217' title='bbox 156 2495 247 2586; x_wconf 57' lang='lat' dir='ltr'><strong>,fg-s</strong></span> <span class='ocrx_word' id='word_1_218' title='bbox 359 2483 525 2570; x_wconf 88' lang='lat' dir='ltr'><strong>Campania</strong></span> <span class='ocrx_word' id='word_1_219' title='bbox 547 2496 578 2550; x_wconf 91' lang='lat' dir='ltr'><strong>et</strong></span> <span class='ocrx_word' id='word_1_220' title='bbox 600 2487 754 2551; x_wconf 89' lang='lat' dir='ltr'><strong>maritima</strong></span> <span class='ocrx_word' id='word_1_221' title='bbox 776 2507 832 2552; x_wconf 93' lang='lat' dir='ltr'><strong>ora</strong></span> <span class='ocrx_word' id='word_1_222' title='bbox 854 2485 965 2574; x_wconf 65' lang='lat' dir='ltr'><strong>babeat</strong></span> <span class='ocrx_word' id='word_1_223' title='bbox 986 2481 1189 2586; x_wconf 41' lang='lat' dir='ltr'><strong>antenoreo}</strong></span> <span class='ocrx_word' id='word_1_224' title='bbox 1202 2469 1248 2568; x_wconf 74' lang='lat' dir='ltr'><strong>,dd</strong></span> <span class='ocrx_word' id='word_1_225' title='bbox 1269 2508 1363 2573; x_wconf 90' lang='lat' dir='ltr'><strong>quem</strong></span> <span class='ocrx_word' id='word_1_226' title='bbox 1385 2486 1522 2553; x_wconf 86' lang='lat' dir='ltr'><strong>delectus</strong></span> <span class='ocrx_word' id='word_1_227' title='bbox 1544 2495 1575 2551; x_wconf 87' lang='lat' dir='ltr'><strong>el</strong></span> <span class='ocrx_word' id='word_1_228' title='bbox 1597 2509 1687 2552; x_wconf 88' lang='lat' dir='ltr'><strong>sum·</strong></span> 
     </span>
    </p>

    <p class='ocr_par' dir='ltr' id='par_1_13' title="bbox 203 2571 1687 2681">
     <span class='ocr_line' id='line_1_23' title="bbox 203 2571 1687 2681; baseline 0.003 -40"><span class='ocrx_word' id='word_1_229' title='bbox 203 2601 270 2681; x_wconf 57' lang='lat' dir='ltr'><strong>ff</strong></span> <span class='ocrx_word' id='word_1_230' title='bbox 359 2599 408 2642; x_wconf 88' lang='lat' dir='ltr'><strong>ma</strong></span> <span class='ocrx_word' id='word_1_231' title='bbox 430 2578 547 2663; x_wconf 79' lang='lat' dir='ltr'><strong>negotii</strong></span> <span class='ocrx_word' id='word_1_232' title='bbox 569 2571 745 2668; x_wconf 70' lang='lat' dir='ltr'><strong>referatpr.)</strong></span> <span class='ocrx_word' id='word_1_233' title='bbox 777 2585 885 2668; x_wconf 86' lang='lat' dir='ltr'><strong>ltaque</strong></span> <span class='ocrx_word' id='word_1_234' title='bbox 906 2601 1003 2666; x_wconf 79' lang='lat' dir='ltr'><strong>vagus</strong></span> <span class='ocrx_word' id='word_1_235' title='bbox 1020 2603 1088 2648; x_wconf 90' lang='lat' dir='ltr'><strong>esse</strong></span> <span class='ocrx_word' id='word_1_236' title='bbox 1102 2581 1288 2667; x_wconf 78' lang='lat' dir='ltr'><strong>cogitabam.</strong></span> <span class='ocrx_word' id='word_1_237' title='bbox 1334 2587 1467 2669; x_wconf 88' lang='lat' dir='ltr'><strong>Tepuio</strong></span> <span class='ocrx_word' id='word_1_238' title='bbox 1482 2582 1543 2646; x_wconf 90' lang='lat' dir='ltr'><strong>iam</strong></span> <span class='ocrx_word' id='word_1_239' title='bbox 1562 2581 1687 2654; x_wconf 82' lang='lat' dir='ltr'><strong>videre,</strong></span> 
     </span>
    </p>

    <p class='ocr_par' dir='ltr' id='par_1_14' title="bbox 178 2660 1688 2782">
     <span class='ocr_line' id='line_1_24' title="bbox 178 2660 1688 2782; baseline 0.001 -45"><span class='ocrx_word' id='word_1_240' title='bbox 178 2660 190 2690; x_wconf 64' lang='lat'>⁴</span> <span class='ocrx_word' id='word_1_241' title='bbox 241 2685 259 2782; x_wconf 93' lang='grc'><em>4</em></span> <span class='ocrx_word' id='word_1_242' title='bbox 358 2693 438 2758; x_wconf 70' lang='lat' dir='ltr'><strong>quae</strong></span> <span class='ocrx_word' id='word_1_243' title='bbox 460 2673 499 2738; x_wconf 91' lang='lat' dir='ltr'><strong>sit</strong></span> <span class='ocrx_word' id='word_1_244' title='bbox 520 2673 605 2758; x_wconf 76' lang='grc' dir='ltr'><em>ὁρμή</em></span> <span class='ocrx_word' id='word_1_245' title='bbox 629 2674 784 2747; x_wconf 86' lang='lat' dir='ltr'><strong>Caesaris,</strong></span> <span class='ocrx_word' id='word_1_246' title='bbox 807 2675 862 2762; x_wconf 80' lang='lat' dir='ltr'><strong>qni</strong></span> <span class='ocrx_word' id='word_1_247' title='bbox 882 2676 1034 2763; x_wconf 89' lang='lat' dir='ltr'><strong>populus,</strong></span> <span class='ocrx_word' id='word_1_248' title='bbox 1057 2676 1121 2766; x_wconf 36' lang='lat' dir='ltr'><strong>qui·</strong></span> <span class='ocrx_word' id='word_1_249' title='bbox 1136 2676 1229 2740; x_wconf 89' lang='lat' dir='ltr'><strong>totius</strong></span> <span class='ocrx_word' id='word_1_250' title='bbox 1251 2675 1370 2760; x_wconf 83' lang='lat' dir='ltr'><strong>negotii</strong></span> <span class='ocrx_word' id='word_1_251' title='bbox 1384 2683 1490 2740; x_wconf 84' lang='lat' dir='ltr'><strong>status.</strong></span> <span class='ocrx_word' id='word_1_252' title='bbox 1532 2679 1576 2741; x_wconf 88' lang='lat' dir='ltr'><strong>Ea</strong></span> <span class='ocrx_word' id='word_1_253' title='bbox 1588 2675 1688 2742; x_wconf 87' lang='lat' dir='ltr'><strong>velim</strong></span> 
     </span>
    </p>

    <p class='ocr_par' dir='ltr' id='par_1_15' title="bbox 321 2766 1687 2950">
     <span class='ocr_line' id='line_1_25' title="bbox 358 2766 1687 2857; baseline 0.001 -25"><span class='ocrx_word' id='word_1_254' title='bbox 358 2766 477 2832; x_wconf 89' lang='lat' dir='ltr'><strong>scribas</strong></span> <span class='ocrx_word' id='word_1_255' title='bbox 504 2767 544 2832; x_wconf 92' lang='lat' dir='ltr'><strong>ad</strong></span> <span class='ocrx_word' id='word_1_256' title='bbox 572 2788 639 2844; x_wconf 90' lang='lat' dir='ltr'><strong>me,</strong></span> <span class='ocrx_word' id='word_1_257' title='bbox 676 2768 871 2856; x_wconf 88' lang='lat' dir='ltr'><strong>etquidem,</strong></span> <span class='ocrx_word' id='word_1_258' title='bbox 902 2770 1050 2857; x_wconf 92' lang='lat' dir='ltr'><strong>quoniam</strong></span> <span class='ocrx_word' id='word_1_259' title='bbox 1073 2768 1233 2836; x_wconf 91' lang='lat' dir='ltr'><strong>mutabilia</strong></span> <span class='ocrx_word' id='word_1_260' title='bbox 1258 2780 1345 2845; x_wconf 88' lang='lat' dir='ltr'><strong>suni,</strong></span> <span class='ocrx_word' id='word_1_261' title='bbox 1375 2791 1469 2857; x_wconf 86' lang='lat' dir='ltr'><strong>quam</strong></span> <span class='ocrx_word' id='word_1_262' title='bbox 1491 2768 1687 2854; x_wconf 89' lang='lat' dir='ltr'><strong>saepissime.</strong></span> 
     </span>
     <span class='ocr_line' id='line_1_26' title="bbox 321 2861 1231 2950; baseline 0.005 -24"><span class='ocrx_word' id='word_1_263' title='bbox 321 2861 530 2947; x_wconf 76' lang='lat' dir='ltr'><strong>assequieseo</strong></span> <span class='ocrx_word' id='word_1_264' title='bbox 552 2863 635 2928; x_wconf 90' lang='lat' dir='ltr'><strong>enim</strong></span> <span class='ocrx_word' id='word_1_265' title='bbox 658 2873 689 2930; x_wconf 92' lang='lat' dir='ltr'><strong>et</strong></span> <span class='ocrx_word' id='word_1_266' title='bbox 710 2862 850 2929; x_wconf 89' lang='lat' dir='ltr'><strong>scribens</strong></span> <span class='ocrx_word' id='word_1_267' title='bbox 871 2863 911 2930; x_wconf 94' lang='lat' dir='ltr'><strong>ad</strong></span> <span class='ocrx_word' id='word_1_268' title='bbox 932 2875 962 2930; x_wconf 89' lang='lat' dir='ltr'><strong>te</strong></span> <span class='ocrx_word' id='word_1_269' title='bbox 985 2873 1016 2930; x_wconf 89' lang='lat' dir='ltr'><strong>et</strong></span> <span class='ocrx_word' id='word_1_270' title='bbox 1036 2865 1142 2950; x_wconf 79' lang='lat' dir='ltr'><strong>legens</strong></span> <span class='ocrx_word' id='word_1_271' title='bbox 1166 2873 1231 2931; x_wconf 91' lang='lat' dir='ltr'><strong>tua.</strong></span> 
     </span>
    </p>
   </div>
   <div class='ocr_carea' id='block_1_6' title="bbox 821 3005 1219 3088">
    <p class='ocr_par' dir='ltr' id='par_1_16' title="bbox 821 3005 1219 3088">
     <span class='ocr_line' id='line_1_27' title="bbox 821 3005 1219 3088; baseline 0 -18"><span class='ocrx_word' id='word_1_272' title='bbox 821 3009 893 3071; x_wconf 79' lang='lat' dir='ltr'><strong>ru.</strong></span> <span class='ocrx_word' id='word_1_273' title='bbox 934 3005 988 3084; x_wconf 81' lang='lat' dir='ltr'><strong>(r.</strong></span> <span class='ocrx_word' id='word_1_274' title='bbox 1019 3008 1051 3071; x_wconf 83' lang='lat' dir='ltr'><strong>u.</strong></span> <span class='ocrx_word' id='word_1_275' title='bbox 1075 3007 1106 3071; x_wconf 84' lang='lat' dir='ltr'><strong>c.</strong></span> <span class='ocrx_word' id='word_1_276' title='bbox 1129 3007 1219 3088; x_wconf 80' lang='lat' dir='ltr'><strong>ros.)</strong></span> 
     </span>
    </p>
   </div>
   <div class='ocr_carea' id='block_1_7' title="bbox 834 3128 1198 3195">
    <p class='ocr_par' dir='ltr' id='par_1_17' title="bbox 834 3128 1198 3195">
     <span class='ocr_line' id='line_1_28' title="bbox 834 3128 1198 3195; baseline -0.016 0"><span class='ocrx_word' id='word_1_277' title='bbox 834 3130 977 3195; x_wconf 84' lang='lat' dir='ltr'>CICERO</span> <span class='ocrx_word' id='word_1_278' title='bbox 1001 3128 1145 3193; x_wconf 82' lang='lat' dir='ltr'><strong>ATTICO</strong></span> <span class='ocrx_word' id='word_1_279' title='bbox 1169 3130 1198 3192; x_wconf 88' lang='lat' dir='ltr'><strong>S.</strong></span> 
     </span>
    </p>
   </div>
   <div class='ocr_carea' id='block_1_8' title="bbox 324 3236 1688 3705">
    <p class='ocr_par' dir='ltr' id='par_1_18' title="bbox 324 3236 1688 3705">
     <span class='ocr_line' id='line_1_29' title="bbox 445 3236 1688 3329; baseline -0.002 -20"><span class='ocrx_word' id='word_1_280' title='bbox 445 3245 473 3308; x_wconf 90' lang='lat' dir='ltr'><strong>l.</strong></span> <span class='ocrx_word' id='word_1_281' title='bbox 495 3245 591 3309; x_wconf 89' lang='lat' dir='ltr'><strong>Unam</strong></span> <span class='ocrx_word' id='word_1_282' title='bbox 614 3241 714 3307; x_wconf 91' lang='lat' dir='ltr'><strong>adhuc</strong></span> <span class='ocrx_word' id='word_1_283' title='bbox 735 3262 753 3305; x_wconf 92' lang='lat' dir='ltr'><strong>a</strong></span> <span class='ocrx_word' id='word_1_284' title='bbox 775 3249 805 3306; x_wconf 89' lang='lat' dir='ltr'><strong>te</strong></span> <span class='ocrx_word' id='word_1_285' title='bbox 827 3239 993 3326; x_wconf 85' lang='lat' dir='ltr'><strong>epistolam</strong></span> <span class='ocrx_word' id='word_1_286' title='bbox 1021 3260 1219 3326; x_wconf 86' lang='lat' dir='ltr'><strong>acceperam,</strong></span> <span class='ocrx_word' id='word_1_287' title='bbox 1251 3236 1351 3304; x_wconf 90' lang='lat' dir='ltr'><strong>datam</strong></span> <span class='ocrx_word' id='word_1_288' title='bbox 1374 3259 1434 3304; x_wconf 77' lang='grc' dir='ltr'><strong>ιιι.</strong></span> <span class='ocrx_word' id='word_1_289' title='bbox 1456 3239 1538 3315; x_wconf 86' lang='lat' dir='ltr'><strong>Kal,</strong></span> <span class='ocrx_word' id='word_1_290' title='bbox 1567 3239 1599 3306; x_wconf 91' lang='lat' dir='ltr'><strong>in</strong></span> <span class='ocrx_word' id='word_1_291' title='bbox 1621 3263 1688 3329; x_wconf 86' lang='lat' dir='ltr'><strong>qua</strong></span> 
     </span>
     <span class='ocr_line' id='line_1_30' title="bbox 358 3333 1686 3422; baseline -0.001 -21"><span class='ocrx_word' id='word_1_292' title='bbox 358 3335 590 3422; x_wconf 80' lang='lat' dir='ltr'><strong>significabatur</strong></span> <span class='ocrx_word' id='word_1_293' title='bbox 611 3335 703 3401; x_wconf 86' lang='lat' dir='ltr'><strong>aliam</strong></span> <span class='ocrx_word' id='word_1_294' title='bbox 725 3345 754 3400; x_wconf 91' lang='lat' dir='ltr'><strong>te</strong></span> <span class='ocrx_word' id='word_1_295' title='bbox 776 3344 846 3400; x_wconf 89' lang='lat' dir='ltr'><strong>ante</strong></span> <span class='ocrx_word' id='word_1_296' title='bbox 870 3333 1007 3410; x_wconf 85' lang='lat' dir='ltr'><strong>dedisse,</strong></span> <span class='ocrx_word' id='word_1_297' title='bbox 1030 3356 1123 3422; x_wconf 89' lang='lat' dir='ltr'><strong>quam</strong></span> <span class='ocrx_word' id='word_1_298' title='bbox 1145 3354 1209 3398; x_wconf 92' lang='lat' dir='ltr'><strong>non</strong></span> <span class='ocrx_word' id='word_1_299' title='bbox 1234 3354 1426 3418; x_wconf 90' lang='lat' dir='ltr'><strong>acceperam.</strong></span> <span class='ocrx_word' id='word_1_300' title='bbox 1470 3333 1531 3400; x_wconf 88' lang='lat' dir='ltr'><strong>Sed</strong></span> <span class='ocrx_word' id='word_1_301' title='bbox 1554 3356 1686 3421; x_wconf 90' lang='lat' dir='ltr'><strong>quaeso,</strong></span> 
     </span>
     <span class='ocr_line' id='line_1_31' title="bbox 324 3428 1687 3517; baseline 0.004 -27"><span class='ocrx_word' id='word_1_302' title='bbox 324 3437 394 3494; x_wconf 80' lang='lat' dir='ltr'><strong>aaut</strong></span> <span class='ocrx_word' id='word_1_303' title='bbox 423 3429 541 3496; x_wconf 86' lang='lat' dir='ltr'><strong>scribas</strong></span> <span class='ocrx_word' id='word_1_304' title='bbox 568 3451 665 3517; x_wconf 92' lang='lat' dir='ltr'><strong>quam</strong></span> <span class='ocrx_word' id='word_1_305' title='bbox 693 3429 890 3516; x_wconf 86' lang='lat' dir='ltr'><strong>saepissime,</strong></span> <span class='ocrx_word' id='word_1_306' title='bbox 921 3450 985 3495; x_wconf 90' lang='lat' dir='ltr'><strong>non</strong></span> <span class='ocrx_word' id='word_1_307' title='bbox 1006 3429 1102 3496; x_wconf 94' lang='lat' dir='ltr'><strong>modo</strong></span> <span class='ocrx_word' id='word_1_308' title='bbox 1124 3429 1151 3495; x_wconf 92' lang='lat' dir='ltr'><strong>si</strong></span> <span class='ocrx_word' id='word_1_309' title='bbox 1173 3428 1248 3514; x_wconf 92' lang='lat' dir='ltr'><strong>quid</strong></span> <span class='ocrx_word' id='word_1_310' title='bbox 1269 3428 1348 3494; x_wconf 89' lang='lat' dir='ltr'><strong>scies</strong></span> <span class='ocrx_word' id='word_1_311' title='bbox 1369 3439 1424 3494; x_wconf 85' lang='lat' dir='ltr'><strong>aut</strong></span> <span class='ocrx_word' id='word_1_312' title='bbox 1445 3428 1598 3504; x_wconf 89' lang='lat' dir='ltr'><strong>audieris,</strong></span> <span class='ocrx_word' id='word_1_313' title='bbox 1627 3431 1687 3496; x_wconf 90' lang='lat' dir='ltr'><strong>sed</strong></span> 
     </span>
     <span class='ocr_line' id='line_1_32' title="bbox 360 3521 1686 3611; baseline 0.001 -23"><span class='ocrx_word' id='word_1_314' title='bbox 360 3524 452 3589; x_wconf 88' lang='lat' dir='ltr'><strong>etiam</strong></span> <span class='ocrx_word' id='word_1_315' title='bbox 486 3524 513 3590; x_wconf 93' lang='lat' dir='ltr'><strong>si</strong></span> <span class='ocrx_word' id='word_1_316' title='bbox 545 3522 619 3611; x_wconf 92' lang='lat' dir='ltr'><strong>quid</strong></span> <span class='ocrx_word' id='word_1_317' title='bbox 648 3523 861 3611; x_wconf 84' lang='lat' dir='ltr'><strong>suspicabare,</strong></span> <span class='ocrx_word' id='word_1_318' title='bbox 896 3523 1112 3610; x_wconf 78' lang='lat' dir='ltr'><strong>maximeque,</strong></span> <span class='ocrx_word' id='word_1_319' title='bbox 1137 3521 1326 3610; x_wconf 91' lang='lat' dir='ltr'><strong>quidnobis</strong></span> <span class='ocrx_word' id='word_1_320' title='bbox 1348 3521 1598 3589; x_wconf 88' lang='lat' dir='ltr'><strong>iaciendumaut</strong></span> <span class='ocrx_word' id='word_1_321' title='bbox 1620 3546 1686 3589; x_wconf 90' lang='lat' dir='ltr'><strong>non</strong></span> 
     </span>
     <span class='ocr_line' id='line_1_33' title="bbox 359 3615 1687 3705; baseline 0.001 -25"><span class='ocrx_word' id='word_1_322' title='bbox 359 3616 536 3682; x_wconf 86' lang='lat' dir='ltr'><strong>laciendum</strong></span> <span class='ocrx_word' id='word_1_323' title='bbox 564 3627 664 3704; x_wconf 88' lang='lat' dir='ltr'><strong>putes.</strong></span> <span class='ocrx_word' id='word_1_324' title='bbox 710 3624 787 3684; x_wconf 89' lang='lat' dir='ltr'><strong>Nam</strong></span> <span class='ocrx_word' id='word_1_325' title='bbox 816 3617 901 3705; x_wconf 90' lang='lat' dir='ltr'><strong>quod</strong></span> <span class='ocrx_word' id='word_1_326' title='bbox 931 3637 1039 3703; x_wconf 79' lang='lat' dir='ltr'><strong>rogas,</strong></span> <span class='ocrx_word' id='word_1_327' title='bbox 1078 3639 1201 3690; x_wconf 91' lang='lat' dir='ltr'><strong>curem,</strong></span> <span class='ocrx_word' id='word_1_328' title='bbox 1234 3626 1268 3682; x_wconf 86' lang='lat' dir='ltr'><strong>ut</strong></span> <span class='ocrx_word' id='word_1_329' title='bbox 1294 3617 1389 3691; x_wconf 92' lang='lat' dir='ltr'><strong>scias,</strong></span> <span class='ocrx_word' id='word_1_330' title='bbox 1418 3615 1493 3704; x_wconf 93' lang='lat' dir='ltr'><strong>quid</strong></span> <span class='ocrx_word' id='word_1_331' title='bbox 1516 3617 1687 3702; x_wconf 91' lang='lat' dir='ltr'><strong>Pompeius</strong></span> 
     </span>
    </p>
   </div>
   <div class='ocr_carea' id='block_1_9' title="bbox 214 3710 1803 4081">
    <p class='ocr_par' dir='ltr' id='par_1_19' title="bbox 214 3710 1803 4081">
     <span class='ocr_line' id='line_1_34' title="bbox 360 3710 1803 3799; baseline 0.001 -25"><span class='ocrx_word' id='word_1_332' title='bbox 360 3721 443 3795; x_wconf 84' lang='lat' dir='ltr'><strong>agat,</strong></span> <span class='ocrx_word' id='word_1_333' title='bbox 466 3732 506 3775; x_wconf 89' lang='lat' dir='ltr'><strong>ne</strong></span> <span class='ocrx_word' id='word_1_334' title='bbox 526 3711 629 3797; x_wconf 93' lang='lat' dir='ltr'><strong>ipsum</strong></span> <span class='ocrx_word' id='word_1_335' title='bbox 650 3712 776 3799; x_wconf 91' lang='lat' dir='ltr'><strong>quidem</strong></span> <span class='ocrx_word' id='word_1_336' title='bbox 795 3713 876 3778; x_wconf 90' lang='lat' dir='ltr'><strong>scire</strong></span> <span class='ocrx_word' id='word_1_337' title='bbox 890 3723 984 3797; x_wconf 91' lang='lat' dir='ltr'><strong>puto;</strong></span> <span class='ocrx_word' id='word_1_338' title='bbox 1007 3717 1147 3779; x_wconf 83' lang='lat' dir='ltr'><strong>nosirbm</strong></span> <span class='ocrx_word' id='word_1_339' title='bbox 1171 3710 1298 3799; x_wconf 89' lang='lat' dir='ltr'><strong>quidem</strong></span> <span class='ocrx_word' id='word_1_340' title='bbox 1312 3732 1416 3777; x_wconf 91' lang='lat' dir='ltr'><strong>nemo.</strong></span> <span class='ocrx_word' id='word_1_341' title='bbox 1458 3716 1489 3776; x_wconf 89' lang='grc'><strong>2.</strong></span> <span class='ocrx_word' id='word_1_342' title='bbox 1512 3711 1583 3778; x_wconf 91' lang='lat' dir='ltr'><strong>Vidi</strong></span> <span class='ocrx_word' id='word_1_343' title='bbox 1603 3716 1686 3776; x_wconf 89' lang='lat' dir='ltr'><strong>Len·</strong></span> <span class='ocrx_word' id='word_1_344' title='bbox 1802 3735 1803 3750; x_wconf 58' lang='lat'>¹</span> 
     </span>
     <span class='ocr_line' id='line_1_35' title="bbox 218 3803 1803 3897; baseline 0.001 -30"><span class='ocrx_word' id='word_1_345' title='bbox 218 3808 227 3880; x_wconf 64' lang='grc' dir='ltr'><em>ζ</em></span> <span class='ocrx_word' id='word_1_346' title='bbox 361 3803 460 3868; x_wconf 91' lang='lat' dir='ltr'><strong>tulum</strong></span> <span class='ocrx_word' id='word_1_347' title='bbox 483 3806 643 3897; x_wconf 79' lang='lat' dir='ltr'><strong>consulem</strong></span> <span class='ocrx_word' id='word_1_348' title='bbox 664 3807 798 3873; x_wconf 85' lang='lat' dir='ltr'><strong>Formiis</strong></span> <span class='ocrx_word' id='word_1_349' title='bbox 819 3827 854 3871; x_wconf 88' lang='lat' dir='ltr'><strong>x.</strong></span> <span class='ocrx_word' id='word_1_350' title='bbox 876 3806 959 3881; x_wconf 87' lang='lat' dir='ltr'><strong>Kal,</strong></span> <span class='ocrx_word' id='word_1_351' title='bbox 982 3806 1046 3872; x_wconf 83' lang='lat' dir='ltr'><strong>vidi</strong></span> <span class='ocrx_word' id='word_1_352' title='bbox 1068 3806 1234 3885; x_wconf 89' lang='lat' dir='ltr'><strong>Libonem;</strong></span> <span class='ocrx_word' id='word_1_353' title='bbox 1256 3806 1346 3893; x_wconf 87' lang='lat' dir='ltr'><strong>plena</strong></span> <span class='ocrx_word' id='word_1_354' title='bbox 1368 3807 1490 3872; x_wconf 89' lang='lat' dir='ltr'><strong>timoris</strong></span> <span class='ocrx_word' id='word_1_355' title='bbox 1512 3815 1544 3870; x_wconf 85' lang='lat' dir='ltr'><strong>et</strong></span> <span class='ocrx_word' id='word_1_356' title='bbox 1564 3805 1688 3871; x_wconf 87' lang='lat' dir='ltr'><strong>erroris</strong></span> <span class='ocrx_word' id='word_1_357' title='bbox 1802 3827 1803 3892; x_wconf 67' lang='lat' dir='ltr'><strong>i</strong></span> 
     </span>
     <span class='ocr_line' id='line_1_36' title="bbox 214 3891 1803 3978; baseline 0.004 -18"><span class='ocrx_word' id='word_1_358' title='bbox 214 3891 218 3900; x_wconf 72' lang='grc'><strong>“</strong></span> <span class='ocrx_word' id='word_1_359' title='bbox 323 3897 476 3962; x_wconf 79' lang='lat' dir='ltr'><strong>uomuia.</strong></span> <span class='ocrx_word' id='word_1_360' title='bbox 519 3897 573 3963; x_wconf 90' lang='lat' dir='ltr'><strong>llle</strong></span> <span class='ocrx_word' id='word_1_361' title='bbox 594 3899 656 3965; x_wconf 89' lang='lat' dir='ltr'><strong>iter</strong></span> <span class='ocrx_word' id='word_1_362' title='bbox 677 3900 842 3978; x_wconf 90' lang='lat' dir='ltr'><strong>Larinum;</strong></span> <span class='ocrx_word' id='word_1_363' title='bbox 878 3898 923 3964; x_wconf 93' lang='lat' dir='ltr'><strong>ibi</strong></span> <span class='ocrx_word' id='word_1_364' title='bbox 946 3901 1028 3965; x_wconf 90' lang='lat' dir='ltr'><strong>enim</strong></span> <span class='ocrx_word' id='word_1_365' title='bbox 1051 3900 1196 3966; x_wconf 87' lang='lat' dir='ltr'><strong>cobortes</strong></span> <span class='ocrx_word' id='word_1_366' title='bbox 1218 3909 1249 3965; x_wconf 85' lang='lat' dir='ltr'><strong>et</strong></span> <span class='ocrx_word' id='word_1_367' title='bbox 1270 3900 1420 3965; x_wconf 87' lang='lat' dir='ltr'><strong>Luceriae</strong></span> <span class='ocrx_word' id='word_1_368' title='bbox 1442 3909 1473 3964; x_wconf 85' lang='lat' dir='ltr'><strong>et</strong></span> <span class='ocrx_word' id='word_1_369' title='bbox 1494 3900 1590 3965; x_wconf 88' lang='lat' dir='ltr'><strong>Teani</strong></span> <span class='ocrx_word' id='word_1_370' title='bbox 1610 3899 1687 3964; x_wconf 90' lang='lat' dir='ltr'><strong>reli·</strong></span> <span class='ocrx_word' id='word_1_371' title='bbox 1802 3943 1803 3966; x_wconf 54' lang='lat' dir='ltr'><strong>r</strong></span> 
     </span>
     <span class='ocr_line' id='line_1_37' title="bbox 360 3990 1685 4081; baseline 0.001 -25"><span class='ocrx_word' id='word_1_372' title='bbox 360 3999 486 4079; x_wconf 82' lang='lat' dir='ltr'><strong>quaque</strong></span> <span class='ocrx_word' id='word_1_373' title='bbox 507 3990 541 4056; x_wconf 91' lang='lat' dir='ltr'><strong>in</strong></span> <span class='ocrx_word' id='word_1_374' title='bbox 561 3993 683 4079; x_wconf 85' lang='lat' dir='ltr'><strong>Apulia.</strong></span> <span class='ocrx_word' id='word_1_375' title='bbox 727 3993 802 4060; x_wconf 90' lang='lat' dir='ltr'><strong>lnde</strong></span> <span class='ocrx_word' id='word_1_376' title='bbox 823 4003 929 4059; x_wconf 87' lang='lat' dir='ltr'><strong>uirum</strong></span> <span class='ocrx_word' id='word_1_377' title='bbox 952 3994 1122 4060; x_wconf 87' lang='lat' dir='ltr'><strong>consistere</strong></span> <span class='ocrx_word' id='word_1_378' title='bbox 1140 3993 1261 4081; x_wconf 89' lang='lat' dir='ltr'><strong>uspiam</strong></span> <span class='ocrx_word' id='word_1_379' title='bbox 1276 3995 1365 4068; x_wconf 88' lang='lat' dir='ltr'><strong>velit,</strong></span> <span class='ocrx_word' id='word_1_380' title='bbox 1388 4015 1427 4058; x_wconf 92' lang='lat' dir='ltr'><strong>an</strong></span> <span class='ocrx_word' id='word_1_381' title='bbox 1441 4015 1526 4058; x_wconf 87' lang='lat' dir='ltr'><strong>mare</strong></span> <span class='ocrx_word' id='word_1_382' title='bbox 1541 3995 1685 4071; x_wconf 89' lang='lat' dir='ltr'><strong>transire,</strong></span> 
     </span>
    </p>
   </div>
   <div class='ocr_carea' id='block_1_10' title="bbox 361 4086 1684 4172">
    <p class='ocr_par' dir='ltr' id='par_1_20' title="bbox 361 4086 1684 4172">
     <span class='ocr_line' id='line_1_38' title="bbox 361 4086 1684 4172; baseline 0 -22"><span class='ocrx_word' id='word_1_383' title='bbox 361 4086 508 4152; x_wconf 91' lang='lat' dir='ltr'><strong>nescitur.</strong></span> <span class='ocrx_word' id='word_1_384' title='bbox 553 4086 587 4151; x_wconf 89' lang='lat' dir='ltr'><strong>si</strong></span> <span class='ocrx_word' id='word_1_385' title='bbox 607 4097 728 4159; x_wconf 87' lang='lat' dir='ltr'><strong>manet,</strong></span> <span class='ocrx_word' id='word_1_386' title='bbox 764 4108 895 4161; x_wconf 82' lang='lat' dir='ltr'><strong>vereor,</strong></span> <span class='ocrx_word' id='word_1_387' title='bbox 923 4109 963 4154; x_wconf 91' lang='lat' dir='ltr'><strong>ne</strong></span> <span class='ocrx_word' id='word_1_388' title='bbox 992 4088 1166 4154; x_wconf 85' lang='lat' dir='ltr'><strong>exercitum</strong></span> <span class='ocrx_word' id='word_1_389' title='bbox 1194 4088 1320 4154; x_wconf 90' lang='lat' dir='ltr'><strong>firmum</strong></span> <span class='ocrx_word' id='word_1_390' title='bbox 1346 4087 1463 4153; x_wconf 89' lang='lat' dir='ltr'><strong>babere</strong></span> <span class='ocrx_word' id='word_1_391' title='bbox 1484 4110 1548 4154; x_wconf 93' lang='lat' dir='ltr'><strong>non</strong></span> <span class='ocrx_word' id='word_1_392' title='bbox 1569 4087 1684 4172; x_wconf 90' lang='lat' dir='ltr'><strong>possit;</strong></span> 
     </span>
    </p>
   </div>
   <div class='ocr_carea' id='block_1_11' title="bbox 432 4303 1683 4372">
    <p class='ocr_par' dir='ltr' id='par_1_21' title="bbox 432 4303 1683 4372">
     <span class='ocr_line' id='line_1_39' title="bbox 432 4303 1683 4372; baseline 0.002 -17"><span class='ocrx_word' id='word_1_393' title='bbox 432 4307 455 4356; x_wconf 83' lang='lat'><strong>1.</strong></span> <span class='ocrx_word' id='word_1_394' title='bbox 477 4303 569 4370; x_wconf 78' lang='lat' dir='ltr'><strong>miltes]</strong></span> <span class='ocrx_word' id='word_1_395' title='bbox 588 4308 697 4358; x_wconf 78' lang='lat' dir='ltr'><strong>mollem</strong></span> <span class='ocrx_word' id='word_1_396' title='bbox 715 4324 755 4372; x_wconf 91' lang='lat' dir='ltr'><strong>pr.</strong></span> <span class='ocrx_word' id='word_1_397' title='bbox 775 4310 814 4362; x_wconf 89' lang='grc' dir='ltr'><strong>Μ.</strong></span> <span class='ocrx_word' id='word_1_398' title='bbox 837 4336 868 4346; x_wconf 95' lang='grc'>-</span> <span class='ocrx_word' id='word_1_399' title='bbox 900 4316 978 4361; x_wconf 81' lang='lat' dir='ltr'><strong>semet</strong></span> <span class='ocrx_word' id='word_1_400' title='bbox 995 4307 1137 4359; x_wconf 79' lang='lat' dir='ltr'><strong>illiusmodi</strong></span> <span class='ocrx_word' id='word_1_401' title='bbox 1154 4309 1215 4360; x_wconf 72' lang='grc' dir='ltr'><strong>ΜΒ.</strong></span> <span class='ocrx_word' id='word_1_402' title='bbox 1234 4335 1269 4343; x_wconf 98' lang='grc'>-</span> <span class='ocrx_word' id='word_1_403' title='bbox 1296 4309 1322 4359; x_wconf 81' lang='lat'><strong>³.</strong></span> <span class='ocrx_word' id='word_1_404' title='bbox 1342 4323 1371 4359; x_wconf 82' lang='lat' dir='ltr'><strong>eo</strong></span> <span class='ocrx_word' id='word_1_405' title='bbox 1391 4309 1421 4358; x_wconf 78' lang='lat' dir='ltr'><strong>ll.</strong></span> <span class='ocrx_word' id='word_1_406' title='bbox 1442 4333 1473 4346; x_wconf 95' lang='lat'>-</span> <span class='ocrx_word' id='word_1_407' title='bbox 1502 4309 1529 4358; x_wconf 87' lang='lat'><strong>5.</strong></span> <span class='ocrx_word' id='word_1_408' title='bbox 1548 4309 1581 4358; x_wconf 80' lang='lat' dir='ltr'><strong>iia</strong></span> <span class='ocrx_word' id='word_1_409' title='bbox 1599 4307 1630 4356; x_wconf 84' lang='lat' dir='ltr'><strong>B.</strong></span> <span class='ocrx_word' id='word_1_410' title='bbox 1650 4333 1683 4342; x_wconf 89' lang='lat'>-</span> 
     </span>
    </p>
   </div>
   <div class='ocr_carea' id='block_1_12' title="bbox 360 4371 1803 4517">
    <p class='ocr_par' dir='ltr' id='par_1_22' title="bbox 360 4371 1803 4517">
     <span class='ocr_line' id='line_1_40' title="bbox 360 4371 1803 4443; baseline -0.001 -16"><span class='ocrx_word' id='word_1_411' title='bbox 360 4373 422 4438; x_wconf 85' lang='grc' dir='ltr'>σοι]</span> <span class='ocrx_word' id='word_1_412' title='bbox 442 4376 553 4426; x_wconf 82' lang='lat' dir='ltr'><strong><em>COCON</em></strong></span> <span class='ocrx_word' id='word_1_413' title='bbox 570 4377 614 4434; x_wconf 89' lang='grc' dir='ltr'><strong>Μ,</strong></span> <span class='ocrx_word' id='word_1_414' title='bbox 642 4393 698 4428; x_wconf 88' lang='lat' dir='ltr'><strong>om.</strong></span> <span class='ocrx_word' id='word_1_415' title='bbox 718 4380 749 4430; x_wconf 83' lang='lat' dir='ltr'><strong>li.</strong></span> <span class='ocrx_word' id='word_1_416' title='bbox 785 4407 811 4418; x_wconf 92' lang='lat'><strong>-·</strong></span> <span class='ocrx_word' id='word_1_417' title='bbox 851 4381 877 4431; x_wconf 79' lang='lat'><strong>7·</strong></span> <span class='ocrx_word' id='word_1_418' title='bbox 898 4377 965 4443; x_wconf 82' lang='lat' dir='ltr'><strong>tum]</strong></span> <span class='ocrx_word' id='word_1_419' title='bbox 985 4378 1109 4429; x_wconf 76' lang='lat' dir='ltr'><strong>«vetusti</strong></span> <span class='ocrx_word' id='word_1_420' title='bbox 1129 4379 1213 4429; x_wconf 88' lang='lat' dir='ltr'><strong>Codd.</strong></span> <span class='ocrx_word' id='word_1_421' title='bbox 1233 4387 1348 4429; x_wconf 72' lang='lat' dir='ltr'><strong>tomen.»</strong></span> <span class='ocrx_word' id='word_1_422' title='bbox 1376 4379 1450 4429; x_wconf 76' lang='lat' dir='ltr'><strong>Prus-</strong></span> <span class='ocrx_word' id='word_1_423' title='bbox 1498 4379 1542 4428; x_wconf 88' lang='lat' dir='ltr'><strong>Sio</strong></span> <span class='ocrx_word' id='word_1_424' title='bbox 1569 4378 1685 4428; x_wconf 81' lang='lat' dir='ltr'><strong>malebat</strong></span> <span class='ocrx_word' id='word_1_425' title='bbox 1802 4371 1803 4386; x_wconf 63' lang='lat'>³</span> 
     </span>
     <span class='ocr_line' id='line_1_41' title="bbox 360 4445 1803 4517; baseline 0.002 -22"><span class='ocrx_word' id='word_1_426' title='bbox 360 4447 509 4496; x_wconf 82' lang='lat' dir='ltr'><strong>Ernesiias·</strong></span> <span class='ocrx_word' id='word_1_427' title='bbox 532 4472 560 4483; x_wconf 90' lang='lat'>-</span> <span class='ocrx_word' id='word_1_428' title='bbox 599 4450 625 4499; x_wconf 82' lang='grc'><strong>9.</strong></span> <span class='ocrx_word' id='word_1_429' title='bbox 647 4446 808 4512; x_wconf 74' lang='lat' dir='ltr'><strong>Atjoutlt.</strong></span> <span class='ocrx_word' id='word_1_430' title='bbox 831 4477 858 4488; x_wconf 85' lang='lat'><strong>-·</strong></span> <span class='ocrx_word' id='word_1_431' title='bbox 897 4452 964 4502; x_wconf 84' lang='lat' dir='ltr'><strong>idem</strong></span> <span class='ocrx_word' id='word_1_432' title='bbox 987 4445 1630 4517; x_wconf 76' lang='lat' dir='ltr'><strong>om.MR.-13.rcou··dvdpaivom.ll·</strong></span> <span class='ocrx_word' id='word_1_433' title='bbox 1653 4473 1680 4484; x_wconf 92' lang='lat'><strong>-·</strong></span> <span class='ocrx_word' id='word_1_434' title='bbox 1802 4493 1803 4504; x_wconf 68' lang='grc'>,</span> 
     </span>
    </p>
   </div>
   <div class='ocr_carea' id='block_1_13' title="bbox 360 4513 1685 5075">
    <p class='ocr_par' dir='ltr' id='par_1_23' title="bbox 360 4513 1685 5075">
     <span class='ocr_line' id='line_1_42' title="bbox 361 4513 1684 4582; baseline 0 -16"><span class='ocrx_word' id='word_1_435' title='bbox 361 4516 403 4566; x_wconf 77' lang='lat' dir='ltr'><strong>ll.</strong></span> <span class='ocrx_word' id='word_1_436' title='bbox 421 4513 520 4580; x_wconf 82' lang='lat' dir='ltr'><strong>dolore]</strong></span> <span class='ocrx_word' id='word_1_437' title='bbox 540 4517 613 4569; x_wconf 86' lang='lat' dir='ltr'><strong>Fert.</strong></span> <span class='ocrx_word' id='word_1_438' title='bbox 632 4531 746 4569; x_wconf 82' lang='lat' dir='ltr'><strong>rumore.</strong></span> <span class='ocrx_word' id='word_1_439' title='bbox 766 4519 817 4571; x_wconf 84' lang='lat' dir='ltr'><strong>Oa.</strong></span> <span class='ocrx_word' id='word_1_440' title='bbox 849 4546 878 4557; x_wconf 90' lang='lat'>-</span> <span class='ocrx_word' id='word_1_441' title='bbox 917 4521 959 4572; x_wconf 83' lang='grc'><strong>16.</strong></span> <span class='ocrx_word' id='word_1_442' title='bbox 978 4521 1059 4570; x_wconf 79' lang='lat' dir='ltr'><strong>nereis</strong></span> <span class='ocrx_word' id='word_1_443' title='bbox 1074 4519 1112 4570; x_wconf 88' lang='grc' dir='ltr'><strong>Μ.</strong></span> <span class='ocrx_word' id='word_1_444' title='bbox 1144 4543 1174 4554; x_wconf 99' lang='grc'>-</span> <span class='ocrx_word' id='word_1_445' title='bbox 1210 4517 1335 4582; x_wconf 73' lang='lat' dir='ltr'><strong>latislao</strong></span> <span class='ocrx_word' id='word_1_446' title='bbox 1357 4519 1684 4569; x_wconf 81' lang='lat' dir='ltr'><strong>istielirnestioauctore</strong></span> 
     </span>
     <span class='ocr_line' id='line_1_43' title="bbox 360 4587 1685 4656; baseline 0.002 -20"><span class='ocrx_word' id='word_1_447' title='bbox 360 4587 530 4639; x_wconf 84' lang='lat' dir='ltr'><strong>Schuetzius.</strong></span> <span class='ocrx_word' id='word_1_448' title='bbox 558 4612 589 4624; x_wconf 93' lang='lat'>-</span> <span class='ocrx_word' id='word_1_449' title='bbox 627 4589 670 4639; x_wconf 84' lang='grc'><strong>17.</strong></span> <span class='ocrx_word' id='word_1_450' title='bbox 689 4602 740 4638; x_wconf 77' lang='lat' dir='ltr'><strong>ease</strong></span> <span class='ocrx_word' id='word_1_451' title='bbox 757 4592 786 4640; x_wconf 81' lang='lat' dir='ltr'><strong>tn</strong></span> <span class='ocrx_word' id='word_1_452' title='bbox 803 4599 897 4641; x_wconf 81' lang='lat' dir='ltr'><strong>senatu</strong></span> <span class='ocrx_word' id='word_1_453' title='bbox 915 4605 955 4656; x_wconf 88' lang='lat' dir='ltr'><strong>pr.</strong></span> <span class='ocrx_word' id='word_1_454' title='bbox 976 4589 1013 4640; x_wconf 89' lang='grc' dir='ltr'><strong>Μ.</strong></span> <span class='ocrx_word' id='word_1_455' title='bbox 1042 4615 1076 4626; x_wconf 89' lang='grc'>-</span> <span class='ocrx_word' id='word_1_456' title='bbox 1112 4589 1155 4640; x_wconf 86' lang='grc'><strong>18.</strong></span> <span class='ocrx_word' id='word_1_457' title='bbox 1175 4603 1237 4639; x_wconf 76' lang='lat' dir='ltr'><strong>coeo</strong></span> <span class='ocrx_word' id='word_1_458' title='bbox 1256 4604 1295 4653; x_wconf 87' lang='lat' dir='ltr'><strong>pr.</strong></span> <span class='ocrx_word' id='word_1_459' title='bbox 1315 4590 1352 4640; x_wconf 87' lang='grc' dir='ltr'><strong>Μ.</strong></span> <span class='ocrx_word' id='word_1_460' title='bbox 1374 4615 1405 4625; x_wconf 93' lang='grc'><strong>-</strong></span> <span class='ocrx_word' id='word_1_461' title='bbox 1443 4591 1516 4654; x_wconf 79' lang='lat' dir='ltr'><strong>[acto</strong></span> <span class='ocrx_word' id='word_1_462' title='bbox 1534 4587 1582 4650; x_wconf 82' lang='lat' dir='ltr'><strong>eat]</strong></span> <span class='ocrx_word' id='word_1_463' title='bbox 1601 4590 1685 4651; x_wconf 74' lang='lat' dir='ltr'><strong>[oetas</strong></span> 
     </span>
     <span class='ocr_line' id='line_1_44' title="bbox 361 4655 1683 4723; baseline 0.002 -18"><span class='ocrx_word' id='word_1_464' title='bbox 361 4671 401 4719; x_wconf 88' lang='lat' dir='ltr'><strong>pr.</strong></span> <span class='ocrx_word' id='word_1_465' title='bbox 420 4659 465 4716; x_wconf 83' lang='lat' dir='ltr'><strong>bl,</strong></span> <span class='ocrx_word' id='word_1_466' title='bbox 495 4659 568 4720; x_wconf 80' lang='lat' dir='ltr'><strong>[actu</strong></span> <span class='ocrx_word' id='word_1_467' title='bbox 587 4655 699 4722; x_wconf 85' lang='lat' dir='ltr'><strong>(omisso</strong></span> <span class='ocrx_word' id='word_1_468' title='bbox 718 4661 764 4715; x_wconf 80' lang='lat' dir='ltr'><strong>est)</strong></span> <span class='ocrx_word' id='word_1_469' title='bbox 782 4660 816 4710; x_wconf 78' lang='lat' dir='ltr'><strong>tit</strong></span> <span class='ocrx_word' id='word_1_470' title='bbox 834 4667 861 4711; x_wconf 86' lang='lat' dir='ltr'><strong>et</strong></span> <span class='ocrx_word' id='word_1_471' title='bbox 880 4675 951 4712; x_wconf 86' lang='lat' dir='ltr'><strong>corr.</strong></span> <span class='ocrx_word' id='word_1_472' title='bbox 970 4661 1008 4711; x_wconf 87' lang='grc' dir='ltr'><strong>Μ.</strong></span> <span class='ocrx_word' id='word_1_473' title='bbox 1038 4685 1069 4698; x_wconf 87' lang='lat'><strong>·-</strong></span> <span class='ocrx_word' id='word_1_474' title='bbox 1105 4663 1149 4711; x_wconf 88' lang='grc'><strong>21.</strong></span> <span class='ocrx_word' id='word_1_475' title='bbox 1170 4661 1316 4722; x_wconf 80' lang='lat' dir='ltr'><strong>Campania</strong></span> <span class='ocrx_word' id='word_1_476' title='bbox 1335 4660 1372 4710; x_wconf 83' lang='lat' dir='ltr'><strong>ll:</strong></span> <span class='ocrx_word' id='word_1_477' title='bbox 1406 4661 1541 4723; x_wconf 79' lang='lat' dir='ltr'><strong>Campano</strong></span> <span class='ocrx_word' id='word_1_478' title='bbox 1559 4658 1631 4711; x_wconf 79' lang='grc' dir='ltr'><strong>ΜΙΕ.</strong></span> <span class='ocrx_word' id='word_1_479' title='bbox 1653 4681 1683 4692; x_wconf 93' lang='grc'><strong>-</strong></span> 
     </span>
     <span class='ocr_line' id='line_1_45' title="bbox 360 4723 1683 4796; baseline 0 -20"><span class='ocrx_word' id='word_1_480' title='bbox 360 4727 469 4777; x_wconf 82' lang='lat' dir='ltr'><strong>dilectus</strong></span> <span class='ocrx_word' id='word_1_481' title='bbox 487 4729 524 4781; x_wconf 81' lang='lat' dir='ltr'><strong>bl·</strong></span> <span class='ocrx_word' id='word_1_482' title='bbox 544 4751 577 4763; x_wconf 93' lang='lat'>-</span> <span class='ocrx_word' id='word_1_483' title='bbox 611 4731 655 4779; x_wconf 90' lang='grc'><strong>22.</strong></span> <span class='ocrx_word' id='word_1_484' title='bbox 675 4731 774 4791; x_wconf 66' lang='lat' dir='ltr'><strong>nepotis·</strong></span> <span class='ocrx_word' id='word_1_485' title='bbox 790 4743 890 4780; x_wconf 83' lang='lat' dir='ltr'><strong>summo</strong></span> <span class='ocrx_word' id='word_1_486' title='bbox 910 4733 931 4782; x_wconf 91' lang='lat' dir='ltr'><strong>l.</strong></span> <span class='ocrx_word' id='word_1_487' title='bbox 955 4754 983 4765; x_wconf 91' lang='lat'><em>—</em></span> <span class='ocrx_word' id='word_1_488' title='bbox 1021 4731 1171 4796; x_wconf 63' lang='lat' dir='ltr'><strong>censeatur</strong></span> <span class='ocrx_word' id='word_1_489' title='bbox 1189 4730 1220 4780; x_wconf 83' lang='lat' dir='ltr'><strong>R.</strong></span> <span class='ocrx_word' id='word_1_490' title='bbox 1247 4754 1277 4766; x_wconf 93' lang='lat'>-</span> <span class='ocrx_word' id='word_1_491' title='bbox 1314 4729 1357 4780; x_wconf 78' lang='lat'><strong>23.</strong></span> <span class='ocrx_word' id='word_1_492' title='bbox 1385 4723 1477 4796; x_wconf 76' lang='grc' dir='ltr'><strong><em>ὁρμὴ]</em></strong></span> <span class='ocrx_word' id='word_1_493' title='bbox 1501 4730 1568 4779; x_wconf 80' lang='lat' dir='ltr'><strong>bora</strong></span> <span class='ocrx_word' id='word_1_494' title='bbox 1584 4743 1624 4778; x_wconf 80' lang='lat' dir='ltr'><strong>me</strong></span> <span class='ocrx_word' id='word_1_495' title='bbox 1643 4741 1683 4792; x_wconf 90' lang='lat' dir='ltr'><strong>pr.</strong></span> 
     </span>
     <span class='ocr_line' id='line_1_46' title="bbox 362 4797 1682 4865; baseline -0.001 -19"><span class='ocrx_word' id='word_1_496' title='bbox 362 4797 408 4856; x_wconf 93' lang='grc' dir='ltr'><strong>Μ,</strong></span> <span class='ocrx_word' id='word_1_497' title='bbox 428 4799 495 4848; x_wconf 83' lang='lat' dir='ltr'><strong>bora</strong></span> <span class='ocrx_word' id='word_1_498' title='bbox 513 4799 571 4848; x_wconf 85' lang='lat' dir='ltr'><strong>uiae</strong></span> <span class='ocrx_word' id='word_1_499' title='bbox 589 4813 660 4850; x_wconf 87' lang='lat' dir='ltr'><strong>corr.</strong></span> <span class='ocrx_word' id='word_1_500' title='bbox 679 4798 719 4858; x_wconf 90' lang='grc' dir='ltr'><strong>Μ,</strong></span> <span class='ocrx_word' id='word_1_501' title='bbox 739 4803 845 4850; x_wconf 82' lang='lat' dir='ltr'><strong>orooie</strong></span> <span class='ocrx_word' id='word_1_502' title='bbox 865 4801 910 4852; x_wconf 87' lang='lat' dir='ltr'><strong>itt.</strong></span> <span class='ocrx_word' id='word_1_503' title='bbox 931 4828 963 4840; x_wconf 90' lang='lat'><strong>·-</strong></span> <span class='ocrx_word' id='word_1_504' title='bbox 998 4802 1044 4853; x_wconf 72' lang='grc'><strong>24.</strong></span> <span class='ocrx_word' id='word_1_505' title='bbox 1063 4809 1086 4852; x_wconf 83' lang='lat' dir='ltr'><strong>et</strong></span> <span class='ocrx_word' id='word_1_506' title='bbox 1106 4800 1350 4865; x_wconf 81' lang='lat' dir='ltr'><strong>quoniamquidem</strong></span> <span class='ocrx_word' id='word_1_507' title='bbox 1369 4799 1391 4850; x_wconf 90' lang='lat' dir='ltr'><strong>l.</strong></span> <span class='ocrx_word' id='word_1_508' title='bbox 1413 4823 1443 4836; x_wconf 92' lang='lat'>-</span> <span class='ocrx_word' id='word_1_509' title='bbox 1480 4800 1524 4850; x_wconf 87' lang='grc'><strong>28.</strong></span> <span class='ocrx_word' id='word_1_510' title='bbox 1544 4799 1606 4850; x_wconf 75' lang='lat' dir='ltr'><strong>Kal.</strong></span> <span class='ocrx_word' id='word_1_511' title='bbox 1625 4799 1682 4847; x_wconf 80' lang='lat' dir='ltr'><strong>lun.</strong></span> 
     </span>
     <span class='ocr_line' id='line_1_47' title="bbox 361 4864 1685 4935; baseline 0.002 -20"><span class='ocrx_word' id='word_1_512' title='bbox 361 4867 392 4915; x_wconf 78' lang='lat' dir='ltr'><strong>lu</strong></span> <span class='ocrx_word' id='word_1_513' title='bbox 409 4865 483 4918; x_wconf 82' lang='grc' dir='ltr'><strong>ΜΙΜ.</strong></span> <span class='ocrx_word' id='word_1_514' title='bbox 522 4864 763 4930; x_wconf 81' lang='lat' dir='ltr'><strong>(Emendatumex</strong></span> <span class='ocrx_word' id='word_1_515' title='bbox 793 4867 839 4932; x_wconf 82' lang='lat' dir='ltr'><strong>Y.)</strong></span> <span class='ocrx_word' id='word_1_516' title='bbox 870 4894 897 4904; x_wconf 95' lang='lat'>-</span> <span class='ocrx_word' id='word_1_517' title='bbox 935 4872 978 4921; x_wconf 80' lang='lat'><strong>31.</strong></span> <span class='ocrx_word' id='word_1_518' title='bbox 998 4873 1149 4935; x_wconf 75' lang='lat' dir='ltr'><strong>[oriundum</strong></span> <span class='ocrx_word' id='word_1_519' title='bbox 1168 4870 1209 4920; x_wconf 82' lang='lat' dir='ltr'><strong>his</strong></span> <span class='ocrx_word' id='word_1_520' title='bbox 1228 4871 1251 4920; x_wconf 87' lang='lat' dir='ltr'><strong>l.</strong></span> <span class='ocrx_word' id='word_1_521' title='bbox 1273 4895 1301 4906; x_wconf 94' lang='lat'>-</span> <span class='ocrx_word' id='word_1_522' title='bbox 1340 4869 1574 4933; x_wconf 67' lang='lat' dir='ltr'><strong>supermittit.</strong></span> <span class='ocrx_word' id='word_1_523' title='bbox 1612 4865 1685 4931; x_wconf 85' lang='lat' dir='ltr'><strong>(Cor-</strong></span> 
     </span>
     <span class='ocr_line' id='line_1_48' title="bbox 363 4937 1685 5005; baseline 0.002 -19"><span class='ocrx_word' id='word_1_524' title='bbox 363 4938 430 4986; x_wconf 80' lang='lat' dir='ltr'><strong>rexit</strong></span> <span class='ocrx_word' id='word_1_525' title='bbox 450 4937 618 4996; x_wconf 82' lang='lat' dir='ltr'><strong>Lambinus.)</strong></span> <span class='ocrx_word' id='word_1_526' title='bbox 650 4963 680 4975; x_wconf 93' lang='lat'>-</span> <span class='ocrx_word' id='word_1_527' title='bbox 718 4953 794 5005; x_wconf 67' lang='lat' dir='ltr'><strong>rope:</strong></span> <span class='ocrx_word' id='word_1_528' title='bbox 811 4940 843 4990; x_wconf 86' lang='lat' dir='ltr'><strong>ll.</strong></span> <span class='ocrx_word' id='word_1_529' title='bbox 876 4967 904 4978; x_wconf 97' lang='lat'><em>-</em></span> <span class='ocrx_word' id='word_1_530' title='bbox 943 4941 987 4992; x_wconf 79' lang='lat' dir='ltr'><strong>at.</strong></span> <span class='ocrx_word' id='word_1_531' title='bbox 1007 4943 1116 4992; x_wconf 77' lang='lat' dir='ltr'><strong>terroris</strong></span> <span class='ocrx_word' id='word_1_532' title='bbox 1132 4941 1279 4992; x_wconf 80' lang='lat' dir='ltr'><strong>Manutius.</strong></span> <span class='ocrx_word' id='word_1_533' title='bbox 1301 4965 1331 4977; x_wconf 94' lang='lat'>-</span> <span class='ocrx_word' id='word_1_534' title='bbox 1368 4941 1412 4991; x_wconf 81' lang='lat'><strong>³5.</strong></span> <span class='ocrx_word' id='word_1_535' title='bbox 1435 4941 1516 4992; x_wconf 79' lang='lat' dir='ltr'><strong>Teani</strong></span> <span class='ocrx_word' id='word_1_536' title='bbox 1534 4939 1685 5002; x_wconf 85' lang='lat' dir='ltr'><strong>inscriptio·</strong></span> 
     </span>
     <span class='ocr_line' id='line_1_49' title="bbox 363 5007 1382 5075; baseline 0.003 -20"><span class='ocrx_word' id='word_1_537' title='bbox 363 5020 429 5056; x_wconf 84' lang='lat' dir='ltr'><strong>nes:</strong></span> <span class='ocrx_word' id='word_1_538' title='bbox 470 5007 679 5062; x_wconf 72' lang='lat' dir='ltr'><strong>Ttaantttssitti.</strong></span> <span class='ocrx_word' id='word_1_539' title='bbox 701 5035 732 5048; x_wconf 86' lang='lat'><strong>·-</strong></span> <span class='ocrx_word' id='word_1_540' title='bbox 770 5010 813 5062; x_wconf 81' lang='lat'><strong>³6.</strong></span> <span class='ocrx_word' id='word_1_541' title='bbox 833 5010 943 5074; x_wconf 75' lang='lat' dir='ltr'><strong>Apuleio</strong></span> <span class='ocrx_word' id='word_1_542' title='bbox 962 5026 1002 5075; x_wconf 87' lang='lat' dir='ltr'><strong>pr.</strong></span> <span class='ocrx_word' id='word_1_543' title='bbox 1023 5013 1060 5062; x_wconf 92' lang='grc' dir='ltr'><strong>Μ.</strong></span> <span class='ocrx_word' id='word_1_544' title='bbox 1083 5035 1113 5047; x_wconf 92' lang='grc'><strong>-</strong></span> <span class='ocrx_word' id='word_1_545' title='bbox 1150 5012 1194 5061; x_wconf 84' lang='grc'><strong>37.</strong></span> <span class='ocrx_word' id='word_1_546' title='bbox 1214 5024 1340 5061; x_wconf 80' lang='lat' dir='ltr'><strong>nouom.</strong></span> <span class='ocrx_word' id='word_1_547' title='bbox 1361 5010 1382 5059; x_wconf 92' lang='lat' dir='ltr'><strong>l.</strong></span> 
     </span>
    </p>
   </div>
   <div class='ocr_carea' id='block_1_14' title="bbox 0 0 1844 5943">
    <p class='ocr_par' dir='ltr' id='par_1_24' title="bbox 0 0 1844 5943">
     <span class='ocr_line' id='line_1_50' title="bbox 0 0 1844 5943; baseline 0 0"><span class='ocrx_word' id='word_1_548' title='bbox 0 0 1844 5943; x_wconf 95' lang='lat' dir='ltr'><strong> </strong></span> 
     </span>
    </p>
   </div>
  </div>
 </body>
</html>
