3666 5874
1398 447 1524 504 mm

196 597 250 684 et,
271 593 379 660 entra
394 589 565 682 ordinem,
589 596 767 660 oetaeum:
788 597 826 660 tn
841 591 976 686 paidos,
997 596 1038 663 ni
1057 595 1136 663 dict
1156 599 1247 688 iam,
1268 601 1339 666 nim
1351 618 1407 666 me
1429 619 1524 666 conr-

196 702 312 766 munie
342 697 500 774 potamia
529 694 675 796 decipit,
708 715 777 763 nora
803 697 942 766 oidelae
963 718 1069 786 opera
1090 700 1182 767 male
1204 701 1385 769 collocata.
1429 704 1525 772 Haeo

198 801 275 869 dum
293 802 436 890 agebat,
463 817 494 866 a.
509 797 701 866 mmm
717 817 738 866 a
753 799 815 867 Pio
830 801 905 885 1v.‚
933 803 1089 890 pontitice
1103 804 1261 886 maximo,
1282 804 1327 872 ad
1342 807 1525 875 emendan-

198 903 262 974 dos
280 902 580 992 imprimendosque
606 921 725 972 saeros
743 909 939 995 patrumque
959 909 1064 975 libros
1084 911 1176 976 lauto
1200 910 1367 994 stipendio
1385 911 1525 980 Romanu

197 1012 371 1080 evocatur.
411 1008 547 1076 Interea
573 1011 702 1094 mosen,
729 1008 887 1097 quidquid
909 1013 1068 1098 temporis
1092 1013 1229 1100 reliquis
1250 1016 1526 1101 occupationibus

198 1115 293 1203 quasi
315 1113 469 1180 manuari
492 1115 642 1201 poterat,
664 1113 882 1183 absolvendis
902 1118 1147 1183 commentariis
1169 1117 1329 1204 impendit
1344 1138 1525 1208 somnoque
1554 1173 1556 1178 .

198 1219 363 1306 detraxit,
395 1219 434 1283 ut
451 1217 561 1286 doctis
583 1216 786 1302 hominibus,
820 1222 874 1306 qui
898 1239 983 1306 opus
1010 1220 1093 1287 illud
1122 1220 1313 1290 avidissime
1342 1227 1527 1310 exspecta-

197 1327 297 1409 bunt,
323 1323 448 1410 quanto
474 1323 566 1389 ocius
584 1321 807 1389 satisfaceret.
851 1321 948 1406 Quod
975 1323 1104 1410 quidem
1129 1321 1238 1392 Roma
1262 1326 1322 1394 IV.
1340 1325 1419 1394 Kal.
1440 1329 1524 1396 Dec.

197 1425 413 1498 monitu.
434 1424 476 1492 ad
494 1424 639 1492 Marium
659 1425 819 1493 Niuoiium
840 1429 913 1495 Lib.
928 1427 987 1494 Vl.
1008 1428 1116 1515 Epist.
1133 1425 1194 1524 iti.
1214 1432 1349 1517 scripsit
1373 1431 1426 1499 bis
1443 1451 1526 1499 ver-

198 1535 267 1600 bis:
306 1527 583 1600 Commentarios
603 1549 698 1597 meos
713 1535 753 1597 in
775 1529 960 1612 Epistulae
983 1529 1179 1625 Οίεονοοιίε,
1202 1552 1290 1626 qnae
1311 1533 1527 1605 Familiares

197 1641 384 1728 uocaretur,
406 1655 484 1702 cnm
504 1655 529 1700 a
546 1653 602 1702 mc
624 1640 825 1723 exspectari
845 1636 961 1720 uideo,
983 1641 1105 1725 anpert
1118 1637 1207 1706 milri
1220 1642 1356 1706 animos
1372 1641 1420 1706 ad
1433 1645 1526 1708 scri·

199 1742 348 1810 bendum
364 1744 497 1826 ceretio3
529 1743 581 1830 et,
603 1757 811 1831 mamqaam
831 1743 872 1806 tn
891 1759 962 1807 non
983 1745 1109 1833 tontes,
1131 1743 1310 1810 admoveat
1333 1748 1452 1811 tamen
1469 1749 1526 1811 rt-

198 1845 299 1936 deor,
320 1848 361 1912 al
389 1843 575 1910 absolvam
620 1839 697 1910 Sed
725 1840 789 1909 boo
816 1862 880 1910 nec
904 1847 979 1911 stom
1004 1849 1074 1910 otto
1098 1844 1178 1933 fieri
1198 1849 1315 1925 potest
1335 1853 1372 1913 ct
1391 1846 1527 1915 Romae

199 1955 310 2017 otiam
324 1953 448 2037 optare
461 1951 536 2014 aaa
550 1951 620 2039 eat,
641 1952 701 2038 qai
713 1944 864 2014 Romam
875 1951 991 2035 ipsam
1004 1952 1140 2036 ipnoret
1154 1955 1219 2017 aut
1233 1954 1306 2042 qui,
1324 1953 1415 2041 prod
1430 1958 1527 2019 aaut

198 2055 265 2123 dat
278 2055 467 2141 maimanis,
488 2055 527 2118 in
549 2069 588 2118 eo
610 2050 677 2119 sibi
694 2057 923 2140 praeeipuam
937 2052 1172 2120 coredlctonem
1187 2072 1331 2142 sperare
1344 2053 1439 2122 solata
1457 2075 1526 2123 on-

199 2159 295 2224 deot.
339 2153 417 2224 Sed
436 2161 518 2246 pratu
539 2173 716 2223 cessamus
733 2159 837 2222 irioni
852 2159 887 2221 et
902 2158 1000 2246 pata,
1022 2156 1112 2247 qnod
1131 2155 1204 2242 fait
1219 2161 1259 2224 in
1277 2177 1379 2246 opere
1393 2157 1527 2246 diffict-

199 2262 284 2352 liam,
306 2261 345 2328 id
364 2262 585 2326 marmarium
605 2264 679 2325 tam
697 2263 766 2350 est,
789 2263 976 2347 ereitemar,
998 2263 1039 2327 nt
1064 2259 1199 2351 reliqna
1220 2262 1281 2329 dia
1301 2281 1372 2328 reme
1385 2263 1527 2332 deside..

199 2371 332 2434 roratur.
375 2359 572 2452 Armentiue
590 2365 756 2450 temporie
771 2361 977 2430 obstabunt:
998 2367 1039 2430 at
1058 2362 1243 2431 detrahere
1262 2365 1394 2457 aliquid
1407 2385 1525 2434 somno

200 2475 236 2538 et
257 2465 416 2553 coroferre
438 2467 487 2533 ad
510 2464 782 2534 elucubrandnm
806 2466 931 2534 licebit.
975 2466 1129 2550 Interim,
1166 2466 1240 2534 dum
1263 2471 1359 2536 varia
1385 2469 1526 2557 impedi-

198 2578 311 2642 menta
331 2569 539 2640 absolvendo
561 2573 795 2638 commentario
817 2569 1075 2662 obiictebantnr,
1098 2569 1270 2640 Ciceronis
1290 2593 1394 2659 opera
1411 2593 1528 2641 rursus

199 2679 293 2766 typis
312 2679 383 2743 suis
408 2675 575 2760 impressit
598 2675 757 2761 librisque
780 2674 989 2762 pbilosophis
1009 2675 1137 2743 scholia
1165 2669 1359 2762 adiecit*).
1401 2675 1529 2760 Quam-

200 2800 296 2867 quam
313 2799 397 2847 vero
419 2797 546 2846 omnem
565 2796 675 2846 oumm
696 2778 968 2868 diligentiamque
982 2779 1149 2867 adbibuit,
1170 2783 1207 2846 ut
1223 2785 1376 2869 coeptum
1392 2801 1476 2868 opus
1492 2786 1527 2849 et

199 2890 263 2954 inm
285 2885 404 2953 dudum
420 2885 534 2951 aviris
548 2882 657 2953 doctis
670 2883 771 2950 valde
790 2885 972 2971 expetitum
990 2885 1169 2974 aliquando
1183 2886 1377 2972 perliceret,
1398 2888 1526 2954 tantum

200 2996 312 3060 tamen
339 2990 398 3055 otii
423 2989 573 3056 nancisei
597 3007 665 3054 non
688 2989 808 3074 potuit.
852 2985 927 3070 Qua
950 2987 992 3056 de
1017 3007 1054 3056 re
1079 2991 1113 3054 in
1141 2989 1263 3057 litteris
1285 2988 1329 3055 ad
1349 2989 1526 3058 Horatium

201 3093 425 3166 Cardanetum
447 3092 535 3159 datis
554 3092 613 3160 IV.
634 3091 720 3159 Non.
741 3091 806 3158 ian.
820 3091 1049 3159 M.D.LXV1.
1073 3092 1145 3160 Lib.
1169 3092 1246 3159 vii.
1266 3093 1376 3181 Epist.
1398 3090 1459 3159 10.
1476 3095 1526 3162 sio

201 3202 367 3289 queritur:
406 3191 684 3266 Commentarios
706 3215 799 3262 meos
814 3199 853 3261 in
872 3193 1087 3288 familiares,
1116 3199 1156 3263 al
1176 3201 1319 3289 uocaret,
1349 3192 1528 3266 Ciceronis

202 3303 386 3394 Epictetus
415 3305 581 3392 requiris:
617 3304 650 3367 ai
682 3305 775 3368 esset
803 3306 927 3392 eitam,
961 3301 1161 3388 propediem
1191 3300 1366 3369 absolutos
1395 3302 1525 3368 darem.

203 3407 281 3478 Sed
299 3412 353 3474 tta
375 3425 480 3494 saepe
500 3411 615 3474 inscio
638 3425 703 3496 qno
722 3403 801 3491 fato
824 3402 969 3472 divellor
990 3424 1013 3471 a
1032 3404 1146 3483 libris,
1174 3409 1216 3472 nt
1241 3405 1417 3473 interdum
1441 3405 1529 3474 mibi

201 3511 315 3579 ltoom
332 3509 517 3600 displiceat
528 3513 563 3575 et
574 3511 747 3596 aprertem
761 3507 984 3575 solitudinem
998 3508 1154 3576 arbonae
1169 3509 1366 3577 celebritati
1380 3510 1529 3577 libenter

202 3621 425 3701 arcteponam.
470 3613 510 3680 ln
526 3617 621 3679 tanta
636 3614 740 3704 igitur
757 3613 869 3700 operis
884 3631 976 3678 mora
999 3611 1144 3699 quotidie
1165 3611 1288 3701 aliquid
1306 3615 1362 3680 vei
1382 3613 1528 3681 addebat

202 3721 258 3787 vel
281 3719 446 3807 mutabat,
467 3721 521 3805 ut,
543 3736 637 3804 quam
658 3717 828 3785 iaciebant
847 3715 997 3782 homines
1014 3715 1205 3784 Manutiani
1222 3719 1447 3784 commentarii
1464 3736 1527 3785 cu-

201 3823 271 3912 pidi
289 3825 322 3888 in
345 3826 494 3909 tempore
515 3823 691 3903 iacturum,
716 3839 787 3886 eum
810 3821 875 3885 iilis
890 3823 1098 3887 accuratiore
1121 3821 1348 3888 elaboratione
1370 3823 1527 3908 sarciret,

202 3934 241 3994 nt
265 3929 382 3995 scribit
407 3925 450 3992 ad
476 3927 701 4016 Augustinum
730 3925 943 4015 Angelelium
967 3925 1027 3991 1v.
1057 3923 1144 3990 Non.
1166 3921 1262 4012 Sept.
1281 3923 1527 3992 muidivn.

202 4034 276 4101 Lib.
291 4031 353 4099 IX.
374 4031 485 4116 Epist.
502 4032 536 4097 8.
578 4025 756 4115 Superatis
771 4027 903 4096 tandem
920 4029 1070 4096 omnibus
1089 4028 1338 4097 difficultatibus
1344 4081 1355 4121 ,
1378 4048 1450 4097 cum
1462 4048 1527 4096 ne-

204 4156 268 4225 que
291 4138 545 4222 occupationum
573 4133 780 4200 multitudine
806 4151 914 4220 neque
937 4132 1141 4200 valetudinis
1164 4134 1389 4202 imbecillitate
1418 4152 1527 4220 neque

202 4241 481 4308 incommodorum
497 4239 749 4308 domesticorum
772 4237 996 4306 sollicitudine
1017 4239 1118 4304 avelli
1136 4257 1173 4306 se
1194 4257 1214 4304 n
1235 4238 1407 4325 proposito
1427 4256 1527 4304 arce-

202 4351 298 4432 rique
322 4349 511 4431 pateretur,
540 4343 814 4411 a.M.1i.er1X.
842 4343 1108 4410 commentarium
1129 4340 1174 4407 ad
1196 4341 1380 4408 umbilicum
1400 4339 1527 4427 perdu-

204 4453 292 4518 ctum
314 4451 420 4517 amico
443 4447 695 4516 describendum
719 4448 825 4532 dedit,
848 4451 935 4512 teste
957 4448 1029 4532 ipso
1044 4445 1115 4513 Lib.
1133 4445 1195 4512 ΙΧ.
1218 4446 1326 4532 Epist.
1343 4444 1403 4511 14.
1446 4444 1528 4512 Cum

204 4557 252 4620 iia
276 4554 363 4619 loma
389 4555 652 4639 percrebruisset
678 4552 865 4620 Manutium
889 4552 1123 4620 commentario
1149 4569 1210 4616 suo
1233 4551 1376 4616 ultimam
1399 4567 1527 4614 manum

203 4658 420 4745 imposuisse,
442 4675 573 4742 omnes,
596 4657 650 4744 qui
666 4661 732 4723 tam
746 4656 909 4744 praeclari
930 4657 1058 4746 operis,
1080 4655 1177 4742 quale
1194 4655 1236 4722 ab
1260 4654 1425 4741 exquisita
1444 4651 1528 4720 Ma-

273 4919 297 4985 ')
315 4921 427 4984 Scriptis
451 4919 484 4972 ad
510 4919 703 4983 philosophiam
722 4918 915 4983 pertinentibus
934 4919 1031 4973 robolin
1048 4913 1181 4972 'adiecerat
1206 4917 1258 4968 iam
1281 4915 1522 4970 o.n.1t.xavi.

205 5009 232 5056 et
251 4999 420 5054 M-D-Lvi.
458 4999 510 5052 bad
538 5002 565 5050 iu
590 5000 756 5052 Editionibua
782 4998 983 5053 a.ii.1i.ux.
1010 5007 1037 5054 at
1060 4997 1256 5063 ii.u.1.xi1.,
1286 5009 1351 5062 quas
1378 4997 1527 5064 siquitem

204 5083 310 5137 ridetur
327 5081 487 5144 ilicitanus,
508 5079 601 5134 eadem
621 5089 698 5133 aucta
717 5085 878 5144 comparant.
