3666 5874
747 415 1021 479 selssonanutt
1041 415 1093 478 Al)
1115 415 1202 478 FAM-

794 603 859 664 ru.
902 597 941 684 (a
967 603 999 665 u.
1022 603 1055 666 o.
1077 602 1161 686 sss.)

599 737 639 800 u.
662 733 805 800 cresso
827 733 859 796 s
879 735 918 798 n.
940 735 974 796 n.
994 734 1174 798 muruco
1196 733 1362 798 erosos,

406 878 434 940 1.
456 873 533 956 Legi
554 879 622 937 tuas
642 871 777 950 litteras,
810 869 923 957 quilius
944 870 983 936 nd
1004 891 1055 936 me
1077 869 1189 937 scribis
1210 880 1332 956 gratum
1354 869 1410 936 tibi
1432 893 1517 949 esse,
1552 869 1639 961 quod

319 966 434 1033 crebro
456 965 572 1031 certior
593 986 651 1052 per
672 985 722 1029 me
743 963 799 1030 lias
820 964 860 1030 de
882 963 1027 1030 omnibus
1048 963 1144 1032 rebus
1166 973 1198 1032 et
1218 987 1320 1030 meam
1340 985 1414 1050 erga
1442 975 1473 1031 te
1501 963 1639 1034 benevo—

319 1061 445 1126 lentiam
467 1059 557 1124 lacile
577 1059 763 1147 perspiciam
785 1081 920 1146 qnorum
942 1058 1073 1124 alterum
1095 1058 1187 1136 mihi,
1210 1068 1245 1126 ut
1265 1068 1296 1124 te
1309 1059 1479 1146 plurimum
1494 1061 1637 1147 diligam,

317 1154 421 1220 lacere
443 1173 569 1218 necesse
592 1162 652 1230 est,
685 1153 711 1218 si
734 1154 807 1220 volo
835 1153 862 1217 is
892 1173 975 1226 esse,
1008 1173 1101 1240 quem
1122 1162 1156 1219 tn
1177 1174 1229 1217 me
1250 1174 1319 1218 esse
1340 1153 1483 1232 voluisti;
1505 1155 1637 1221 alterum

318 1247 399 1314 lacio
427 1245 584 1322 libenter,
621 1255 677 1321 ut,
710 1247 858 1335 quoniam
886 1245 1050 1312 intervallo
1079 1245 1221 1312 locorum
1249 1256 1280 1312 et
1305 1256 1481 1334 temporum
1508 1248 1637 1314 diiuncti

319 1363 447 1418 sumus,
477 1363 536 1428 per
556 1341 675 1406 litteras
696 1347 798 1405 tecum
821 1361 913 1426 mam
935 1339 1115 1427 saepissime
1142 1339 1314 1428 colloquar.
1372 1341 1466 1419 Quod
1487 1341 1514 1407 si
1535 1343 1637 1408 rarius

319 1435 387 1511 fiet,
416 1457 509 1524 quam
531 1443 564 1502 tu
586 1433 797 1522 exspectabis,
826 1433 859 1500 id
880 1433 940 1499 erit
961 1455 1089 1510 causae,
1123 1434 1208 1522 quod
1230 1455 1293 1500 non
1315 1435 1382 1500 eius
1404 1435 1527 1520 generis
1549 1455 1637 1500 meae

284 1559 309 1600 ιο
319 1531 440 1596 litterae
462 1539 548 1602 sunt,
571 1538 606 1594 ut
626 1551 679 1594 cas
701 1527 832 1594 audeam
853 1538 971 1594 temere
993 1528 1198 1594 committere.
1243 1529 1374 1608 Quoties
1388 1529 1465 1595 milri
1479 1540 1637 1596 certorum

319 1623 480 1690 hominum
501 1631 639 1710 potestas
661 1624 740 1697 crit,
764 1621 877 1709 quihus
899 1631 984 1688 recte
1006 1623 1091 1696 dem,
1114 1644 1176 1689 non
1193 1625 1448 1710 praetermittam.
1491 1627 1521 1689 2.
1545 1621 1638 1703 Quod

319 1719 401 1784 scire
427 1717 491 1791 vis,
525 1737 586 1804 qua
608 1715 740 1803 quisque
762 1717 794 1781 in
816 1725 846 1781 te
868 1716 928 1782 lide
950 1715 990 1781 sit
1011 1724 1042 1781 et
1064 1717 1239 1794 voluntate,
1273 1717 1397 1784 difficile
1419 1717 1503 1783 dictu
1531 1725 1578 1781 est
1599 1717 1638 1783 de

319 1809 457 1897 singulis.
511 1813 611 1876 Unum
637 1809 715 1875 illud
746 1811 866 1886 audeo,
903 1809 987 1898 quod
1014 1819 1103 1875 antea
1131 1809 1188 1875 tihi
1214 1831 1307 1898 saepe
1337 1809 1524 1896 significavi,
1556 1829 1639 1875 nuno

242 1949 246 1956 -
319 1925 445 1992 quoque
467 1925 502 1969 re
523 1913 686 1991 perspecta
709 1913 740 1969 et
761 1907 885 1990 cognita
907 1903 1061 1970 scribere:
1089 1903 1290 1970 vehementer
1311 1904 1463 1994 quosdam
1485 1903 1637 1978 homines,

283 2009 350 2068 sset
371 2019 426 2064 eos
448 1999 599 2073 maxime,
622 1998 676 2085 qui
698 2006 729 2062 te
751 2008 783 2064 et
805 1997 939 2064 maxime
959 1996 1134 2063 debuerunt
1155 2007 1188 2063 et
1208 1996 1377 2084 plurimum
1398 1999 1507 2065 iuvare
1528 2004 1639 2084 potue-

317 2101 407 2168 runt,
429 2093 578 2158 invidisse
600 2090 742 2178 dignitati
764 2100 852 2166 tuae,
875 2091 1125 2177 simillimamque
1147 2093 1179 2156 in
1200 2112 1235 2156 re
1257 2092 1399 2158 dissimili
1421 2093 1466 2158 tui
1488 2091 1639 2178 temporis

317 2210 400 2254 nune
421 2196 452 2252 et
473 2185 574 2251 nostri
595 2185 752 2273 quondam
775 2185 871 2252 luisse
893 2185 1060 2250 rationem:
1089 2193 1139 2260 ut,
1162 2177 1241 2272 quos
1263 2194 1297 2252 tu
1317 2187 1367 2252 rei
1387 2182 1529 2274 publicae
1546 2205 1638 2250 causa

317 2283 472 2354 laeseras,
494 2280 595 2366 palam
617 2289 647 2342 te
662 2287 893 2364 oppugnarent;
916 2299 1051 2366 quonam
1073 2279 1304 2354 auctoritatem,
1327 2279 1508 2365 dignitatem
1528 2278 1640 2344 volun-

318 2385 475 2461 tatemque
508 2371 709 2446 defenderas,
743 2393 806 2438 non
833 2381 897 2438 tam
924 2373 1126 2438 immemores
1159 2382 1263 2438 essent
1294 2372 1418 2439 rirtntis
1444 2382 1515 2439 tuae
1545 2393 1638 2460 qnam

281 2470 418 2536 solaudis
439 2467 566 2533 inimici.
611 2467 683 2543 Quo
705 2466 831 2554 quidem
853 2473 1015 2553 ternpore,
1038 2474 1073 2532 ut
1087 2466 1257 2554 perscripsi
1271 2466 1309 2532 ad
1331 2476 1362 2532 te
1376 2476 1482 2542 antea,
1505 2463 1639 2552 cognovi

318 2561 521 2628 Hortensium
535 2558 741 2646 percupidum
763 2560 824 2635 tui,
847 2561 1021 2625 studiosum
1036 2560 1213 2635 Lucullum,
1236 2581 1277 2626 ex
1290 2559 1520 2646 magistratibus
1535 2570 1638 2624 autern

319 2659 353 2722 L.
383 2654 534 2722 Racilium
569 2661 601 2719 et
628 2652 689 2718 lide
719 2662 750 2718 et
777 2655 882 2719 animo
910 2652 1069 2739 singulari.
1104 2640 1200 2732 (Nam
1226 2664 1333 2720 nostra
1365 2655 1574 2742 propugnatio
1603 2673 1639 2719 ao

319 2747 460 2816 defensio
482 2746 638 2833 dignitatis
670 2735 893 2871 tuaerropter
913 2745 1158 2833 magnitudinem
1179 2746 1322 2814 beneficii
1343 2749 1388 2814 tui
1416 2749 1547 2814 tortasse
1573 2747 1640 2834 ple·

318 2843 425 2929 risque
454 2841 548 2907 ollicii
580 2841 977 2918 maiorem,auctoritatem
1010 2839 1126 2906 habere
1158 2842 1319 2944 videatur)
1337 2863 1429 2929 quam
1458 2841 1638 2908 sententiae.

281 2965 309 3004 ss
319 2943 349 3004 3.
371 2939 536 3002 Praeterea
565 2935 691 3023 quidem
720 2934 759 3001 de
789 2934 1006 3001 consularibus
1030 2935 1145 3001 nemini
1174 2956 1303 3022 possum
1322 2945 1375 3001 ant
1396 2937 1490 3004 studii
1512 2959 1586 3024 erga
1607 2945 1638 3001 te

317 3040 371 3098 aut
392 3030 486 3096 oflicii
508 3038 561 3095 aut
582 3029 674 3094 amici
695 3030 791 3095 animi
813 3048 881 3094 esse
903 3029 1000 3104 testis.
1053 3029 1175 3095 Etenim
1204 3031 1404 3117 Pompeium,
1440 3031 1495 3118 qui
1516 3051 1638 3096 mecum

317 3125 498 3211 saepissime
518 3143 583 3189 non
604 3124 706 3190 solum
728 3145 746 3190 a
767 3145 817 3188 me
838 3132 1042 3209 provocatus,
1064 3125 1120 3190 sed
1138 3125 1231 3190 etiam
1246 3146 1302 3190 sna
1317 3134 1427 3210 sponte
1448 3124 1533 3190 dete
1554 3146 1639 3191 oom-

317 3219 477 3284 municare
505 3217 603 3294 solet,
636 3217 696 3284 sois
729 3217 924 3304 temporibus
956 3218 1016 3284 illis
1047 3239 1110 3283 non
1133 3239 1226 3306 saepe
1247 3219 1280 3284 in
1302 3227 1409 3284 senatu
1431 3217 1538 3284 luisse.
1582 3219 1639 3286 Cul

318 3310 443 3399 quidem
465 3311 587 3376 litterae
609 3319 697 3386 tuae,
733 3332 810 3398 quas
840 3311 985 3397 proxime
1012 3312 1156 3387 miseras,
1191 3310 1275 3399 quod
1298 3311 1388 3376 facile
1410 3311 1637 3387 intellexerim,

280 3403 529 3491 superincundae
558 3405 694 3470 inerunt.
748 3405 825 3470 Mihi
854 3403 981 3492 quidem
1013 3403 1188 3471 humanitas
1220 3414 1272 3470 tua
1303 3406 1353 3471 rel
1383 3425 1503 3470 summe
1534 3405 1638 3492 potins

317 3499 468 3586 sapientia
500 3519 563 3564 non
595 3497 729 3564 iucunda
762 3497 879 3573 solum,
916 3498 972 3563 sed
999 3499 1091 3563 etiam
1121 3497 1312 3564 admirabilis
1340 3499 1406 3564 visa
1428 3507 1484 3564 est
1527 3499 1639 3565 Virum

317 3595 400 3659 enim
433 3593 638 3659 excellentem
666 3599 697 3656 et
723 3590 780 3656 tihi
808 3598 861 3656 tua
888 3591 1057 3678 praestanti
1078 3591 1111 3656 in
1141 3612 1213 3656 eum
1235 3591 1419 3658 liberalitate
1441 3593 1637 3668 devinctum,

317 3686 459 3752 nonnihil
488 3687 695 3772 suspicantem
723 3693 854 3773 propter
882 3685 1060 3772 aliquorum
1089 3685 1269 3771 opinionem
1299 3707 1373 3752 suae
1403 3687 1579 3772 cupiditatis
1607 3696 1638 3752 te

317 3779 356 3846 ab
379 3802 412 3846 sc
434 3778 663 3855 abalienatum,
694 3777 746 3844 illa
772 3778 902 3866 epistola
927 3779 1093 3844 retinuisti.
1146 3779 1207 3857 Qui
1229 3779 1305 3845 milri
1328 3801 1398 3844 cunr
1421 3800 1546 3866 semper
1566 3790 1638 3846 tuae

281 3903 309 3945 rs
319 3875 403 3941 laudi
434 3873 541 3940 lavere
570 3873 654 3938 visus
687 3881 748 3948 est,
786 3873 878 3938 etiam
905 3873 976 3960 ipso
998 3873 1261 3958 suspiciosissimo
1282 3883 1425 3962 tempore
1447 3875 1638 3950 Caniniano,

319 3977 384 4034 turn
406 3988 482 4035 vero
505 3968 591 4034 lectis
613 3967 675 4032 tuis
695 3967 808 4032 litteris
829 3974 1012 4054 perspectus
1033 3978 1080 4031 est
1100 3987 1118 4031 a
1140 3989 1190 4034 mc
1213 3977 1280 4032 toto
1302 3969 1406 4033 animo
1428 3968 1468 4033 de
1490 3978 1520 4033 te
1541 3989 1578 4034 ae
1599 3969 1638 4034 de

319 4060 592 4142 tuisornameutis
614 4069 645 4125 et
666 4058 839 4125 commodis
861 4061 1010 4146 cogitare.
1053 4065 1084 4126 l.
1110 4064 1216 4138 Quare
1238 4083 1295 4136 ea,
1318 4083 1397 4148 quae
1420 4061 1570 4139 scribam,
1594 4064 1639 4129 sic

316 4155 447 4231 habete,
469 4175 520 4219 me
541 4175 612 4220 cnm
633 4153 688 4220 illo
709 4175 745 4218 re
768 4174 861 4241 saepe
883 4155 1108 4220 communicata
1132 4155 1170 4220 de
1184 4155 1267 4221 illius
1282 4155 1322 4220 ed
1335 4166 1365 4221 te
1381 4156 1531 4222 sententia
1545 4167 1639 4246 atque

317 4249 501 4318 auctoritate
534 4247 690 4314 scribere:
726 4247 881 4326 Quoniam
911 4257 1036 4314 senatus
1064 4249 1240 4314 consultum
1272 4248 1391 4315 nullum
1424 4259 1541 4326 exstat,
1575 4271 1639 4337 quo

280 4343 460 4412 mreductio
482 4341 565 4426 regis
579 4340 782 4408 Alexandrini
796 4340 853 4406 tibi
872 4342 1014 4429 adempta
1030 4343 1080 4417 sit,
1103 4365 1220 4430 eaque,
1244 4363 1324 4430 quae
1347 4343 1386 4408 dc
1401 4345 1567 4432 suscripta
1582 4353 1638 4420 est,

317 4436 501 4511 auctoritas,
537 4435 587 4500 cui
616 4436 676 4500 scis
705 4435 910 4500 intercessum
932 4457 1017 4511 csse,
1044 4444 1140 4501 utne
1163 4437 1382 4523 quisomnino
1410 4459 1517 4524 regem
1545 4438 1640 4505 redu·

318 4542 425 4607 seret,
462 4538 576 4596 tantam
604 4530 668 4594 vim
690 4528 797 4604 hahet,
832 4538 867 4595 nt
888 4530 987 4616 magis
1013 4529 1165 4596 iratorum
1195 4529 1358 4597 hominnm
1386 4531 1523 4598 studium
1545 4551 1640 4621 quam

318 4624 486 4692 constantis
507 4631 631 4690 senatus
652 4623 818 4689 consilium
839 4643 907 4690 esse
925 4624 1082 4698 rideatur,
1111 4633 1140 4690 te
1162 4625 1341 4712 perspicere
1360 4646 1467 4713 posse,
1491 4627 1546 4714 qni
1568 4627 1641 4694 Cili·

319 4717 398 4784 ciam
420 4723 620 4807 Cyprumque
642 4725 762 4790 teneas,
785 4717 861 4803 quid
883 4717 1007 4783 efficere
1028 4729 1059 4784 et
1080 4718 1156 4806 quid
1171 4720 1322 4806 consequi
1334 4721 1447 4807 possis,
1470 4730 1518 4796 et,
1542 4722 1569 4788 si
1587 4743 1640 4788 res

390 4948 416 5011 7.
435 4949 546 4998 diiuncti
563 4948 607 4998 ll:
626 4947 750 4996 dtrtunctr'
768 4945 799 4996 B.
815 4969 845 4983 -
866 4949 909 4997 lo.
928 4949 1047 5011 quotiens
1065 4947 1101 4998 ll.
1118 4975 1148 4985 -
1168 4949 1211 4999 ts.
1230 4950 1390 5000 immemores
1402 4949 1486 5000 Codd.
1507 4955 1559 5002 tres
1573 4949 1640 5002 Gru·

320 5018 388 5069 teri:
407 5029 532 5068 memores
549 5018 609 5070 ΜΕ.
631 5041 660 5055 ·-
697 5017 742 5066 27.
762 5031 780 5066 o
797 5031 852 5067 om.
872 5017 910 5070 Μ.
932 5041 962 5054 -
993 5017 1038 5068 ³⁰.
1057 5019 1153 5083 [mrim
1172 5019 1209 5070 ll.
1230 5045 1261 5054 -
1292 5019 1335 5070 8³.
1356 5017 1391 5085 te]
1410 5025 1470 5072 tuas
1489 5035 1529 5086 pr.
1552 5021 1589 5073 ll.
1609 5047 1637 5060 ·-

319 5089 364 5142 ³⁸1.
383 5085 431 5154 stc]
449 5089 472 5138 m·
491 5088 527 5140 ll.
551 5111 578 5124 ·-
609 5087 654 5138 to.
672 5085 717 5150 stt]
735 5089 788 5138 rint
807 5087 844 5140 Μ.
