3666 5874
1517 457 1586 510 xxv

260 602 458 674 fatebuntur
478 619 560 672 casu
579 599 639 670 vix
660 600 731 670 dori
752 603 921 693 potuisse,
948 606 988 673 ut
1007 605 1123 672 tantus
1143 601 1324 672 exsisteret
1346 620 1531 672 comenses
1551 603 1586 670 ln

261 708 412 775 omnibus
442 725 569 797 poene,
601 725 643 774 ea
667 709 696 774 si
725 711 890 800 excipias,
913 727 999 796 quae
1026 709 1071 776 ad
1096 708 1138 779 N.
1154 708 1189 776 l.
1212 709 1421 795 rettulimus,
1446 711 1588 794 peccata

259 815 408 880 mimirum
429 812 555 878 librarii
577 810 721 897 inducti;
752 816 883 900 tantus,
911 816 1059 903 inquam,
1087 815 1143 880 vel
1166 831 1227 898 per
1249 811 1311 880 hus
1332 815 1403 880 tres
1425 813 1588 899 epistolas

259 935 446 988 consensus
468 919 501 982 in
521 917 693 985 erroribus
715 919 787 984 eius
807 920 962 1008 generis,
992 919 1047 1005 qui
1076 916 1225 986 Medicei
1247 916 1307 986 Cd.
1329 919 1455 1004 proprii
1478 916 1587 984 videri

258 1026 400 1112 debent,
420 1023 611 1108 neutiquam
633 1025 814 1110 propagati
835 1042 855 1089 e
873 1024 1124 1090 vetustissimis:
1146 1022 1252 1089 ueluti
1266 1021 1410 1090 conuitio
1426 1039 1487 1107 pro
1501 1039 1589 1088 coa-

257 1131 368 1219 reiro,
400 1130 555 1196 omissum
576 1144 610 1190 v.
630 1131 686 1216 ui,
719 1144 760 1194 ac
791 1127 919 1194 similia.
960 1127 1180 1195 Nihilominus
1208 1129 1306 1196 erunt
1335 1125 1499 1213 fortasse,
1532 1125 1588 1211 qui

258 1233 469 1322 praeposteri
490 1231 707 1322 glutinutorls
729 1233 763 1296 et
786 1232 946 1318 amnium,
966 1249 1052 1316 quae
1074 1249 1177 1318 supra
1199 1229 1359 1317 diximus,
1381 1231 1476 1298 obliti
1496 1230 1589 1298 ocri-

258 1342 313 1406 ter
326 1334 550 1416 contendant,
570 1336 681 1402 omnia
696 1336 765 1401 ista
786 1337 906 1402 ruistri
929 1355 1044 1423 posse,
1068 1337 1164 1402 immo
1192 1334 1315 1403 debere
1336 1333 1379 1401 ad
1401 1333 1590 1422 archetypa

258 1442 459 1528 antiquiora.
502 1439 566 1506 llis
595 1459 662 1506 non
690 1437 798 1506 habeo
828 1439 905 1526 quid
933 1439 1168 1527 respondeam:
1203 1441 1233 1506 si
1254 1437 1383 1527 quidem
1406 1438 1491 1506 baec
1512 1440 1588 1524 ipsa

258 1565 328 1614 non
346 1543 634 1629 demonstrantes,
655 1542 688 1609 id
703 1542 892 1631 dumtaxat,
914 1548 951 1610 ut
964 1543 1204 1631 praediximus,
1227 1543 1314 1632 qoud
1337 1542 1406 1610 beri
1424 1543 1588 1634 patuerit,

259 1650 440 1738 urgebunt.
483 1645 591 1715 Unum
624 1646 734 1714 adhue
768 1647 869 1715 video
901 1650 1066 1733 prolatum
1099 1650 1349 1736 argumentum,
1384 1645 1474 1733 quod
1505 1646 1590 1714 sutis

257 1756 444 1842 speciosum
473 1753 565 1818 multi
593 1752 816 1837 arbitrantur,
848 1771 916 1822 non
944 1753 974 1818 is
1001 1753 1111 1836 sulus,
1147 1753 1202 1838 qui
1231 1750 1330 1818 docte
1359 1754 1395 1818 et
1426 1753 1525 1818 acute
1554 1747 1589 1816 id

258 1859 484 1943 excogitavit,
516 1854 714 1924 Wunderus
740 1874 833 1923 meus
869 1855 951 1924 Var.
970 1853 1085 1924 Lecti.
1111 1875 1143 1941 p.
1159 1853 1299 1940 XOEVa
1338 1851 1468 1941 «Spero
1495 1855 1590 1944 tore,

257 1965 379 2049 inquit,
401 1964 440 2027 ut
460 1964 543 2028 vera
564 1959 691 2026 dixisse
704 1963 869 2047 reperiar,
892 1963 947 2046 qui
962 1962 1090 2047 partem
1105 1955 1263 2028 Codicum
1279 1960 1404 2026 exalia
1428 1950 1584 2041 (aaa)

258 2070 353 2132 ortas
374 2064 470 2132 fonte
491 2083 568 2132 csse
589 2064 768 2130 contendo.
810 2062 1022 2130 Eriurtensls
1042 2066 1151 2130 autem
1174 2066 1208 2130 et
1231 2062 1405 2130 Palatinus
1418 2065 1537 2130 sextus
1551 2065 1587 2132 st

256 2169 510 2254 Hittorpianus,
542 2187 627 2254 quos
656 2186 700 2234 ex
729 2167 843 2234 eodem
872 2185 944 2234 cum
966 2167 1158 2234 Erfurtensl
1179 2167 1276 2235 fonte
1297 2165 1435 2234 fluxisse
1455 2165 1587 2256 iudico,

256 2293 334 2341 num
356 2273 517 2359 originem
540 2271 697 2338 duxerint
719 2290 763 2338 ex
784 2273 842 2338 itio
864 2270 981 2340 codice
1002 2272 1248 2353 laurentiano,
1277 2272 1394 2340 seculo
1415 2269 1478 2338 x1.
1498 2271 1588 2338 sert-

256 2381 335 2466 pto,
360 2376 509 2445 fortasse
531 2375 687 2444 iacllllme
708 2377 957 2462 certissimeque
980 2378 1093 2462 potest
1115 2374 1297 2443 diiudicari.
1339 2375 1384 2444 lli
1407 2376 1492 2442 erdm
1515 2371 1587 2440 Co-

257 2483 351 2550 dices
370 2481 473 2549 Ltbro
494 2477 572 2546 XV.
593 2480 657 2564 Ep.
678 2475 714 2546 2.
736 2497 768 2565 p.
785 2476 878 2548 453.
900 2479 952 2548 ed.
972 2480 1054 2548 Ern.
1076 2481 1201 2568 locum,
1237 2481 1292 2565 qui
1319 2498 1409 2548 nunc
1435 2481 1589 2547 omnibus

256 2588 292 2652 ln
313 2583 515 2654 editionibus
535 2584 585 2652 sic
606 2584 753 2669 scriptus
774 2585 913 2675 iegitur:

346 2683 434 2758 &rm
461 2708 523 2776 epu
550 2693 584 2755 ei
607 2688 808 2776 protument
830 2707 940 2756 esrem
961 2689 1063 2780 idqrrc
1083 2707 1139 2758 rue
1160 2690 1313 2778 paudere
1335 2690 1505 2760 diotrrem
1525 2708 1589 2756 co-

255 2793 434 2880 hortatum,
466 2797 509 2860 ut
536 2792 783 2861 recordaretur
811 2813 931 2862 carum
960 2794 1060 2862 illurn
1087 2797 1253 2862 atteritur
1273 2798 1416 2879 patenti
1437 2797 1475 2862 ct
1493 2796 1587 2882 utpi-

255 2897 374 2968 larutcr
393 2917 432 2966 re
454 2901 612 2965 tueretur
633 2900 738 2987 atquc
759 2897 942 2966 &multitu
962 2902 1108 2966 curatur
1134 2898 1330 2966 coruuteret
1348 2897 1461 2966 satuti
1480 2916 1587 2984 ruae3

255 3005 333 3070 tum
353 3022 378 3070 a
397 3020 453 3068 ure
475 3001 636 3069 discessit
656 3005 695 3068 iu
715 3002 880 3090 oppidum
902 2996 1078 3091 Cybistra.

424 3107 583 3192 quattuor
604 3105 720 3174 verbis
740 3107 873 3172 aucium
896 3104 1021 3171 babent
1041 3106 1108 3172 tta:

343 3204 433 3278 ssim
453 3228 515 3296 epo
537 3213 571 3275 ei
591 3208 793 3296 protelatur
815 3227 925 3275 errem
946 3209 1049 3299 idqrre
1069 3227 1124 3275 me
1152 3208 1306 3297 cauden
1333 3208 1518 3298 aaaron,
1552 3210 1589 3278 et

255 3316 367 3384 tamen
389 3313 635 3380 adolescentem
659 3331 767 3380 essem
789 3311 1007 3404 cohortante,
1029 3317 1071 3380 ut
1091 3312 1337 3380 recordaremur
1359 3315 1425 3380 cet.

339 3418 454 3490 Verba
480 3417 585 3502 igitur
614 3419 650 3484 ei
678 3419 798 3484 tamea
819 3417 1075 3484 adulescentem
1096 3435 1207 3485 errem
1226 3418 1255 3483 si
1278 3435 1346 3484 non
1367 3417 1447 3482 suat
1469 3417 1502 3480 ln
1524 3435 1590 3482 co-

256 3521 330 3591 dice
351 3522 598 3607 Laurentiano,
619 3521 679 3588 rix
701 3521 790 3588 ullus
810 3521 1010 3607 relinquitur
1033 3519 1206 3590 dubitandi
1226 3521 1338 3610 locus,
1360 3521 1440 3607 quin
1460 3518 1495 3586 hl
1518 3521 1589 3588 tres

255 3627 390 3696 codices
412 3645 456 3692 ex
477 3627 545 3692 allo
567 3627 635 3694 sint
663 3626 758 3692 iente
788 3621 932 3694 deducti.
974 3625 1051 3693 Non
1081 3643 1156 3692 esse
1185 3628 1218 3690 in
1246 3623 1364 3693 oodlce
1391 3626 1511 3708 Lam„
1543 3642 1590 3694 ex

254 3729 395 3798 Victorii
418 3727 581 3818 editione,
603 3731 637 3794 in
660 3748 725 3817 qua
747 3749 813 3798 nan
836 3748 912 3796 esse
934 3727 1104 3814 dicuntur,
1127 3730 1240 3817 colligi
1263 3732 1397 3814 posset,
1418 3730 1448 3796 si
1464 3728 1589 3798 Victo-

254 3835 354 3920 riam,
377 3833 433 3920 qul
455 3832 605 3901 codicem
626 3833 716 3901 illum
737 3835 931 3920 usurpauit,
954 3834 1095 3902 cilicium
1117 3852 1210 3901 suum
1232 3833 1486 3921 diligentissime
1508 3851 1587 3902 esse

255 3939 451 4006 exsecutum
473 3940 642 4005 sciremus
685 3933 839 4006 Ceterum
869 3936 977 4004 denuo
1007 3955 1138 4025 nequeo
1167 3939 1251 4005 satis
1280 3935 1430 4004 editores
1457 3938 1588 4022 mirari,

254 4045 326 4129 qul,
348 4060 422 4111 cum
443 4043 549 4108 verba
570 4042 628 4108 llla
650 4043 684 4107 in
705 4044 834 4108 textum
855 4043 1007 4127 recipere
1027 4044 1232 4127 recusarint,
1256 4059 1396 4110 necesse
1423 4044 1476 4108 est
1498 4041 1587 4108 inst-

254 4147 334 4214 ticio
364 4143 602 4231 iudicaverint,
637 4163 723 4232 quae
750 4149 829 4212 sunt
857 4146 1023 4231 ipsissima
1050 4146 1223 4214 ciceronis
1243 4147 1360 4214 uerba.
1402 4142 1469 4227 out
1497 4147 1583 4212 enim

254 4248 415 4316 credibile
445 4253 516 4333 est,
548 4249 648 4314 ullum
679 4251 914 4334 interpretem,
947 4251 976 4315 si
1003 4249 1081 4336 quid
1109 4249 1297 4318 addendum
1326 4249 1380 4317 hic
1412 4250 1589 4339 putasset,

253 4373 374 4422 nomeu
396 4353 629 4420 adolescentis
650 4352 757 4420 fuisse
779 4355 980 4443 positurum,
1016 4358 1051 4420 et
1079 4372 1147 4420 non
1176 4357 1282 4439 ipsum
1310 4350 1569 4420 Ariobarzanis

254 4457 297 4524 de
319 4476 384 4543 quo
406 4459 535 4547 agitur,
557 4475 677 4524 nomen
698 4460 757 4524 aut
778 4477 962 4544 pronomen
984 4455 1091 4526 mm?
1114 4456 1273 4543 Accedit,
1295 4456 1384 4546 quod
1398 4457 1480 4524 mira
1495 4412 1588 4522 esset

253 4563 444 4629 coniunctio
466 4561 645 4628 verborum
666 4561 819 4650 paudm
841 4563 1008 4629 dtmirrcm
1031 4566 1066 4628 et
1087 4560 1308 4654 cohortatur,
1331 4578 1506 4648 quaecum
1522 4559 1587 4628 sibl

252 4665 430 4732 manifesto
459 4668 689 4752 opponantur,
722 4664 889 4734 debebant
916 4667 1014 4732 etiam
1043 4667 1210 4752 particula
1230 4668 1425 4753 appositiva
1443 4663 1589 4756 seiungi.

251 4769 428 4836 Postremo
450 4771 485 4834 in
508 4773 664 4858 promptu
686 4772 739 4836 est
760 4770 895 4854 uidere,
929 4771 984 4856 qui
1014 4770 1139 4838 iactum
1168 4771 1231 4857 sit,
1262 4775 1301 4840 ut
1327 4769 1453 4836 librarii
1481 4768 1588 4836 verba

252 4875 312 4942 ille
334 4875 537 4942 omitterent.
582 4874 715 4942 Etenim
737 4875 780 4942 ab
801 4877 961 4940 extremis
980 4876 1104 4942 litteris
1118 4874 1214 4942 verbi
1230 4874 1400 4942 dtabwm
1414 4873 1588 4940 aberravit

253 4979 371 5046 oculus
400 4979 527 5048 librarii
555 4977 600 5045 ad
630 4983 798 5046 extremas
826 4979 922 5044 verbi
950 4997 1077 5067 errem,
1113 4976 1255 5065 ideoque
1281 4977 1388 5046 verba
1408 4981 1445 5050 et
1467 4981 1587 5050 tamea

252 5081 510 5154 dokrcerutern
531 5101 644 5154 errem
663 5082 792 5176 incuria
813 5083 951 5178 omisit»
