3662 5892
743 449 816 511 LlB.
837 450 876 511 ΙΙ.
918 449 977 512 ΕΡ.
998 449 1028 510 7.
1494 450 1557 512 779

233 607 342 677 lentio.
384 607 416 670 t.
437 602 591 670 Postridie
612 612 717 669 autem
738 623 809 670 cum
830 625 935 670 sermo
957 603 1180 680 increbuisset,
1202 605 1349 692 Pilusque
1371 605 1480 672 oculos
1502 626 1556 672 ve-
1626 687 1630 697 Ι

235 698 410 766 bomentius
424 696 586 763 bominum
602 695 798 772 offendisset,
821 708 927 764 natum
948 699 1076 765 omnino
1099 709 1146 764 est
1166 699 1357 785 principium
1378 721 1472 766 ame.
1509 703 1556 766 De

234 791 422 880 proconsule
435 791 570 856 Antonio
585 790 697 856 multa:
721 791 839 858 Sestius
854 813 964 858 causae
977 813 1041 858 non
1057 791 1173 873 deinit3
1195 802 1282 880 post,
1305 814 1356 858 me
1370 814 1440 860 cnm
1459 815 1557 880 quan-
1621 834 1624 842 ·

234 897 267 954 to
297 908 389 952 suum
416 884 530 976 filium,
559 894 675 971 quanto
703 905 808 950 mcum
839 885 871 950 in
899 885 1042 972 periculo
1064 886 1206 952 futurum
1228 887 1361 962 diceret,
1392 887 1419 951 si
1448 894 1556 952 contra
1664 905 1667 912 ’

233 980 453 1068 proconsulem
475 999 561 1046 arma
583 979 732 1050 tulissent.
775 981 863 1046 Nosti
883 980 1058 1046 bominem:
1091 1000 1203 1046 causae
1225 1002 1289 1047 non
1310 980 1419 1047 deluit.
1461 984 1578 1046 Dine-⁶

234 1083 307 1141 runt
335 1075 428 1140 etiam
455 1073 516 1138 alii.
560 1070 664 1138 Labeo
692 1095 769 1140 vero
798 1083 905 1140 noster
931 1095 989 1139 neo
1018 1074 1143 1159 signum
1169 1083 1258 1140 tuum
1286 1075 1320 1140 in
1342 1074 1472 1160 epistola
1498 1095 1556 1140 nec

235 1167 318 1233 diem
340 1168 516 1253 appositum
537 1188 595 1232 nee
617 1176 647 1232 te
669 1167 829 1254 scripsisse
851 1167 890 1233 ad
911 1177 998 1243 tuos,
1020 1177 1056 1233 ut
1074 1167 1202 1234 soleres.
1246 1172 1314 1234 lloo
1335 1189 1448 1254 cogere
1470 1168 1556 1234 vole·

234 1261 303 1337 bat,
324 1261 416 1328 salsas
437 1261 554 1327 litteras
577 1281 645 1326 esse
667 1272 713 1338 et,
736 1261 763 1327 si
779 1263 921 1349 quaeris,
943 1261 1107 1348 probabat.
1145 1267 1173 1328 5.
1196 1267 1283 1328 Nunc
1304 1272 1391 1328 tuum
1414 1272 1461 1328 est
1482 1283 1556 1329 con·

235 1356 353 1432 silium,
381 1362 493 1430 Brute,
522 1354 561 1420 de
582 1363 649 1421 toto
671 1375 787 1440 genere
809 1354 894 1422 belli.
936 1355 1036 1424 Video
1058 1364 1089 1420 te
1111 1356 1237 1422 lenitate
1259 1354 1408 1422 delectari
1429 1365 1461 1421 et
1481 1377 1554 1422 enm

234 1459 344 1536 putare
365 1449 501 1515 fructum
523 1469 591 1514 esse
612 1448 799 1516 maximnm:
829 1451 990 1537 praeclare
1012 1448 1154 1538 quidem,
1186 1448 1242 1516 sed
1263 1450 1332 1516 aliis
1352 1447 1464 1526 rebus,
1486 1450 1555 1516 aliis
1568 1461 1593 1500 ¹⁰

234 1542 444 1630 temporibus,
476 1544 565 1609 locus
591 1563 661 1608 esse
690 1544 769 1609 solet
795 1544 949 1632 debetque
975 1544 1166 1610 clementiae.
1212 1547 1300 1610 Nunc
1325 1543 1403 1630 quid
1432 1544 1551 1628 agitur,

233 1643 350 1704 Brutel
372 1637 507 1723 Templis
529 1638 663 1705 deorum
676 1637 899 1704 immortalium
921 1639 1062 1716 imminet
1082 1637 1244 1704 bominum
1260 1637 1416 1724 egentium
1438 1648 1470 1703 et
1483 1659 1554 1724 per·

234 1730 372 1797 ditorum
393 1753 480 1818 spes,
510 1753 567 1798 nec
593 1729 763 1819 quidquam
785 1732 869 1798 aliud
891 1732 1073 1798 decernitur
1094 1733 1155 1798 boe
1175 1731 1277 1808 bello,
1303 1733 1363 1798 nisi
1385 1741 1490 1799 utrum
1513 1732 1553 1798 si·

234 1847 304 1892 mus
325 1846 432 1892 neone.
476 1829 533 1892 Cui
554 1827 709 1912 parcimus
730 1834 785 1891 aut
805 1825 882 1913 quid
903 1827 1043 1912 agimus?
1074 1826 1131 1892 llis
1154 1847 1230 1912 ergo
1252 1827 1457 1902 consulimus,
1486 1827 1554 1913 qui·

233 1917 292 1985 bus
314 1918 486 1986 victoribus
507 1920 674 2006 vestigium
697 1925 838 1986 nostrum
857 1921 976 1986 nullum
998 1920 1214 2006 relinquetur?
1237 1925 1314 1986 Nam
1329 1920 1405 2006 qnid
1425 1921 1555 1986 interest
1565 1926 1589 1970 ¹⁵

232 2015 315 2079 inter
328 2013 520 2080 Dolabellam
542 2023 573 2079 et
593 2014 735 2101 quemvis
750 2015 957 2082 Antoniorum
979 2015 1095 2080 trinm‘l
1118 2035 1253 2102 quorum
1276 2015 1304 2080 si
1322 2014 1370 2080 oui
1386 2013 1552 2100 parcimus,

234 2106 307 2174 duri
333 2107 448 2174 fuimus
474 2109 507 2175 in
528 2108 698 2174 Dolabella.
741 2112 827 2175 Haec
853 2119 888 2175 ut
908 2109 951 2175 ita
972 2109 1101 2174 sentiret
1123 2118 1246 2174 senatus
1271 2108 1469 2194 populusque
1492 2113 1554 2174 lto·

233 2223 359 2278 manus,
387 2203 445 2269 etsi
471 2225 522 2270 res
543 2204 611 2290 ipsa
632 2201 779 2288 cogebat,
809 2213 913 2270 tamen
940 2203 1077 2268 maxima
1105 2211 1257 2288 exparte
1287 2211 1395 2267 nostro
1422 2201 1553 2268 consilio

234 2304 327 2381 atque
348 2297 531 2362 anctoritate
553 2295 726 2383 perlectum
739 2305 796 2361 est.
833 2302 881 2363 Tu
902 2297 929 2361 si
950 2297 1029 2361 bano
1049 2295 1205 2361 rationem
1228 2317 1292 2361 non
1312 2292 1445 2381 probas,
1468 2304 1553 2361 tuam

234 2391 416 2455 seutentiam
431 2390 609 2464 delendam,
632 2411 695 2456 non
713 2390 887 2475 relinquam
901 2410 1013 2456 meam.
1049 2394 1155 2477 Neque
1177 2389 1364 2455 dissolutum
1385 2398 1448 2453 ate
1463 2387 1592 2474 quid-²⁰

234 2504 327 2570 quam
355 2483 496 2550 homines
517 2491 697 2571 exspectant
718 2504 776 2549 nee
797 2483 933 2550 crudele.
976 2483 1076 2550 Huius
1098 2487 1144 2549 rei
1167 2481 1341 2549 moderatio
1367 2480 1466 2547 facilis
1489 2493 1552 2560 est,

233 2577 321 2643 utin
342 2577 438 2644 duces
459 2573 627 2645 vehemebs
649 2577 706 2653 sis,
732 2577 765 2642 in
780 2578 893 2643 milites
914 2576 1063 2644 liberalis.
1106 2581 1136 2642 6.
1159 2577 1342 2644 Ciceronem
1363 2595 1486 2650 meum,
1508 2575 1553 2640 mi

233 2677 344 2747 Brute,
366 2672 460 2739 velim
482 2673 767 2760 quamplurimum
789 2670 1032 2738 tecumbabeas.
1074 2670 1206 2738 Virtutis
1228 2669 1421 2754 disciplinam
1444 2668 1553 2734 melio-
1671 2684 1675 2694 ·

233 2786 302 2831 rem
323 2766 461 2851 reperiet
480 2767 597 2833 nullam
618 2786 711 2853 quam
733 2765 1028 2852 contemplationem
1049 2773 1141 2852 atque
1155 2764 1360 2831 imitationem
1382 2764 1437 2828 tui.
1472 2781 1551 2828 xm.

233 2860 362 2928 Kalend.
384 2862 491 2928 Maias.
681 2879 684 2884 “
1560 2866 1590 2908 '²³

302 3079 328 3128 1.
347 3080 515 3130 increbuisset
532 3078 595 3130 Cn:
614 3081 800 3130 increbuisset
818 3080 848 3130 E.
863 3105 897 3114 -
914 3079 940 3129 3.
959 3078 1058 3130 Sests'm
1071 3078 1133 3129 Cn:
1153 3077 1259 3129 Seotlos
1277 3077 1355 3128 11.-
1373 3077 1473 3140 defuit,
1491 3081 1551 3136 poss

233 3161 274 3198 me
290 3163 347 3199 cum
364 3156 463 3214 quanto
480 3175 491 3186 ·
508 3174 518 3184 ·
535 3151 630 3203 ἀίσσει
650 3151 704 3202 Vb:
733 3149 827 3212 demit.
862 3150 925 3200 Post
948 3163 1063 3200 meeum:
1088 3155 1187 3213 quanto
1205 3173 1216 3184 -
1233 3173 1244 3184 ·
1262 3149 1358 3198 diceret
1377 3147 1427 3208 Cr,
1457 3145 1550 3207 defuit.

233 3219 295 3270 Post
311 3233 424 3272 meeum:
443 3227 545 3286 quanto
563 3248 574 3260 ·
590 3245 602 3256 ·
619 3221 725 3274 duceret
743 3223 774 3274 E.
796 3244 826 3258 -
858 3221 902 3273 11.
920 3227 1020 3284 apator
1038 3219 1082 3272 Cr.
1103 3246 1132 3258 ·-
1165 3220 1209 3270 21.
1227 3231 1277 3270 aee
1296 3218 1360 3270 Gn:
1379 3231 1460 3281 oeque
1479 3217 1509 3267 Ε.
