3662 5908
287 329 348 394 302
717 326 991 392 EPlS'IOLdBUbl
1013 330 1065 390 AD
1087 329 1177 392 vsu.

286 491 367 562 rari;
389 483 502 551 eodem
523 485 607 549 enim
632 483 700 549 fere
727 485 798 552 loco
825 496 858 552 tu
882 506 1008 572 quoque
1037 485 1149 550 emisse
1172 494 1202 550 te
1227 483 1330 552 fecisti
1357 506 1407 551 me
1430 493 1609 554 certiorem.

286 581 401 646 Habes.
443 577 653 664 Deponendae
682 578 738 644 tibi
766 591 838 646 sunt
865 579 1073 657 urbanitatem
1105 586 1238 646 rusticus
1260 587 1419 648 Romanus
1441 581 1541 648 factus
1564 603 1608 648 cs.

287 673 456 753 Quomodo
485 692 544 757 ego
573 672 649 737 mihi
677 693 759 739 nunc
786 685 857 740 ante
874 676 991 741 'oculos
1012 685 1100 740 tuum
1128 675 1386 742 iucundissimum
1407 686 1608 762 conspectum

285 773 457 855 propono?
489 766 608 833 Videor
637 767 720 833 enim
748 768 857 834 videre
890 778 1044 835 ementem
1073 778 1103 834 te
1131 770 1264 836 rusticas
1291 791 1363 844 res,
1397 791 1468 836 cum
1503 771 1609 836 villico

263 865 482 950 eloquentem,
517 861 550 927 in
570 862 682 928 lacinia
710 873 885 928 servantem
906 887 948 928 ex
974 885 1080 928 mensa
1110 865 1247 930 secunda
1266 865 1394 934 semina.
1437 863 1500 929 Sed
1522 864 1609 951 quod

286 957 419 1022 adrem
450 956 601 1042 pertinet,
635 976 685 1020 me
714 965 779 1021 tum
805 955 859 1022 tibi
890 957 1027 1022 defuisse
1059 979 1160 1044 acque
1184 979 1221 1023 ac
1247 967 1282 1024 tu
1310 958 1415 1025 doleo.
1459 958 1519 1024 Sed
1543 959 1607 1025 noli

285 1049 446 1125 dubitare,
483 1050 527 1115 mi
558 1051 649 1124 Tiro,
683 1052 758 1137 quin
794 1060 825 1116 te
854 1050 1073 1116 sublevaturus
1107 1053 1183 1127 sim,
1217 1053 1243 1118 si
1273 1052 1369 1118 modo
1393 1052 1519 1119 fortuna
1540 1073 1607 1130 me;

285 1144 469 1232 praesertim
502 1165 573 1209 cum
603 1145 697 1208 sciam
725 1165 921 1210 communem
948 1144 1039 1211 nobis
1067 1153 1206 1231 emptum
1235 1166 1304 1211 csse
1335 1147 1430 1212 istum
1466 1146 1607 1211 fundum.

286 1245 316 1305 8.
338 1245 384 1304 lle
405 1239 558 1305 mandatis
580 1239 665 1326 quod
687 1238 743 1305 tibi
765 1260 859 1305 curae
881 1239 958 1313 fuit,
981 1250 1028 1305 est
1050 1240 1127 1305 mibi
1148 1250 1282 1325 patum.
1341 1241 1403 1306 Sed
1424 1249 1497 1327 peto
1520 1263 1537 1305 a
1559 1251 1606 1316 te,

252 1343 321 1402 scut
341 1356 434 1420 quam
462 1334 627 1399 celerrime
655 1333 730 1399 mihi
761 1332 910 1399 librarius
942 1333 1100 1408 mittatur,
1131 1333 1267 1399 maxime
1298 1333 1425 1422 quidem
1454 1339 1607 1412 Graecus3

286 1429 419 1493 multum
451 1427 526 1493 mihi
553 1427 638 1492 enim
667 1426 802 1513 eripitur
831 1447 947 1513 operae
970 1431 1002 1493 in
1024 1427 1239 1495 exscribendis
1262 1428 1518 1518 hypomnematis.
1561 1435 1608 1494 Tu

286 1524 378 1589 velim
414 1528 447 1589 in
482 1521 591 1609 primis
629 1542 738 1596 cures,
776 1531 810 1587 ut
838 1521 958 1597 valeas,
994 1531 1029 1590 ut
1061 1545 1123 1590 una
1155 1531 1411 1608 συμφιλολογιῑν
1442 1521 1608 1608 possimus.

285 1617 457 1684 Antherum
477 1616 535 1682 tibi
557 1615 753 1683 commendo.
795 1615 882 1682 Vale.

746 1759 846 1821 ran.
890 1755 938 1840 (a.
965 1760 997 1822 u.
1020 1761 1051 1823 e.
1073 1761 1158 1843 vos.)

253 1923 278 1963 „
706 1883 868 1947 ruamus
895 1883 1031 1946 rrncvr
1052 1883 1126 1947 suo
1149 1884 1181 1946 s

374 1997 401 2059 l.
425 1995 525 2079 Spero
544 2013 585 2057 ex
607 1991 669 2057 tuis
689 1991 800 2058 litteris
823 1991 878 2056 tibi
899 1991 1010 2057 melius
1029 2013 1112 2070 csse;
1142 1991 1236 2078 cupio
1264 2001 1360 2062 certe,
1404 1992 1460 2059 Cui
1482 1991 1609 2079 quidem

286 2089 333 2154 rei
351 2088 437 2155 omni
461 2092 582 2153 ratione
607 2106 683 2151 cura
705 2095 741 2152 ut
764 2086 936 2160 inservias,
966 2095 997 2152 et
1017 2107 1092 2150 cave
1113 2086 1281 2172 suspiceris
1302 2095 1411 2152 contra
1432 2105 1532 2150 meam
1556 2106 1610 2151 vo-

286 2181 433 2248 luntatem
470 2191 500 2246 te
532 2179 656 2253 facere,
685 2179 771 2265 quod
797 2201 860 2246 non
889 2181 931 2246 sis
960 2201 1093 2246 mecum.
1146 2185 1269 2246 Mecum
1301 2203 1348 2255 es,
1379 2181 1405 2246 si
1437 2189 1467 2243 te
1503 2199 1605 2244 curas.

288 2279 393 2354 Quare
422 2275 506 2339 malo
536 2284 568 2339 te
595 2273 764 2339 valetudini
794 2284 867 2339 tuae
897 2275 1017 2340 servire
1053 2295 1146 2361 quam
1177 2275 1255 2340 meis
1285 2275 1385 2341 oculis
1407 2282 1439 2338 et
1469 2270 1608 2340 auribus.

249 2389 278 2432 ιο
286 2369 352 2435 Etsi
374 2368 458 2433 enim
479 2376 511 2432 et
531 2367 626 2432 audio
648 2377 678 2432 te
701 2376 733 2432 et
752 2365 847 2432 video
868 2369 1029 2442 lubenter,
1052 2378 1154 2433 tamen
1175 2368 1236 2435 boc
1257 2369 1355 2434 multo
1378 2369 1454 2442 erit,
1477 2372 1503 2432 si
1524 2367 1609 2431 vale-

287 2461 353 2534 bis,
375 2460 550 2529 iucundius.
593 2465 660 2545 Ego
680 2461 731 2526 hic
753 2481 857 2538 cesso,
880 2463 952 2549 quia
975 2463 1042 2549 ipse
1063 2462 1141 2529 nihil
1155 2461 1280 2541 scribo;
1304 2463 1374 2548 lego
1389 2471 1492 2526 autem
1511 2459 1609 2525 liben-

287 2555 417 2621 tissime.
468 2559 515 2619 Tu
542 2553 626 2627 istic,
653 2553 680 2618 si
702 2554 776 2641 quid
797 2553 919 2621 librarii
941 2577 1010 2621 mea
1040 2577 1133 2621 manu
1154 2578 1218 2623 non
1238 2556 1426 2642 intelligent,
1456 2563 1610 2619 monstra-

286 2649 345 2716 bis.
390 2654 455 2715 Una
480 2649 608 2714 omnino
627 2648 825 2734 interpositio
846 2650 1003 2715 difficilior
1025 2660 1086 2726 est,
1107 2673 1201 2737 quam
1222 2673 1262 2717 ne
1283 2651 1350 2737 ipse
1372 2649 1498 2736 quidem
1521 2647 1609 2712 facile

285 2745 393 2831 legere
414 2745 515 2817 soleo,
551 2744 590 2809 de
619 2743 785 2829 quadrimo
808 2747 932 2814 Catone.
975 2750 1020 2810 lle
1042 2745 1179 2812 triclinio
1201 2767 1292 2820 cura,
1322 2754 1357 2811 ut
1378 2743 1462 2808 facis.
1506 2741 1609 2807 Tertia

250 2839 402 2912 ssaderit,
425 2837 519 2903 modo
541 2859 580 2903 ne
602 2836 728 2902 Publius
748 2846 877 2922 rogatus
892 2843 941 2904 sit.
984 2843 1014 2904 2.
1035 2841 1213 2906 Demetrius
1230 2841 1289 2906 iste
1304 2859 1464 2924 nunquam
1480 2838 1609 2900 omnino

286 2932 453 2998 Phalereus
481 2931 554 3009 fuit;
577 2931 633 2996 sed
652 2953 735 2996 nunc
759 2932 850 3017 plane
871 2932 1023 3000 Billienus
1045 2944 1101 3000 est.
1144 2938 1251 3021 ltaque
1273 2943 1302 2999 te
1324 2933 1365 2998 do
1387 2929 1536 2997 vicarium
1545 2952 1559 3005 ;.
1575 2938 1609 2992 tu

287 3045 359 3090 eum
379 3024 572 3090 observabis.
614 3026 696 3091 Etsi:
723 3035 957 3107 verumtamem
984 3027 1023 3093 de
1041 3029 1116 3094 illis:
1148 3029 1230 3094 nosti
1255 3037 1368 3093 cetera.
1412 3023 1473 3090 Sed
1496 3033 1608 3094 tamen,

287 3119 429 3205 siquem
451 3140 521 3183 cum
549 3139 589 3184 eo
616 3141 795 3186 sermonem
821 3121 983 3199 habueris,
1013 3122 1132 3189 scribes
1153 3123 1194 3188 ad
1215 3143 1280 3197 me,
1311 3130 1346 3187 ut
1367 3119 1445 3185 mihi
1466 3127 1610 3182 nascatur

286 3212 436 3299 epistolae
457 3223 675 3299 argumentum
697 3223 730 3279 et
749 3222 785 3280 nt
805 3223 874 3280 tuas
895 3237 987 3303 quam
1010 3216 1205 3302 longissimas
1228 3215 1346 3281 litteras
1361 3215 1472 3299 legam.
1516 3215 1608 3284 Cura,

250 3327 278 3369 ιι
287 3306 331 3371 mi
351 3305 443 3384 Tiro,
464 3317 500 3373 ut
521 3307 641 3387 valeas;
664 3306 724 3374 hoc
744 3309 862 3393 gratius
884 3309 960 3374 mihi
982 3309 1087 3376 facere
1107 3309 1184 3376 nihil
1204 3318 1305 3396 potes.
1348 3309 1435 3374 Vale.

728 3469 846 3531 XXIII.
890 3467 940 3550 (A.
966 3471 998 3532 II.
1021 3472 1053 3534 C.
1076 3467 1163 3545 710.)

771 3589 916 3654 CICERO
939 3592 1076 3656 TIRONI
1098 3594 1128 3656 S.

372 3706 401 3766 1.
432 3705 478 3766 Tu
506 3721 584 3766 vero
611 3699 730 3765 confice
759 3699 1004 3786 professionem,
1040 3701 1068 3767 si
1087 3711 1197 3789 potes;
1229 3701 1287 3767 etsi
1317 3700 1393 3767 haec
1414 3701 1545 3788 pecunia
1568 3721 1608 3765 ex

287 3815 327 3860 eo
356 3815 470 3880 genere
499 3804 560 3866 est,
598 3803 633 3858 ut
659 3792 856 3880 professione
887 3815 949 3860 non
983 3804 1082 3881 egeat.
1135 3802 1358 3863 Verumtamen
1381 3845 1389 3860 .
1411 3847 1419 3864 ,
1443 3798 1467 3861 .f
1495 3793 1608 3861 Balbus

251 3888 327 3956 ssad
349 3909 399 3952 me
421 3887 545 3973 scripsit
567 3897 649 3952 tunm
671 3909 705 3952 se
726 3892 876 3977 ἐπιφορᾷ
901 3908 1105 3975 oppressum,
1142 3900 1178 3957 ut
1197 3891 1285 3976 loqui
1307 3911 1370 3954 non
1391 3889 1500 3975 possit.
1548 3895 1610 3953 An-

288 3982 391 4048 tonins
423 3982 461 4047 de
497 3981 566 4065 lege
594 3980 670 4067 quid
699 3983 809 4066 egerit.
863 3982 968 4048 Liceat
1003 3985 1098 4050 modo
1130 3984 1295 4050 rusticarif
1331 3983 1379 4049 Ad
1412 3981 1607 4069 Bithynicum

287 4076 408 4162 scripsi.
451 4079 481 4140 2.
512 4080 557 4139 De
580 4075 714 4141 Servilio
736 4085 770 4142 tu
791 4074 924 4150 videris,
947 4079 1002 4165 qui
1023 4087 1213 4144 senectutem
1235 4099 1298 4143 non
1320 4076 1501 4142 contemnis.
1543 4073 1608 4139 Etsi

287 4169 405 4234 Atticus
434 4179 554 4244 noster,
591 4171 663 4256 quia
686 4169 843 4257 quondam
865 4192 916 4234 me
938 4173 1130 4238 commoveri
1153 4187 1300 4248 πανικοῑς
1322 4170 1490 4242 intellexit,
1526 4168 1607 4233 idem

288 4283 413 4349 semper
432 4271 520 4349 putat
547 4285 603 4327 nec
630 4263 731 4338 videt,
767 4263 880 4350 quibus
907 4265 1073 4351 praesidiis
1094 4266 1311 4353 philosophiae
1332 4275 1457 4350 saeptus
1479 4267 1554 4340 sim;
1577 4270 1608 4327 et

251 4379 281 4418 ιι
290 4355 414 4430 hercle,
447 4356 533 4443 quod
562 4357 687 4422 timidus
709 4358 776 4443 ipsc
798 4367 860 4433 est,
889 4366 1111 4446 Bopvssosoesc.
1162 4365 1230 4446 Ego
1252 4369 1354 4424 tamen
1375 4357 1501 4423 Antonii
1522 4356 1610 4420 inve-

357 4557 383 4607 3.
404 4559 475 4608 Fort.
496 4557 662 4608 Commodum
680 4572 726 4622 epo
745 4583 760 4596 -
778 4584 788 4596 -
805 4585 817 4595 ·
832 4573 964 4623 propono.
984 4560 1035 4613 On.
1057 4586 1088 4598 -
1124 4563 1151 4614 3.
1173 4563 1351 4612 dmundostis
1369 4561 1405 4611 hl.
1428 4589 1457 4600 -
1494 4564 1538 4615 13.
1557 4565 1610 4613 Διι-

289 4627 390 4678 thecum
407 4628 452 4679 hl:
473 4629 597 4678 Anterum
616 4628 764 4680 Ernesiius.
793 4653 824 4665 ·-
862 4630 905 4679 17.
925 4634 1063 4694 suspiceres
1081 4632 1119 4683 hl.
1149 4657 1179 4668 -
1215 4633 1258 4683 2⁰.
1289 4639 1377 4682 ioman
1394 4635 1442 4684 hoc
1458 4635 1540 4684 multo
1558 4635 1608 4683 erit

289 4705 377 4748 tamen
401 4699 425 4746 si
454 4697 491 4747 ni.
525 4723 556 4732 -
592 4698 636 4748 26.
657 4699 781 4750 Billienus
800 4700 845 4751 hl:
874 4699 990 4751 Btls'snoa
1008 4703 1039 4752 Ε.
1066 4727 1100 4736 -
1136 4703 1180 4752 27.
1199 4710 1397 4763 verumtamem·
1426 4705 1458 4754 de
1474 4705 1527 4754 iltis
1546 4704 1606 4753 Vh:

288 4775 466 4818 commeamus
490 4769 521 4816 de
547 4768 599 4817 iltis
627 4767 656 4816 Ε.
690 4793 712 4802 ·-
765 4771 809 4820 30.
835 4773 939 4835 gratius
956 4773 1019 4821 mihi
1037 4772 1083 4823 hl:
1109 4773 1293 4837 colligantius
1312 4773 1343 4823 Ε.
1368 4799 1400 4810 -
1438 4773 1482 4825 BI.
1507 4775 1608 4824 Venam-

290 4844 403 4888 tnmen.
427 4840 453 4888 .l
472 4838 569 4888 Bothus
587 4837 648 4888 Vb:
672 4838 851 4890 Venemtamen
877 4841 974 4891 Balbos
994 4841 1023 4891 ll.
1045 4867 1073 4878 -
1112 4843 1156 4894 35.
1174 4840 1305 4914 incoepti
1323 4843 1463 4894 Orclfius:
1482 4845 1607 4908 epiphoro

290 4907 349 4958 llll.
373 4931 403 4942 -
441 4909 535 4970 possit.
570 4909 699 4958 Antonine
719 4909 758 4958 V:
775 4912 875 4972 possit,
904 4911 1032 4961 Antonius
1062 4911 1094 4962 Ε.
1122 4936 1167 4948 -1
1200 4913 1245 4964 36.
1268 4914 1379 4978 <laborm
1396 4915 1433 4966 hl.
1465 4916 1537 4967 Fert.
1559 4913 1608 4962 DE

289 4975 451 5028 LBGGIIII.
472 4973 503 5040 (i.
523 4991 549 5028 e.
567 4979 598 5028 de
616 4978 758 5043 legionibus
781 4977 931 5044 quattuor.)
951 4980 1003 5032 On.
