3666 5874
291 403 382 454 mit

288 549 444 641 suuurd.
488 545 609 618 Prtum
635 551 745 638 ipttrer
769 550 901 642 diram,
935 550 1026 642 prod
1055 551 1213 622 tumme
1238 571 1354 646 mam,
1391 553 1517 622 deinde
1543 560 1615 624 tuis

289 654 512 740 respondebo.
555 651 851 723 Bartholomaeus
868 650 1110 724 Cremonensis
1132 655 1220 724 mibi
1240 655 1342 724 leodis
1363 655 1560 746 affimavit
1577 679 1614 728 se

293 754 471 828 Otrerords
498 757 666 847 epistolas
695 776 742 825 ea
770 763 1008 827 scientissima
1038 759 1160 829 littera
1188 765 1368 851 reperisse.
1414 756 1616 854 Corttempri

289 868 401 952 priato
412 883 425 951 3
457 881 542 929 mac
565 881 643 931 cum
667 865 780 951 mapis
803 868 979 955 mapupee
1004 869 1240 954 asseveraret,
1267 862 1451 953 eorrfestim
1476 867 1615 936 domum

291 973 366 1037 eius
380 966 518 1035 rnuidt
530 966 648 1036 studio
660 984 716 1034 me
731 971 903 1056 eouiput3
926 987 991 1056 quo
1005 968 1130 1038 orioro
1145 967 1232 1036 mibi
1246 971 1442 1037 ostenditur
1455 970 1615 1040 uolumus

291 1075 572 1164 antiquissimum
593 1089 680 1139 sane
711 1091 754 1138 ae
778 1073 1030 1139 auterandnm.
1087 1070 1164 1142 Sed
1189 1073 1272 1140 dum
1295 1075 1398 1140 auide
1424 1074 1540 1142 evolvo
1572 1095 1617 1143 ac

290 1175 430 1264 strtpulo
450 1178 606 1266 suntor,
629 1179 768 1242 istruna
793 1174 959 1263 epistolas
980 1176 1028 1243 ad
1048 1174 1201 1244 Brutum
1224 1181 1260 1244 et
1280 1177 1328 1243 ad
1348 1175 1514 1258 Quietum
1532 1176 1615 1267 fra-

291 1287 398 1370 trem,
420 1297 482 1347 eas
506 1278 669 1346 uidelicet
693 1283 809 1369 ipsas,
831 1297 918 1370 picas
938 1276 1119 1355 babemus,
1140 1282 1177 1345 et
1197 1283 1330 1365 septem
1352 1279 1545 1351 dumtaaat
1567 1284 1616 1351 ad

289 1381 451 1451 Atticum
470 1382 586 1450 libros.
630 1380 720 1450 nun
734 1383 773 1449 td
786 1388 900 1450 minus
916 1401 1020 1474 quam
1040 1387 1199 1471 optarem
1206 1401 1218 1467 ,·
1240 1382 1303 1450 sed
1323 1387 1460 1477 tamur,
1482 1391 1614 1474 opinor,

291 1486 549 1579 oltqsrarrtulnm
569 1490 677 1553 buerit
703 1486 792 1553 lueri
811 1486 859 1552 ad
880 1491 1022 1553 nostras
1043 1485 1281 1553 emundandas
1301 1477 1366 1568 a),
1408 1486 1504 1556 lllud
1526 1495 1617 1559 sads

292 1595 448 1683 corcstat,
478 1609 565 1679 puae
586 1594 696 1657 aratra
720 1589 920 1680 nabataeos,
956 1608 1003 1657 ea
1026 1609 1065 1656 eo
1088 1589 1258 1658 volumine
1281 1608 1351 1658 reon
1371 1587 1483 1677 fuisse
1510 1598 1616 1662 tram

290 1700 460 1784 scriptas,
493 1713 572 1762 cnm
592 1693 641 1762 ibt
661 1713 732 1762 ιιοιι
750 1695 869 1784 plures
891 1714 996 1785 piram
1016 1697 1150 1782 septem
1170 1694 1218 1760 ad
1236 1691 1396 1762 Atticum
1418 1695 1514 1789 libri,
1547 1717 1612 1766 uos

290 1819 388 1891 nero,
419 1804 462 1867 ut
484 1804 607 1888 opinor
624 1800 901 1874 mrattnordeeim
924 1790 1012 1881 [sict
1039 1799 1225 1865 fortassee
1245 1798 1372 1866 librarii
1390 1818 1504 1867 errore
1522 1799 1617 1868 XIV.

290 1924 353 1992 pro
370 1893 488 1985 XVI.)
510 1901 686 1970 babemus.
730 1903 838 1970 Huius
861 1901 995 1970 Codicis
1021 1921 1120 1968 unum
1149 1904 1341 1992 praeterea,
1367 1901 1428 1970 scd
1455 1907 1618 1989 pertenue

291 2010 404 2076 inueni
416 2008 597 2098 vestigium
610 2006 700 2094 apud
714 2006 840 2074 Mehus
854 2008 888 2072 in
903 2006 982 2072 Vita
996 2006 1163 2073 Ambrosii
1175 2004 1385 2072 'l’ravcrsarii
1398 2025 1429 2091 p.
1440 2005 1617 2076 LXXXV.

293 2131 336 2180 ex
352 2111 520 2178 Ambrosii
536 2108 630 2198 Epp.
649 2110 722 2177 Lib.
734 2111 792 2177 Vl.
808 2110 873 2197 Eip.
891 2108 943 2176 7.:
969 2109 1156 2178 «Nicolous
1178 2101 1222 2192 [Ι.
1237 2128 1265 2176 e.
1281 2110 1439 2178 Nicotaus
1455 2104 1616 2193 Nicolus)

290 2221 410 2285 noster
438 2215 487 2281 ad
519 2219 554 2282 te
589 2207 828 2296 [Franciscum
863 2215 1048 2281 Barbarum
1085 2203 1274 2295 Venetam)
1306 2219 1403 2282 misit
1439 2210 1616 2285 Otemords

290 2319 476 2409 Epistulas
499 2319 548 2386 ad
567 2315 747 2409 Atticum,
770 2338 856 2411 quas
879 2323 914 2384 te
939 2323 1114 2406 occepisse
1134 2323 1208 2385 tam
1227 2322 1401 2385 eaisttmo.
1444 2318 1485 2386 ld
1505 2324 1616 2386 antem

291 2442 430 2511 prorsus
454 2425 664 2512 ignoramur,
701 2426 809 2488 utrum
842 2418 986 2489 criticus
1011 2423 1131 2507 aliquis
1158 2421 1274 2490 codice
1303 2422 1360 2487 illo
1388 2424 1615 2510 antiquissimo

291 2525 469 2614 anquando
501 2527 546 2592 ad
580 2525 787 2594 emendanda
817 2526 1015 2618 apographa
1044 2524 1179 2593 Codicis
1214 2546 1235 2593 ιι
1267 2525 1453 2594 Petrarcha
1487 2529 1617 2616 reperti

290 2651 373 2698 usus
395 2634 440 2696 sii
462 2649 579 2697 necne.

376 2733 533 2804 Andreas
548 2733 781 2804 Cratander
795 2734 829 2801 ln
843 2733 956 2802 Praei.
972 2731 1059 2820 0pp.
1073 2731 1142 2803 cic.
1156 2733 1232 2802 Vol.
1246 2735 1273 2802 l.
1287 2754 1364 2826 pag.
1380 2735 1431 2802 4:
1452 2735 1616 2821 Imprimis

291 2859 372 2908 usus
393 2859 464 2906 sum
490 2838 662 2908 codicibus
685 2838 774 2907 haud
797 2838 1008 2907 mediocriter
1034 2841 1196 2907 vetustis:
1220 2879 1241 2896 -
1256 2879 1276 2896 -
1291 2841 1418 2906 -inter
1445 2859 1529 2926 quos
1549 2860 1617 2908 non

291 2963 418 3031 paucos
433 2962 543 3031 neque
558 2943 780 3032 poenitendos
799 2944 897 3010 nobis
913 2945 1167 3012 communicavit
1181 2944 1231 3011 lo.
1245 2939 1446 3030 Sichardas,
1466 2947 1616 3010 veterum

290 3051 563 3117 monimentorum
596 3049 819 3116 conservator
850 3045 1133 3139 diligentissimae.
1188 3045 1287 3115 Unde
1315 3048 1439 3116 lactum
1467 3051 1542 3136 est,
1579 3051 1617 3115 ut

291 3157 445 3238 coeptum
467 3153 636 3241 negotium
659 3153 823 3239 principio
846 3151 1087 3239 difficillimum,
1110 3152 1222 3238 paullo
1243 3153 1359 3217 minori
1374 3153 1513 3241 negotio
1528 3170 1616 3219 con-

291 3259 444 3326 iecerim:
467 3256 558 3344 quod
580 3258 724 3324 libenter
749 3260 784 3322 ei
807 3257 954 3348 ingenue
977 3261 1012 3323 et
1033 3257 1176 3323 latemur
1200 3258 1235 3323 et
1255 3257 1490 3347 cognoscimus
1517 3247 1615 3339 (stc)

291 3364 472 3448 amicisque
500 3365 674 3446 acceptum
704 3361 857 3447 terimus3
893 3361 1014 3428 multas
1038 3362 1124 3427 enim
1150 3358 1227 3425 inde
1249 3357 1387 3426 mendas
1413 3359 1617 3444 sustulimus,

292 3484 377 3554 quac
398 3467 529 3552 priores
550 3462 715 3532 editiones
734 3468 956 3550 occuparant:
985 3468 1087 3552 atque
1109 3463 1143 3529 ld
1161 3467 1241 3530 ante
1266 3465 1375 3530 omnia
1395 3465 1429 3529 ln
1454 3463 1617 3550 Epistolis

292 3569 335 3638 ad
358 3571 537 3638 Atticum·

374 3675 625 3764 llervaglus
647 3674 681 3738 in
704 3672 816 3740 Praei.
838 3670 900 3737 Ed.
920 3671 1061 3758 prioris:
1086 3671 1278 3738 «Variarum
1301 3671 1479 3738 lectionum
1497 3691 1616 3739 cumu-

290 3779 357 3846 lum
373 3779 621 3870 congessimus:
636 3817 656 3834 -
670 3818 691 3834 -
709 3777 848 3844 lecimus
862 3775 926 3842 hoc
947 3777 1086 3842 maxime
1110 3778 1144 3841 in
1158 3776 1322 3862 Epistolis
1336 3775 1378 3842 ad
1394 3776 1553 3845 Atticum.
1565 3817 1585 3834 -
1597 3817 1618 3834 -

290 3882 387 3950 Misit
402 3886 511 3950 autem
530 3883 573 3950 ad
595 3902 659 3948 nos
674 3901 718 3947 cx
733 3880 879 3948 Patauio
895 3879 1040 3966 vigilius
1053 3879 1269 3963 Zuichemus,
1292 3878 1474 3968 Phryslus,
1496 3883 1617 3948 silvam

292 3985 456 4076 quandam
477 3989 593 4054 variae
613 3985 769 4054 lectionis
790 3985 825 4049 in
848 4003 907 4049 eas
929 3985 1108 4070 epistolas,
1131 4004 1174 4050 cx
1196 4003 1261 4071 qua
1282 4005 1344 4051 nos
1363 4004 1430 4050 non
1446 3984 1618 4052 dubitavi-

290 4111 363 4158 mus
387 4090 565 4175 nonnulla,
601 4107 686 4176 quae
707 4089 805 4154 nobis
825 4083 944 4168 γνήσια
969 4093 1048 4154 suni
1072 4091 1161 4178 visa,
1192 4089 1300 4156 veluti
1335 4090 1535 4174 postliminio
1556 4109 1619 4158 re-

291 4195 428 4264 deuntia
449 4196 483 4260 in
506 4197 633 4260 textum
656 4194 835 4277 recipcre.»

376 4297 456 4368 Seb.
480 4296 694 4366 Corradus
716 4298 749 4361 in
772 4297 921 4364 Praelat.
944 4297 1030 4382 Epp.
1051 4295 1094 4362 ad
1115 4286 1191 4363 Ati.
1217 4297 1274 4362 tol.
1295 4291 1356 4363 36.
1379 4297 1441 4364 Ed.
1466 4297 1617 4366 Venetae

360 4483 382 4551 ')
399 4485 440 4538 lia
467 4484 623 4548 corruptelis
653 4484 746 4536 Ιιιιιιιιι
772 4484 839 4547 lipp.
866 4486 918 4535 iam
945 4488 997 4534 ctio
1020 4483 1209 4536 animadversio
1238 4481 1285 4533 cir.
1314 4482 1429 4535 eundem
1454 4487 1609 4547 scriptorem

289 4567 349 4619 Lib.
368 4566 415 4629 8.,
444 4567 495 4629 lip.
514 4565 543 4616 i.
563 4564 619 4616 Vol.
639 4565 666 4615 Β.
687 4578 713 4627 p.
734 4565 815 4615 ilius
844 4563 932 4628 Neque
956 4565 1027 4614 enim
1052 4561 1168 4616 Ciceroni
1190 4567 1372 4628 imputamus,
1401 4565 1471 4628 quod
1494 4566 1619 4628 epistolas

291 4649 346 4699 rtur
371 4646 540 4698 oddilinam
566 4645 655 4696 multis
677 4647 708 4696 in
733 4644 797 4695 loeis
824 4644 996 4696 librariorum
1013 4644 1079 4696 uitio
1098 4646 1139 4696 ito
1156 4646 1272 4708 scriptas
1290 4650 1369 4704 sunt,
1399 4651 1429 4696 ui
1447 4651 1519 4695 stare
1536 4647 1618 4697 usrba

289 4727 475 4791 nonpossint.
510 4727 577 4779 lium
595 4726 635 4777 lo.
655 4725 789 4777 Andresm
808 4726 970 4790 Episcopum
988 4725 1152 4777 Alcmeonem
1177 4727 1204 4776 Ιιι
1223 4724 1390 4777 dedicatione
1410 4723 1461 4775 nd.
1480 4723 1615 4780 Romanas

292 4805 391 4859 itia:
411 4808 475 4860 Ecce
487 4808 617 4860 anteimus
629 4805 813 4873 difficillimum
824 4807 895 4870 lipp.
910 4805 947 4856 ud
965 4806 1018 4857 dit.
1033 4817 1098 4868 opus
1116 4812 1141 4857 st
1157 4806 1250 4856 multis
1267 4806 1297 4856 iu
1306 4805 1442 4870 partibus,
1462 4805 1534 4869 quot
1546 4807 1618 4858 notis

291 4885 473 4938 secretioribus
490 4895 514 4940 si
531 4889 601 4940 inter
616 4889 791 4953 paucissimos
808 4887 921 4953 capnitis
937 4887 1054 4950 scriptae
1070 4893 1133 4936 sunt
1151 4885 1270 4945 litterar,
1290 4900 1343 4938 non
1361 4887 1428 4938 ratis
1446 4885 1615 4948 iniunctum,

290 4967 322 5017 in
335 4967 473 5028 raumara
489 4970 648 5030 prarrmiim
675 4968 897 5032 templariorum
915 4963 986 5031 (sic).
1014 4979 1082 5032 quas
1108 4971 1157 5016 aui
1180 4980 1235 5018 nou
1251 4971 1312 5018 sunt
1327 4967 1400 5031 apud
1418 4964 1538 5018 uberans
1556 4977 1614 5016 ero·

291 5047 385 5116 pando
401 5053 450 5100 out
467 5047 500 5101 ab
518 5049 619 5101 inuidis
637 5050 771 5102 communi
787 5049 923 5101 boninum
940 5046 1002 5102 odio
1022 5045 1199 5100 comitantur.
