3662 5908
292 342 354 404 2⁷⁸
719 337 993 402 EPlSTOLARUld
1016 341 1068 402 Au
1091 342 1181 404 FAtt.

290 495 468 566 arbitrabar
488 495 610 562 lacibus
629 513 680 560 me
705 493 779 570 tibi,
812 517 893 582 quae
916 495 1047 570 vellem,
1077 495 1294 582 probaturum.
1337 502 1368 564 2.
1392 503 1470 566 Cum
1492 501 1526 566 in
1543 521 1623 588 pro-

290 595 423 660 vinciam
445 589 546 678 pridie
569 589 635 654 llal.
659 593 744 656 Sext.
768 591 923 656 venissem
945 599 976 655 et
996 602 1127 676 propter
1149 591 1223 656 anni
1245 601 1368 679 tempus
1389 595 1428 660 ad
1443 596 1621 662 exordium

291 689 367 754 mihi
393 685 556 753 confestim
586 704 654 749 esse
691 685 827 750 eundum
854 683 1009 758 viderem,
1046 685 1177 752 biduum
1204 688 1376 753 Laodiceae
1405 689 1467 765 lui,
1503 690 1622 757 deinde

288 789 444 869 Apameae
466 776 683 866 quatriduum,
714 779 852 845 triduum
874 778 1045 865 Synnadis,
1068 778 1199 845 totidem
1221 781 1288 846 dies
1310 782 1495 852 Philomelii.
1541 784 1623 861 Qui·

267 875 348 941 abus
375 875 409 940 in
441 871 565 960 oppidis
586 892 658 938 cum
678 873 782 956 magni
803 881 974 938 conventus
995 871 1147 946 luissent,
1181 875 1293 940 multas
1315 877 1455 943 civitates
1477 877 1621 944 acerbis·

289 969 376 1036 simis
406 966 532 1033 tributis
553 979 584 1032 et
605 967 797 1052 gravissimis
829 966 936 1033 usuris
958 975 989 1030 et
1010 965 1089 1032 salso
1110 987 1184 1032 aere
1206 969 1308 1034 alieno
1329 969 1471 1036 liberavi.
1525 975 1621 1038 Cum-

288 1085 350 1151 que
379 1073 449 1127 ante
475 1061 641 1128 adrentum
675 1082 779 1126 meum
809 1060 963 1126 seditione
985 1059 1119 1146 quadam
1143 1063 1302 1128 exercitus
1327 1074 1409 1130 esset
1430 1063 1617 1152 dissipatus,

288 1158 427 1245 quinque
449 1156 594 1222 cohortes
618 1155 684 1220 sine
711 1155 828 1240 legato,
862 1155 928 1219 sine
953 1152 1082 1219 tribuno
1104 1155 1252 1232 militum,
1275 1157 1410 1244 denique
1433 1160 1526 1224 etiarn
1549 1160 1618 1224 sine

288 1253 470 1319 centurione
491 1250 556 1315 ullo
577 1248 660 1334 apud
684 1248 901 1314 Philomelium
922 1248 1150 1322 consedissent,
1182 1251 1322 1338 reliquus
1355 1253 1512 1318 exercitus
1535 1263 1619 1318 esset

157 1413 161 1426 ,
254 1347 321 1412 *tin
354 1345 526 1433 Lycaonia:
557 1349 597 1408 Μ.
625 1343 746 1409 Anneio
771 1342 906 1440 legato'
897 1341 1067 1427 imperavi,
1104 1351 1138 1407 ut
1159 1364 1212 1408 eas
1235 1345 1373 1432 quinque
1406 1347 1553 1412 cohortes
1575 1347 1619 1412 ad

289 1441 446 1527 reliquum
478 1439 651 1504 exercitum
684 1429 843 1503 duceret
841 1447 1012 1522 coactoque
1044 1435 1076 1500 in
1104 1458 1202 1501 unum
1225 1437 1328 1504 locum
1350 1441 1493 1505 exercitu
1514 1451 1617 1507 castra

288 1535 319 1601 in
342 1533 496 1624 Lycaonia
517 1531 599 1618 apud
621 1531 760 1598 leonium
782 1531 909 1596 laceret
952 1535 982 1595 3.
1005 1528 1099 1608 Quod
1120 1551 1192 1596 cum
1213 1531 1253 1598 ab
1275 1532 1329 1598 illo
1347 1532 1513 1619 diligenter
1533 1546 1618 1602 esset

287 1639 405 1701 actum,
440 1645 499 1711 ego
520 1626 552 1690 in
574 1635 724 1691 castraa
746 1624 776 1690 d
799 1644 862 1690 vu.
886 1624 956 1690 Kal.
981 1623 1156 1710 Septembr,
1180 1626 1266 1700 veni,
1289 1647 1360 1692 curn
1381 1629 1499 1694 interea
1523 1651 1617 1715 supe·

288 1721 427 1788 rioribus
453 1719 562 1786 diebus
590 1741 630 1784 ex
660 1728 784 1785 senatus
814 1718 957 1784 consulto
986 1726 1018 1782 et
1046 1728 1250 1784 evocatorum
1277 1719 1398 1786 lirmam
1427 1743 1553 1788 manum
1585 1733 1619 1788 et

253 1827 277 1870 ¹0
288 1816 458 1903 equitatum
485 1835 559 1880 sane
591 1814 742 1880 idoneum
775 1822 808 1878 et
841 1811 1031 1899 populorum
1064 1810 1238 1879 liberorum
1259 1835 1433 1901 regumque
1456 1817 1617 1882 sociomm

286 1910 403 1977 auxilia
424 1909 600 1974 voluntaria
622 1908 895 1994 comparavissem.
939 1907 1068 1971 Interim
1089 1927 1175 1980 cum,
1198 1909 1338 1974 exercitu
1369 1909 1523 1984 lustrato,
1553 1911 1616 1976 iter

158 2001 163 2015 '
285 2006 318 2070 in
345 2004 484 2071 Ciliciam
506 2002 609 2067 lacere
636 2003 824 2087 coepissem,
862 1999 928 2064 Kal.
953 1999 1127 2086 Septembr.
1150 2001 1243 2086 legati
1265 2023 1283 2066 a
1305 2023 1381 2090 rege
1404 2007 1617 2088 Commageno

286 2099 397 2164 adme
419 2096 507 2163 missi
530 2096 795 2182 pertumultuose,
826 2114 927 2179 neque
953 2103 1140 2159 tamennon
1174 2116 1264 2170 vere,
1287 2096 1417 2161 Parthos
1440 2097 1470 2161 in
1493 2098 1617 2186 Syriam

289 2191 434 2256 transisse
456 2190 685 2256 nuntiaverunt.
735 2193 765 2254 4.
789 2191 870 2267 Quo
885 2188 1007 2262 audito,
1029 2188 1233 2254 vehementer
1253 2210 1323 2254 sum
1347 2203 1521 2259 commotus
1543 2212 1616 2256 cum

249 2284 327 2350 '²⁰de
350 2285 459 2372 Syria,
492 2292 559 2348 tum
580 2282 620 2347 de
642 2303 712 2346 mea
734 2282 912 2368 provincia,
942 2281 980 2346 de
1002 2283 1123 2368 reliqua
1145 2281 1282 2370 denique
1304 2285 1386 2350 Asia.
1429 2290 1537 2372 ltaque
1560 2307 1615 2350 er·

290 2379 422 2444 ercitum
452 2375 528 2442 mihi
558 2374 733 2442 ducendum
756 2395 815 2460 per
836 2375 1049 2460 Cappadociae
1070 2376 1232 2460 regionem
1255 2398 1338 2452 eam,
1373 2399 1453 2465 quac
1476 2379 1616 2445 Ciliciam

289 2472 471 2557 attingeret,
493 2470 610 2554 putari.
653 2474 729 2534 Nam
752 2469 779 2535 si
801 2491 851 2535 me
874 2469 906 2535 in
926 2468 1063 2536 Cilicium
1091 2470 1303 2546 demisissem,
1326 2471 1465 2538 Ciliciam
1487 2473 1614 2560 quidem

289 2568 388 2653 ipsam
409 2572 541 2650 propter
561 2563 676 2630 montis
697 2564 807 2630 Amani
829 2571 972 2629 naturam
994 2562 1084 2628 facile
1100 2565 1269 2630 tenuissem
1293 2599 1332 2612 -
1354 2564 1418 2631 duo
1440 2577 1512 2632 sunt
1530 2568 1614 2632 enim

289 2659 390 2726 aditus
418 2658 450 2722 iu
480 2657 618 2722 Ciliciam
641 2679 681 2724 ex
710 2657 815 2747 Syria,
853 2678 987 2744 quorum
1010 2665 1142 2744 uterque
1168 2658 1274 2744 parvis
1297 2659 1462 2745 praesidiis
1484 2672 1616 2747 propter

251 2751 445 2838 coangustias
465 2752 631 2818 intercludi
653 2760 770 2838 potest,
798 2772 856 2816 nec
876 2759 923 2816 est
938 2750 1108 2837 quidquam
1124 2752 1230 2818 Cilicia
1254 2761 1362 2818 contra
1378 2754 1499 2841 Syriam
1514 2756 1615 2821 muni-

289 2849 350 2914 tius
372 2869 428 2924 -3
451 2845 506 2912 sed
531 2867 582 2910 me
604 2845 801 2932 Cappadocia
821 2844 990 2920 movebat,
1012 2867 1093 2933 quae
1115 2855 1231 2931 pateta
1251 2847 1339 2934 Syria
1354 2867 1508 2935 regesque
1522 2849 1615 2916 habet

289 2941 454 3014 finitimos,
491 2940 546 3027 qui
574 2940 694 3006 ebamsi
727 2949 799 3006 sunt
831 2939 924 3004 etiam
956 2939 1049 3005 amici
1076 2938 1183 3013 nobis,
1223 2951 1327 3008 tamen
1355 2952 1462 3028 aperte
1493 2943 1614 3009 Parthis

168 3095 173 3106 .
289 3034 407 3102 inimici
435 3055 504 3099 esse
533 3054 597 3100 uon
630 3033 756 3104 audent.
808 3038 917 3119 ltaque
946 3033 979 3098 in
1013 3032 1206 3119 Cappadocia
1234 3043 1375 3100 exuema
1397 3056 1460 3101 non
1482 3037 1614 3123 longua

163 3135 181 3232 g
289 3134 394 3195 Tauro
413 3128 496 3214 apud
520 3127 671 3214 oppidum
693 3127 834 3215 Cybistra
855 3137 955 3192 castra
978 3126 1054 3202 leci,
1084 3136 1119 3192 ut
1140 3137 1171 3192 ct
1192 3128 1332 3194 Ciliciam
1354 3138 1462 3195 tuerer
1484 3140 1515 3194 et
1537 3135 1615 3217 Cap-

253 3223 452 3310 tupadocinm
475 3231 583 3288 tenens
605 3243 686 3287 nova
706 3221 911 3287 finitimorum
933 3220 1062 3286 consilia
1083 3221 1279 3306 impedirem,
1323 3227 1351 3288 5.
1376 3224 1521 3289 lnterea
1512 3246 1543 3289 ιιι
1556 3225 1615 3291 hoc

175 3331 185 3382 t·
223 3311 231 3355 l
290 3325 376 3382 tanto
394 3325 482 3382 motu
510 3323 656 3406 tantaque
678 3316 910 3402 exspectatione
931 3315 1060 3380 maxims
1053 3313 1155 3380 'belli
1178 3337 1236 3380 rex
1257 3317 1443 3392 Deiotarus,
1480 3318 1531 3383 cui
1551 3339 1614 3384 non

172 3400 229 3429 '
290 3411 358 3476 sine
379 3431 472 3476 causa
495 3411 665 3495 plurimum
694 3431 820 3496 semper
844 3419 875 3474 et
896 3431 968 3474 meo
991 3417 1022 3474 et
1048 3418 1102 3474 tuo
1125 3416 1157 3474 et
1175 3393 1299 3476 senatus
1322 3411 1437 3477 iudicio
1462 3410 1614 3477 tributum

292 3513 352 3579 est,
374 3505 425 3569 vir
446 3525 517 3570 cum
537 3502 755 3570 benevolentia
771 3513 802 3568 et
818 3502 878 3568 lide
899 3523 972 3587 erga
997 3503 1148 3590 populum
1168 3510 1342 3570 Romanum
1362 3505 1525 3588 singulari,
1548 3515 1614 3571 tum

290 3599 485 3685 praeseutia,
508 3597 721 3684 magnitudine
743 3606 773 3662 et
792 3598 888 3663 animi
911 3608 942 3662 et
961 3597 1097 3670 consilii,
1120 3599 1238 3684 legatos
1259 3598 1299 3663 ad
1317 3620 1367 3664 me
1385 3599 1471 3664 misit
1491 3621 1526 3664 se
1542 3621 1614 3666 cum

256 3691 438 3759 nomnibus
464 3692 528 3757 suis
552 3692 651 3778 copiis
667 3696 699 3756 in
714 3712 783 3756 mea
797 3699 897 3756 castra
919 3713 987 3757 esse
1009 3701 1185 3758 venturum.
1229 3693 1325 3758 Cuius
1341 3712 1400 3775 ego
1421 3691 1525 3759 studio
1547 3693 1615 3759 olli-

292 3788 404 3875 cioque
426 3797 601 3852 commotus
620 3785 671 3871 egi
691 3786 720 3849 ai
740 3806 798 3870 per
826 3785 945 3851 litteras
963 3786 1095 3871 gratias,
1117 3785 1213 3872 idque
1239 3797 1275 3852 ut
1299 3797 1486 3862 maturaret,
1510 3787 1615 3853 horta·

294 3891 343 3947 tus
362 3903 441 3947 sum.
486 3884 515 3945 6.
539 3885 615 3947 Cum
634 3887 737 3944 autam
760 3878 798 3944 ad
817 3878 957 3968 Cybistra
976 3891 1106 3966 propter
1122 3879 1276 3945 rationem
1297 3878 1371 3945 belli
1393 3882 1531 3968 quinque
1548 3881 1614 3946 dies

293 3996 395 4041 essem
415 3983 569 4050 moratus,
591 3993 699 4064 regem
720 3971 979 4049 Ariobarzanem,
1001 3974 1090 4039 cuius
1112 3974 1244 4038 salutem
1266 3995 1284 4038 a
1304 3984 1413 4040 senatu
1437 3984 1466 4040 te
1486 3985 1614 4040 auctore

175 4066 179 4072 ’
294 4069 543 4135 commendatam
576 4066 749 4142 habebam,
786 4067 1003 4154 praesentibus
1038 4066 1160 4133 insidiis
1198 4067 1435 4153 necopinantem
1466 4067 1613 4146 liberavi;

256 4179 397 4250 teneque
414 4163 516 4229 solum
537 4161 568 4226 ei
589 4161 680 4227 soluti
696 4161 761 4236 fui,
798 4160 854 4227 sed
876 4162 968 4227 ctiam
990 4162 1117 4236 curavi,
1147 4170 1182 4227 ut
1204 4182 1275 4226 cum
1297 4162 1481 4227 auctoritate
1503 4183 1615 4247 regna-

294 4268 352 4327 ret.
390 4245 539 4341 (Metram
567 4264 714 4328 etloum,
748 4277 843 4342 quem
875 4267 909 4322 tu
935 4256 1010 4321 mihi
1037 4255 1202 4342 diligenter
1233 4254 1487 4334 commendares,
1505 4252 1615 4331 (Athe-

127 4357 204 4438 ,sss
295 4357 438 4431 uacum)
462 4349 696 4434 importunitate
717 4349 894 4415 Athenaidis
909 4347 1029 4430 (exsilio
1052 4349 1218 4436 multatos)
1246 4349 1383 4413 maxima
1404 4348 1487 4435 apud
1507 4369 1614 4435 regem

167 4449 171 4460 ’
295 4442 479 4512 auctoritate
504 4448 665 4529 gratiaque
687 4443 844 4509 constitui.
892 4447 1032 4529 Cumque
1053 4441 1200 4528 magnum
1222 4441 1339 4508 bellum
1361 4446 1393 4508 in
1420 4442 1613 4530 Cappadocia

367 4655 393 4706 ³.
413 4655 540 4704 modicioe
558 4652 594 4703 Μ.
629 4677 656 4687 -
692 4650 719 4700 d.
738 4652 884 4702 Philomelii
902 4652 1038 4704 Orelltuse
1057 4653 1193 4704 Philomeli
1216 4651 1276 4702 ΜΕ.
1309 4677 1343 4686 -
1377 4652 1405 4703 9.
1436 4653 1614 4704 Philomelium

297 4726 394 4776 Dreed.
428 4725 537 4775 tertius:
569 4721 737 4772 Philometuen
766 4721 825 4772 ΜΙ.
855 4747 885 4759 -
923 4726 965 4776 to.
996 4739 1032 4775 en.
1058 4725 1179 4774 monneto
1197 4723 1235 4774 Μ.
1266 4749 1301 4759 -
1337 4721 1380 4772 tt.
1409 4723 1486 4789 ytnno
1513 4723 1550 4776 Μ.
1580 4747 1613 4756 -

298 4797 342 4846 15.
360 4809 516 4860 regnumque
533 4793 571 4844 Μ.
591 4816 625 4826 -
660 4790 704 4840 tt.
723 4803 767 4838 ιιι.
787 4793 849 4842 Kal.
869 4793 1014 4844 Manutius.
1035 4819 1070 4830 ·-
1104 4795 1148 4844 st.
1167 4800 1228 4843 eunt
1246 4797 1325 4845 etium
1344 4792 1390 4843 Μι
1409 4799 1470 4844 eunt
1491 4793 1519 4843 tt.
1540 4794 1612 4843 Fert.

297 4873 358 4916 eunt
375 4867 452 4915 ctum.
472 4864 523 4915 οιι.
554 4885 585 4898 -
620 4860 664 4912 31.
682 4863 833 4923 praesentio
854 4866 1034 4928 magnitudine
1051 4865 1097 4915 M:
1122 4865 1268 4927 proesentis
1283 4864 1464 4929 magnitudine
1482 4863 1516 4922 u,
1534 4876 1614 4926 proe-

297 4938 381 4987 sentis
410 4950 442 4986 oc
470 4932 649 4998 mnqnitudine
666 4931 885 4983 Lucnemeuuue.
921 4959 950 4970 -
986 4935 1031 4986 36.
1051 4931 1084 4998 ei]
1103 4940 1128 4985 et
1140 4935 1177 4985 Μ.
1200 4957 1230 4968 -
1266 4935 1310 4988 tt.
1329 4935 1393 4984 mihi
1410 4933 1546 4999 diligenter
1564 4933 1612 4984 Μι

297 5005 434 5072 diligenter
450 5005 514 5055 enini
533 5002 562 5052 ll.
582 5027 615 5036 -
650 5001 693 5052 tu.
714 5001 821 5052 enemo
840 5018 880 5067 pr.
900 5004 938 5055 Μ.
