3628 5876
309 337 369 399 176
738 333 1013 398 EPISTOLARUM
1033 335 1086 398 AD
1109 335 1199 398 ΕΔΜ.

304 491 438 565 faciunt,
470 489 612 557 hostibus
633 487 758 556 obviam
781 488 829 554 ire
854 525 906 564 -,
934 498 1052 566 tamen,
1086 489 1210 578 siquid
1232 489 1368 577 Lepidus
1391 491 1473 560 bene
1494 499 1633 565 sentiens

305 583 482 650 detrimenti
508 583 662 671 cepisset,
689 578 756 647 boc
782 602 876 648 omne
897 581 1088 666 assignatum
1109 582 1151 649 iri
1177 593 1231 650 aut
1251 585 1441 670 pertinaciae
1465 612 1554 658 meae
1574 601 1633 658 aut

304 678 411 744 timori
433 675 590 753 videbam,
622 676 650 742 si
681 687 736 746 aut
756 675 914 742 bominem
935 675 1091 742 ollensum
1118 677 1217 753 mihi,
1250 679 1453 746 coniunctum
1486 705 1558 750 eum
1592 708 1631 752 re

303 771 444 858 publice,
479 792 543 837 non
564 769 775 836 sublevassem
804 779 858 834 aut
877 770 945 855 ipsc
968 791 986 834 a
1009 771 1180 836 certamine
1201 769 1276 837 belli
1298 781 1361 838 mm
1384 778 1556 844 necessarii
1576 799 1629 844 me

281 865 519 932 sremovisscm.
561 869 592 932 3.
614 869 721 951 ltaque
741 863 847 950 potins
865 863 1037 950 periclitari
1059 863 1160 939 volui,
1189 865 1217 930 si
1238 886 1364 951 possem
1387 888 1457 934 mea
1480 891 1630 957 praesen·

304 960 347 1026 tia
368 968 399 1024 et
419 958 571 1047 Lepidum
592 959 675 1025 tueri
697 968 728 1024 et
749 957 924 1024 exercitum
947 957 1052 1024 lacere
1076 959 1258 1034 meliorem,
1288 981 1384 1046 prm
1403 961 1497 1029 nimis
1518 976 1628 1034 cautus

303 1053 415 1120 videri.
458 1051 678 1119 sollicitiorem
698 1061 783 1118 certe
805 1051 980 1126 bominem,
1002 1073 1066 1118 non
1088 1050 1153 1118 suis
1167 1053 1348 1128 contractis,
1372 1055 1531 1122 neminem
1549 1067 1626 1145 puto

303 1147 410 1214 fnisse.
452 1152 530 1213 Nam
551 1167 632 1234 quae
653 1168 705 1211 res
726 1145 842 1211 nullam
864 1145 998 1212 babebat
1019 1145 1262 1222 dubitationem,
1286 1147 1312 1212 si
1335 1149 1492 1216 exereitus
1514 1152 1625 1238 Lepidi

303 1239 401 1315 absit,
438 1260 474 1305 ea
501 1261 582 1306 nunc
612 1259 755 1324 magnam
782 1238 875 1304 affert
896 1239 1138 1305 sollicitudinem
1164 1246 1372 1327 magnumque
1395 1242 1489 1308 babet
1510 1265 1624 1311 cusum.

267 1333 380 1400 ullibi
403 1333 487 1399 enim
508 1334 536 1399 si
558 1333 755 1418 contigisset,
787 1341 823 1398 ut
843 1332 932 1418 prior
950 1353 1153 1400 occurrerem
1172 1334 1325 1408 Antonio,
1348 1355 1411 1400 non
1432 1338 1625 1404 mehercules

305 1429 414 1494 boram
441 1428 648 1494 constitisset:
671 1437 789 1492 tentum
815 1447 874 1512 ego
902 1436 933 1492 et
965 1427 1041 1493 mibi
1067 1425 1191 1493 confido
1224 1436 1255 1492 et
1288 1429 1333 1493 sie
1359 1431 1517 1514 perculsas
1543 1432 1625 1498 illius

302 1523 409 1610 copias
436 1519 633 1608 Ventidiique
658 1519 806 1586 mulionis
831 1530 931 1586 castra
955 1520 1103 1608 despicio.
1161 1520 1224 1586 Sed
1249 1543 1313 1587 non
1332 1543 1461 1608 possum
1483 1547 1547 1592 nou
1569 1546 1622 1590 ex·

302 1618 501 1690 horrescere,
536 1615 563 1680 si
601 1615 677 1702 qnid
704 1615 788 1681 intra
827 1624 930 1681 eutem
958 1613 1065 1680 subest
1092 1614 1247 1690 vulneris,
1280 1616 1365 1702 qnod
1393 1617 1480 1703 prins
1510 1637 1625 1684 nocere

301 1721 420 1798 potest,
452 1731 546 1796 quam
568 1709 641 1774 sciri
663 1711 830 1796 curarique
851 1709 960 1795 possit.
1004 1707 1066 1773 Sed
1087 1717 1193 1784 certe,
1216 1707 1276 1774 uisi
1297 1731 1361 1776 uuo
1382 1711 1453 1776 loeo
1475 1731 1525 1775 me
1539 1721 1626 1777 tene-

267 1827 388 1878 orem,
411 1824 558 1889 magnum
576 1802 749 1888 perieulum
763 1803 831 1890 ipse
846 1801 998 1888 Lepidus,
1021 1813 1170 1886 magnum
1189 1823 1225 1868 ea
1247 1823 1319 1889 pars
1342 1804 1499 1871 exercitus
1514 1805 1623 1882 adiret,

301 1920 382 1986 quae
397 1897 476 1962 bene
490 1896 529 1962 de
549 1918 586 1962 re
607 1896 733 1984 publiea
754 1897 856 1962 sentit.
899 1900 1041 1980 Magnam
1057 1896 1150 1962 etiam
1165 1895 1279 1982 perditi
1294 1897 1399 1963 bostes
1413 1899 1622 1965 secessionem

300 1992 363 2059 sibi
383 1992 544 2066 fecissent,
574 1991 601 2056 si
623 2013 700 2078 quas
722 1991 827 2078 copias
850 2012 868 2054 a
888 1989 1009 2076 Lepido
1030 1989 1264 2056 abstraxissent.
1310 1993 1399 2068 Quae
1421 1992 1448 2058 si
1472 1991 1622 2058 adventus

300 2107 390 2151 meus
416 2085 624 2171 represserit,
657 2105 746 2171 agam
778 2084 892 2169 gratias
914 2084 1057 2150 fortunae
1079 2084 1333 2170 constantiaeque
1356 2105 1458 2160 meae,
1481 2107 1562 2172 quae
1583 2086 1622 2152 ad

300 2179 380 2246 hane
402 2179 631 2265 experientiam
653 2177 806 2244 excitavit
865 2182 895 2242 d.
917 2181 1024 2264 Itaque
1041 2199 1070 2243 a.
1092 2176 1123 2242 d.
1146 2198 1209 2243 xrs.
1235 2178 1364 2243 Kalend.
1387 2183 1454 2244 lun.
1476 2177 1516 2243 ab
1537 2183 1621 2244 lsara

263 2283 410 2338 aocastra
438 2271 540 2347 movi;
574 2280 701 2358 pontem
730 2279 851 2343 tamen,
881 2291 975 2357 quem
997 2271 1029 2336 in
1051 2275 1136 2336 lsara
1163 2269 1314 2346 feceram,
1346 2272 1477 2337 castellis
1499 2271 1622 2337 dnobus

300 2366 339 2431 ad
361 2366 461 2452 capita
482 2363 613 2451 positis,
634 2363 750 2452 reliqui
770 2363 988 2451 praesidiaque
1009 2363 1054 2430 ibi
1075 2363 1165 2430 firma
1185 2365 1293 2451 posui,
1315 2375 1352 2432 ut
1372 2365 1508 2431 venienti
1524 2371 1621 2430 Bruto

300 2459 516 2545 exercituique
544 2456 612 2522 eius
641 2457 708 2522 sine
737 2477 827 2522 mora
863 2457 1011 2523 transitus
1041 2467 1124 2524 esset
1151 2467 1292 2545 paratus.
1344 2463 1428 2544 lpse,
1451 2469 1486 2524 ut
1509 2479 1619 2544 spero,

300 2552 412 2618 diebus
443 2560 531 2626 octo,
567 2549 682 2637 quibus
710 2550 766 2616 has
798 2551 917 2617 litteras
949 2550 1081 2628 dabam,
1117 2573 1188 2618 enm
1216 2551 1327 2638 Lepidi
1354 2551 1455 2637 copiis
1475 2571 1526 2616 me
1547 2571 1622 2618 eon-

299 2645 436 2730 iungam.

261 2822 289 2861 u
385 2809 388 2816 ⁴
755 2789 839 2853 XIX.
881 2785 932 2869 (A.
957 2787 1044 2851 [Μ’.
1065 2785 1155 2866 711.)

792 2919 934 2984 CICERO
956 2918 1124 2983 PLANCO.

384 3045 412 3107 1.
435 3042 633 3125 Quamquam
664 3039 837 3126 gratiarum
869 3038 1021 3104 actionem
1055 3046 1125 3102 ate
1147 3057 1210 3104 nou
1232 3036 1462 3113 desiderabam,
1494 3057 1565 3104 eum
1586 3047 1616 3104 te

297 3134 420 3222 reipsa
447 3145 540 3221 atque
569 3133 673 3200 animo
701 3133 815 3199 scirem
845 3153 914 3198 esse
936 3131 1164 3218 gratissimum,
1202 3141 1305 3197 umen
1328 3168 1368 3180 -
1389 3130 1550 3197 latendum
1571 3140 1618 3197 est

297 3229 380 3295 enim
404 3262 440 3274 -
465 3227 523 3293 luit
544 3249 582 3292 ea
603 3227 679 3292 mibi
699 3225 902 3314 periucunda.
945 3226 996 3291 Sic
1018 3224 1102 3290 enim
1123 3224 1203 3300 vidi,
1227 3227 1316 3312 quasi
1338 3247 1395 3301 ea,
1417 3245 1497 3312 quae
1519 3224 1617 3290 oeulis

261 3331 484 3396 secernuntur,
517 3342 568 3386 me
590 3341 608 3385 a
629 3329 660 3386 te
681 3319 790 3386 amari.
846 3320 953 3394 Dices,
976 3318 1052 3406 quid
1074 3325 1187 3384 antea?
1224 3324 1355 3406 Semper
1375 3318 1538 3406 equidem;
1561 3316 1616 3382 scd

297 3435 455 3502 nunquam
476 3415 636 3480 illustrius.
689 3415 825 3479 Litterae
853 3422 924 3478 tuae
956 3411 1143 3478 mirabiliter
1162 3424 1269 3498 gratae
1293 3424 1366 3479 sunt
1386 3411 1523 3484 senatui,
1546 3431 1616 3476 cum

296 3507 395 3573 rebus
416 3507 507 3593 ipsis,
529 3519 610 3596 quae
632 3515 723 3572 erent
742 3506 944 3592 gravissimae
966 3515 997 3569 et
1018 3505 1193 3580 maximae,
1227 3506 1388 3573 lortissimi
1410 3507 1503 3571 animi
1533 3527 1618 3570 sum·

296 3602 402 3688 mique
417 3601 554 3675 consilii,
577 3609 643 3667 tum
658 3600 753 3666 etiam
766 3599 918 3684 gravitate
934 3603 1157 3664 sententiarum
1172 3608 1265 3688 atque
1279 3599 1459 3666 verborum.
1492 3604 1522 3665 2.
1545 3599 1616 3672 Sed,

296 3695 339 3760 mi
360 3695 485 3767 Plance,
507 3693 667 3770 incumbe,
699 3704 735 3760 ut
755 3692 829 3759 belli
851 3702 990 3757 extreme
1020 3691 1182 3778 perficias;
1199 3689 1250 3782 (in
1282 3694 1342 3760 boc
1364 3695 1424 3780 epit
1445 3703 1564 3760 summa
1586 3701 1617 3758 et

260 3792 395 3874 sagratio
418 3799 448 3854 et
470 3781 587 3874 gloria.)
635 3789 734 3875 Cupio
757 3787 862 3852 omnia
883 3786 931 3851 rei
953 3784 1096 3873 publicae
1118 3793 1227 3865 cansa;
1258 3786 1330 3862 scd,
1352 3788 1561 3860 mehercules,
1584 3787 1615 3852 in

296 3902 333 3946 ea
355 3881 567 3947 conservanda
589 3881 651 3946 iam
674 3880 860 3965 defetigatus
881 3899 944 3944 non
965 3879 1064 3945 multo
1085 3879 1155 3965 plus
1176 3880 1296 3966 patriae
1317 3881 1408 3946 faveo
1430 3903 1522 3968 quam
1544 3891 1616 3945 tuae

295 3975 429 4061 gloriam
465 3975 554 4040 euius
583 3975 750 4040 maximam
783 3973 959 4038 laenitatem
981 3971 1038 4037 tibi
1060 3971 1104 4037 dii
1126 3973 1336 4049 immortales,
1372 3983 1407 4040 ut
1428 3994 1539 4059 spero,
1563 3973 1617 4040 de-

295 4068 386 4146 dere;
409 4090 503 4154 φιιιιι
526 4069 748 4155 complectere,
778 4066 921 4132 obsecro.
981 4065 1043 4144 Qui
1065 4065 1148 4131 enim
1170 4067 1338 4133 Antonium
1359 4067 1565 4154 oppresserit,
1588 4065 1615 4132 is

294 4160 493 4228 bochellum
515 4163 710 4227 teterrimum
732 4159 1094 4248 periculosissimumque
1117 4160 1300 4226 coniecerit.

365 4379 391 4430 5.
410 4386 496 4441 posset
522 4378 559 4429 M.
588 4399 622 4414 -
656 4377 684 4429 d.
710 4392 762 4443 quo
784 4376 822 4428 Μ.
853 4403 882 4414 -
923 4375 950 4426 8.
969 4390 1137 4440 qumquem
1155 4377 1193 4426 ld.
1214 4401 1245 4413 -
1281 4378 1391 4428 Mdsdot
1409 4377 1452 4428 M:
1481 4375 1615 4426 tudcctll

295 4462 358 4500 cum
377 4451 470 4498 Ambr.
492 4449 535 4499 15.
567 4471 599 4484 -
635 4449 678 4498 tt.
707 4455 732 4499 st
755 4449 792 4497 stc
815 4445 947 4510 permisce
972 4446 1014 4497 M:
1042 4447 1215 4509 reperculsus
1239 4447 1270 4498 Ε.
1298 4471 1326 4482 -
1365 4447 1407 4498 13.
1435 4447 1548 4496 uoluam
1566 4447 1611 4496 ide

294 4519 387 4569 atcerte
405 4525 514 4570 auctore
534 4517 654 4570 Potesne
672 4518 703 4567 ll.
724 4541 754 4554 -
775 4517 818 4568 st.
836 4519 861 4567 n·
877 4529 930 4566 coo
949 4515 1004 4566 loeo
1021 4530 1061 4566 ms
1078 4523 1188 4567 terrerem
1206 4523 1316 4567 auctore
1328 4517 1449 4569 Munatio
1462 4517 1612 4574 Sebtttsius,

294 4591 347 4638 nisi
363 4603 416 4636 unc
434 4589 488 4638 ioco
507 4597 664 4639 meteremus
681 4587 807 4637 Rutilius.
845 4586 885 4637 Cl.
906 4587 954 4650 Ep.
973 4587 1017 4636 ⁸2³.
1033 4583 1062 4648 ἕ.
1082 4587 1189 4637 1.-18.
1209 4602 1274 4652 quos
1291 4603 1331 4638 mc
1348 4590 1383 4637 od
1401 4589 1427 4637 tt.
1447 4600 1469 4637 s.
1489 4589 1613 4636 ceeitocs't

294 4659 442 4708 Maesulios.
472 4659 564 4708 Malim
589 4672 655 4723 quus
679 4658 716 4706 cd
738 4658 764 4707 tt.
792 4671 814 4707 c.
840 4671 880 4706 ms
903 4658 1037 4707 micuit.
1057 4657 1108 4708 On.
1137 4681 1168 4692 -
1205 4658 1247 4708 31.
1266 4665 1326 4708 suut
1344 4659 1388 4710 M:
1407 4659 1509 4721 [uomet
1531 4655 1561 4706 ll.
1582 4677 1610 4690 -

293 4729 337 4778 ³2.
358 4731 469 4778 ntoetm
487 4727 524 4778 nt.
546 4750 576 4764 -
612 4726 656 4778 36.
675 4727 831 4792 defetigatus
847 4726 892 4777 Mc
911 4727 1072 4792 defetigatus
1089 4727 1121 4777 ll.
1143 4751 1172 4764 -
1210 4727 1254 4778 37.
1274 4729 1339 4791 Leg.
1357 4728 1493 4778 dederunt.
1512 4725 1564 4778 On.
