3680 5944
722 419 798 484 LlB.
826 421 890 484 Vll.
935 421 992 482 ΕΡ.
1016 421 1046 482 d.
1473 423 1534 490 515

385 581 538 644 Mercator
558 580 613 642 boe
633 579 776 651 addebat,
798 587 918 661 coptam
938 599 952 640 e
974 578 1079 642 Sunio.

218 691 339 772 Quodsi
367 691 486 776 δήμους
508 689 622 776 oppida
651 691 795 756 volumus
823 711 907 764 esse,
941 698 1003 754 tam
1025 696 1072 752 est
1099 685 1249 774 oppidum
1279 693 1409 764 Sunium
1441 717 1534 785 quam

212 789 375 875 Piraeeus.
429 783 508 858 Sed,
543 785 691 871 quoniam
715 784 941 852 Grammaticus
963 805 1015 857 es,
1044 782 1071 846 si
1094 781 1153 847 boc
1173 783 1250 848 mibi
1272 787 1394 872 ζήτημα
1415 791 1536 876 persol-

218 883 318 956 veris,
349 899 459 964 magna
490 900 540 944 me
562 878 702 944 molestia
729 877 884 944 liberaris.
935 882 983 946 11.
1004 876 1060 940 llle
1081 875 1157 940 mibi
1178 874 1296 944 litteras
1317 879 1446 948 blandas
1467 889 1538 950 mit·

219 977 263 1040 tit
307 974 393 1040 Facit
421 973 504 1038 idem
533 993 592 1060 pro
620 992 659 1037 eo
686 971 810 1042 Balbus.
858 971 934 1038 Mihi
955 980 1075 1036 certum
1098 981 1145 1036 est
1167 969 1206 1036 ab
1228 971 1445 1040 honestissima
1467 997 1560 1044 sen-e

219 1069 312 1135 tentia
336 1068 467 1153 digitum
490 1087 655 1153 nusquam.
708 1066 769 1131 Sed
797 1065 857 1130 seis
890 1065 933 1129 illi
962 1063 1120 1150 reliquum
1143 1074 1291 1150 quantum
1314 1068 1363 1134 sit.
1406 1074 1538 1136 Putasne

219 1165 314 1249 igitur
342 1161 516 1228 verendum
543 1183 628 1236 esse,
665 1183 705 1227 ne
734 1171 788 1227 aut
809 1157 936 1225 obiiciat
957 1156 991 1222 id
1012 1155 1103 1222 nobis
1132 1157 1262 1244 aliquis,
1298 1160 1326 1226 si
1346 1161 1538 1248 languidius,

219 1267 272 1323 aut
292 1265 431 1342 repetat,
453 1257 479 1321 si
501 1254 635 1322 lortius?
667 1256 748 1334 Quid
772 1254 811 1320 ad
832 1253 909 1318 baec
929 1252 1074 1338 reperis?
1105 1251 1283 1329 solvamus,
1306 1253 1421 1341 inquis.
1463 1263 1539 1342 Age,

220 1373 237 1416 a
260 1351 365 1417 Caelio
387 1347 611 1415 mutuabimur.
666 1353 733 1414 lloc
755 1359 789 1415 tu
811 1358 912 1412 tamen
935 1345 1116 1411 consideres
1137 1346 1242 1412 velim.
1285 1351 1363 1415 Puto
1385 1351 1484 1426 enim,
1506 1353 1539 1417 in

220 1453 329 1509 senatu
355 1443 381 1508 si
409 1441 535 1530 quando
564 1443 723 1529 praeclare
750 1464 809 1529 pro
836 1463 872 1506 re
901 1439 1026 1526 publica
1054 1438 1186 1513 dixero,
1223 1443 1412 1508 Tartessium
1444 1444 1538 1511 istum
1550 1471 1576 1508 m

220 1547 308 1604 tuum
329 1535 407 1602 mihi
429 1537 574 1612 exeunti,
604 1535 707 1611 „lube
731 1535 823 1601 sodes
845 1556 990 1601 nummos
1012 1533 1152 1598 curari.''
1198 1539 1246 1601 12.
1270 1535 1353 1614 Quid
1374 1545 1539 1624 superest?

220 1631 332 1697 Etiam.
382 1635 485 1696 Gener
513 1639 560 1695 est
582 1629 685 1695 suavis
707 1629 798 1702 milri,
821 1629 959 1702 Tulliae,
989 1628 1171 1705 Terentiae3
1203 1631 1401 1716 quantumuis
1422 1632 1472 1697 vel
1493 1632 1541 1696 in·

221 1723 303 1809 genii
317 1722 369 1788 vel
383 1722 593 1789 humanitatis.
620 1722 736 1807 [Satis]
779 1724 927 1810 Reliqua,
950 1743 1029 1809 quae
1044 1722 1145 1798 nosti,
1168 1721 1306 1788 serenda.
1350 1726 1416 1792 Scis
1439 1729 1539 1802 enim,

222 1839 300 1904 quos
330 1816 581 1903 iaperierlmus;
614 1817 667 1904 qui
696 1839 806 1884 omnes
834 1825 960 1900 praeter
988 1839 1076 1890 cum,
1114 1815 1153 1880 de
1181 1838 1244 1903 quo
1272 1839 1332 1904 per
1352 1829 1381 1884 te
1403 1822 1540 1906 egimus,

222 1933 290 1976 rem
318 1932 368 1976 me
397 1911 501 1975 lacere
531 1922 650 1978 rentur.
706 1912 785 1998 lpsis
817 1915 899 1976 enim
922 1931 1093 1995 expensum
1117 1931 1207 1975 nemo
1229 1911 1339 1978 ferret.
1382 1915 1442 1979 Sed
1464 1914 1578 1980 haecne

223 2026 338 2070 coram.
390 2011 467 2071 Nam
500 2006 590 2071 multi
617 2006 771 2070 sermonis
801 2015 883 2071 sunt.
927 2003 1050 2070 Tironis
1080 2002 1241 2070 reficiendi
1269 2025 1339 2092 spes
1371 2017 1418 2072 est
1438 2008 1470 2074 in
1491 2015 1540 2076 Μ’.
1633 2013 1635 2018 ’

225 2099 336 2179 Curio;
369 2101 419 2165 cui
440 2119 500 2186 ego
522 2101 632 2187 scripsi
654 2099 711 2164 tibi
733 2120 805 2165 eum
832 2097 1042 2184 gratissimum
1066 2097 1229 2164 lucturum.
1271 2104 1340 2164 Dat.
1364 2123 1392 2166 v.
1415 2101 1459 2167 ld.
1482 2109 1542 2168 lle-

224 2191 341 2259 cembr.
363 2214 380 2258 a
402 2194 513 2260 Pontio
536 2215 575 2259 ex
597 2192 786 2259 Trebulano.

704 2337 756 2398 ru
799 2335 857 2414 (n.
883 2336 915 2398 u.
938 2336 970 2398 c.
991 2332 1083 2410 roa.)

702 2457 845 2522 cacano
869 2455 1013 2520 arrico
1040 2457 1072 2520 s,
1551 2489 1578 2533 „

317 2583 344 2644 1.
367 2576 550 2666 Dionysium
581 2576 764 2664 flagrantem
795 2575 953 2643 desiderio
981 2576 1026 2642 tui
1053 2575 1123 2642 misi
1145 2577 1185 2642 ad
1206 2587 1255 2654 te,
1287 2602 1345 2648 nec
1366 2567 1543 2650 mehercule

224 2695 326 2761 aequo
348 2672 466 2749 animo;
490 2670 544 2736 sed
569 2671 628 2737 luit
647 2670 897 2738 concedendum:
921 2691 1013 2756 qoem
1029 2670 1154 2757 quidem
1173 2680 1305 2760 cognovi
1320 2697 1390 2742 cum
1406 2677 1541 2752 doctum,

225 2766 309 2856 quod
338 2766 415 2830 mibi
447 2767 508 2830 iam
538 2775 609 2831 ante
642 2777 709 2832 erat
737 2776 860 2838 notum,
891 2773 956 2829 tum
986 2784 1059 2828 sane
1088 2765 1215 2849 plenum
1237 2767 1346 2844 officii,
1368 2771 1541 2838 studiosum

225 2867 319 2926 etiam
348 2881 436 2924 meae
467 2858 589 2935 landis,
618 2859 702 2945 frugi
731 2859 890 2924 bominem
917 2877 969 2928 ac,
1003 2878 1042 2921 ne
1067 2855 1247 2924 libertinum
1269 2861 1396 2926 laudare
1417 2863 1541 2938 videar,

226 2957 315 3042 plane
345 2958 447 3018 virum
478 2951 606 3018 bonum.
650 2956 682 3018 2.
708 2951 892 3037 Pompeium
922 2948 986 3014 vidi
1014 2969 1083 3016 1111.
1114 2951 1156 3016 ld.
1188 2951 1391 3032 Decembres;
1428 2956 1578 3031 luimusm

226 3071 287 3114 nna
321 3048 414 3113 boras
441 3045 518 3112 duas
549 3047 692 3113 sortasse.
741 3051 852 3130 Magna
880 3042 994 3107 laetitia
1020 3043 1097 3107 mibi
1119 3044 1204 3109 visus
1225 3057 1272 3110 est
1295 3047 1374 3112 allici
1396 3069 1466 3115 meo
1488 3050 1543 3115 ad-

226 3151 339 3208 ventu:
363 3141 402 3207 de
424 3140 584 3228 triumpho
606 3139 741 3214 hortari,
764 3137 923 3223 suscipere
944 3145 1048 3221 partes
1070 3158 1162 3216 suas;
1191 3159 1336 3216 monere,
1357 3163 1397 3206 ne
1419 3153 1489 3208 ante
1510 3144 1542 3210 in

227 3244 368 3301 senatum
397 3234 596 3310 accederem,
628 3255 720 3322 quam
748 3255 816 3298 rem
846 3229 1067 3310 confecissem,
1090 3253 1129 3297 ne
1152 3231 1288 3300 dicendis
1310 3235 1468 3302 sententiis
1489 3236 1544 3303 ali·

227 3351 320 3418 quem
344 3327 503 3396 tribunum
526 3330 704 3395 alienarem.
749 3325 832 3405 Quid
853 3325 1000 3411 quaeris?
1032 3329 1067 3390 ln
1089 3325 1150 3391 boc
1173 3327 1276 3393 officio
1297 3331 1450 3394 sermonis
1468 3331 1544 3396 nibil

228 3423 329 3510 potuit
363 3444 431 3488 esse
463 3423 630 3510 prolixius.
679 3427 726 3488 Ite
755 3417 943 3506 republica
972 3428 1076 3484 autem
1105 3420 1147 3485 ita
1176 3441 1297 3486 mecum
1327 3421 1449 3487 locutus
1480 3433 1580 3499 estne

228 3517 317 3600 quasi
339 3537 403 3583 non
424 3515 554 3583 dubium
577 3516 695 3582 bellum
717 3512 917 3582 haberemus.
960 3512 1041 3577 Nihil
1063 3513 1100 3579 ad
1123 3535 1209 3600 spem
1231 3515 1432 3594 concordiae;
1454 3518 1545 3603 plane

228 3611 315 3676 illum
338 3631 356 3674 a
376 3631 409 3676 se
436 3611 601 3676 alienatum
625 3633 695 3676 eum
718 3621 788 3674 ante
811 3607 1007 3692 intelligeret,
1030 3617 1095 3672 tum
1114 3628 1190 3673 vero
1210 3609 1354 3692 proxime
1375 3609 1544 3679 iudicasse:

229 3706 351 3770 venisse
379 3705 516 3771 Hirtium
546 3727 562 3770 a
593 3710 739 3779 Caesare,
775 3701 827 3790 qui
857 3710 940 3766 esset
968 3700 1013 3766 illi
1041 3701 1315 3776 familiarissimus,
1353 3703 1392 3768 ad
1419 3726 1452 3771 se
1482 3728 1545 3773 non

229 3798 412 3878 accessisse;
444 3808 489 3871 et,
512 3820 583 3864 cum
606 3799 658 3864 ille
680 3820 707 3863 a.
731 3796 760 3866 d.
782 3816 858 3862 viu.
880 3794 952 3860 ldus
976 3794 1139 3864 Decembr.
1161 3796 1285 3881 vesperi
1306 3799 1455 3875 venisset,
1477 3800 1547 3866 Bal-

229 3890 289 3956 bus
311 3891 350 3957 de
378 3901 442 3958 tola
464 3913 499 3956 re
529 3891 741 3958 constituisset
762 3912 790 3957 a.
812 3890 842 3956 d.
864 3909 923 3955 vu·
947 3889 986 3954 ad
1009 3891 1186 3976 Scipionem
1209 3899 1278 3955 ante
1300 3890 1400 3956 lucem
1421 3892 1583 3968 veniamus

231 3985 327 4050 multa
350 3985 389 4051 de
410 3995 502 4052 nocte
524 4007 596 4051 enm
618 3985 795 4074 proiectum
816 4003 885 4049 esse
906 3982 946 4048 ad
968 3985 1141 4048 Caesarem.
1184 3984 1252 4048 Hoc
1272 3982 1316 4049 illi
1339 3991 1545 4072 τεκμηριῶδες

303 4209 328 4254 1.
349 4205 410 4254 boec
429 4205 450 4254 l.
483 4231 516 4240 -
552 4207 579 4256 2.
599 4204 723 4272 δήμους)
743 4205 815 4256 λαον
840 4205 871 4254 li.
903 4227 932 4240 -
969 4201 995 4250 3.
1016 4211 1113 4252 retemc
1132 4201 1178 4264 bl,
1207 4203 1331 4253 tbemol.
1359 4229 1390 4240 -
1426 4206 1453 4256 7.
1473 4207 1545 4258 Fort-

231 4277 323 4336 notu,
343 4278 445 4340 aliquid
462 4279 494 4325 ai.
515 4277 566 4328 On.
588 4299 616 4310 -
636 4277 662 4328 8.
683 4284 730 4326 nut
748 4277 792 4326 tlte
810 4280 911 4338 repetet
930 4279 1038 4322 auctore
1058 4273 1181 4322 llrneetio
1200 4272 1366 4324 Schnetaius.
1387 4298 1418 4312 -
1443 4275 1471 4326 3.
1490 4289 1548 4341 rep-

231 4348 331 4408 pereris
350 4347 379 4395 ll·
409 4369 440 4380 -
477 4349 503 4398 9.
522 4361 612 4397 nom.
632 4359 673 4409 pr.
692 4347 729 4396 u.
762 4369 785 4380 -
827 4343 1100 4406 mom.pr.t1.-
1136 4343 1180 4393 11.
1199 4345 1304 4392 amnti
1319 4343 1381 4395 urbe
1397 4345 1455 4396 iube
1473 4347 1493 4394 1.
1516 4371 1545 4382 -

232 4417 322 4465 curari
341 4416 476 4466 Muretus:
508 4416 715 4467 eurorallfllll.
752 4413 932 4464 Clr.adlltt·
953 4414 1001 4472 1⁰,
1021 4413 1063 4462 11.
1091 4433 1123 4448 -
1159 4413 1301 4475 Qtttldfll.
1326 4436 1358 4448 -
1394 4415 1437 4464 12.
1457 4429 1547 4479 persero

233 4485 279 4536 lli.
302 4511 329 4522 -
352 4487 394 4535 13.
414 4485 495 4549 Satis]
517 4487 712 4536 eliradendom
731 4485 783 4536 boc
800 4498 844 4536 v.»
864 4485 937 4536 Pane·
976 4482 1237 4542 transmeantem
1257 4497 1305 4534 noe
1324 4483 1494 4538 seclusimus.
1515 4511 1547 4523 -

234 4555 277 4605 ld.
297 4558 467 4618 operiertmus
492 4557 538 4608 ltl:
569 4558 747 4619 aperuerimus
774 4555 841 4605 ltili.
886 4555 959 4604 Fert.
983 4565 1047 4616 quoa
1074 4551 1101 4616 (a
1119 4553 1208 4609 noble)
1234 4556 1411 4604 couterinus.
1431 4555 1482 4606 On.
1516 4582 1544 4594 -

234 4625 276 4675 15.
297 4639 352 4675 rem
369 4625 409 4676 Y:
428 4641 501 4677 reum
518 4627 615 4677 blltlll.
637 4651 668 4662 -
705 4626 808 4691 offerret
826 4625 873 4684 ll,
894 4624 969 4689 offert
987 4624 1028 4682 R,
1048 4623 1136 4690 offeret
1155 4622 1177 4673 1.
1215 4619 1380 4686 (correctum
1399 4639 1431 4676 ex
1450 4626 1495 4684 Y.)
1513 4651 1547 4662 ·-

234 4693 278 4746 13.
297 4708 425 4745 sermones
443 4697 475 4746 u.
496 4719 527 4732 -
563 4697 600 4750 Μ.
621 4695 786 4755 Curionalll,
805 4695 843 4748 Μ.
863 4695 1000 4744 Cortonam
1012 4692 1059 4742 ut.
1080 4717 1109 4730 -·
1148 4694 1190 4745 ta.
1208 4695 1326 4758 {uturum
1342 4695 1365 4745 1.
1385 4717 1418 4730 -
1435 4695 1478 4744 22.
1496 4698 1548 4763 suit

233 4778 288 4814 uon
305 4765 444 4815 cedendum
469 4781 509 4830 pr.
538 4766 576 4817 Μ.
611 4789 639 4800 -
677 4765 720 4814 23.
739 4772 847 4825 notum,
876 4771 932 4814 tum
948 4777 1010 4813 anne
1032 4762 1043 4812 l
1062 4768 1089 4814 et
1106 4763 1227 4815 Munatio
1245 4769 1355 4814 auctore
1373 4764 1546 4817 subpatriana

233 4843 326 4886 uotum
342 4843 463 4886 sunctum
482 4850 522 4900 pr.
541 4836 584 4894 Μ,
615 4841 721 4894 notum,
754 4841 809 4884 tum
825 4839 943 4886 sanctiam
961 4833 1006 4884 ue
1028 4838 1055 4882 et
1078 4847 1149 4883 corr.
1168 4833 1206 4884 bl.
1239 4860 1269 4872 -
1305 4834 1349 4884 26.
1367 4836 1478 4898 [ortum
1495 4851 1548 4889 om.

235 4905 267 4954 ll.
301 4931 329 4942 -
367 4907 410 4957 29.
437 4907 485 4956 boc
510 4907 606 4956 iudicio
631 4913 655 4955 et
675 4904 801 4968 esbaal.
834 4929 856 4940 -·
894 4905 938 4954 30.
957 4905 998 4954 lto
1016 4916 1070 4954 om.
1091 4904 1123 4952 u.
1149 4924 1182 4938 -
1216 4903 1437 4956 cacunem
1457 4907 1546 4958 ill.-

235 4973 279 5024 ³3.
309 4972 360 5039 illi]
384 4976 434 5026 eibi
461 4977 493 5027 u.
524 5001 552 5012 —
592 4976 635 5026 31.
667 4989 724 5024 eum
753 4989 809 5026 om.
838 4974 860 5024 1.
888 4997 922 5012 -
957 4973 1128 5026 tamnu.
1147 4973 1178 5022 ll.
1201 4995 1229 5010 ·-
1266 4973 1310 5026 36.
1330 4989 1458 5027 mmom.
1477 4981 1499 5029 t.
1519 5001 1548 5016 -

235 5057 287 5096 esse
305 5059 359 5096 om.
380 5047 412 5097 fl.
435 5069 463 5081 -
501 5043 568 5110 Hoc]
587 5048 630 5098 bec
648 5059 718 5097 corr.
737 5045 775 5096 Μ.
