3666 5874
318 407 395 460 mr

318 551 429 624 italia
442 550 687 646 Bpiaiolarum
707 553 866 624 columen
885 552 958 643 ficii
976 557 1094 626 obedio
1115 558 1151 626 et
1166 557 1350 648 dilipmiia
1365 555 1551 628 masaia
1566 554 1643 626 Pe-

314 657 500 749 trerclcae,
520 664 589 726 ciri
611 663 734 748 optimi
755 663 792 726 et
811 665 938 728 summi
957 680 1021 730 sao
1039 666 1078 728 in
1096 681 1221 752 ponere
1241 668 1384 753 poetae,
1407 661 1469 730 arbi
1487 668 1641 754 mereim,

313 767 356 834 al
377 767 522 854 rmrrat,
544 766 723 849 putasset,
745 783 823 832 mm
843 764 973 832 maltos
994 770 1094 852 ptiar
1118 765 1358 836 Beiiotieeas
1376 763 1516 854 fnestra
1538 787 1642 836 scru-

315 871 414 936 tatus
438 871 540 936 esset.
600 865 776 938 cervamr
798 873 918 936 autem
944 870 1062 961 modo,
1099 889 1198 961 quem
1225 873 1299 958 ipse
1328 871 1410 939 bide
1439 890 1506 938 saca
1532 890 1643 940 marea

313 972 500 1060 dilipenier
524 971 726 1063 descripsit,
758 976 797 1041 in
824 967 987 1042 Medicam
1011 971 1243 1042 Bibliotheca.
1297 973 1476 1044 Mediceae
1509 976 1642 1044 sciiicei

313 1073 545 1146 Bibliothecae
567 1075 742 1146 dicaverat
763 1076 849 1144 idem
870 1077 928 1146 iiic
942 1077 1131 1166 Victorius,
1152 1074 1264 1146 Cosmi
1285 1077 1313 1144 1.
1334 1078 1457 1168 Magni
1471 1077 1642 1148 Btrusco-

312 1199 385 1248 rum
407 1179 511 1248 ouen
541 1182 678 1267 incepta
707 1199 936 1269 prosequens,
965 1185 1103 1269 recepto
1129 1184 1193 1255 iam
1221 1199 1243 1249 a
1269 1181 1454 1250 Benedicta
1484 1181 1641 1270 Accoito,

314 1285 368 1351 cui
390 1283 577 1352 Ferrariam
600 1287 757 1371 miserat,
779 1286 942 1371 exempto.
983 1283 1107 1354 Dilemi
1126 1292 1220 1353 enim
1240 1304 1302 1374 epo
1325 1305 1474 1378 pompam,
1499 1286 1642 1354 Victorii

313 1389 420 1456 verba
440 1391 519 1456 runi
541 1389 613 1456 bib.
634 1388 712 1455 vii.
733 1388 842 1475 Bpiat.
867 1408 945 1480 pag.
973 1384 1082 1476 ica,
1110 1389 1348 1479 veliementer,
1380 1409 1458 1460 cam
1488 1396 1641 1480 primm

314 1495 428 1580 ipsam
452 1497 579 1560 reactus
602 1511 694 1585 cum,
717 1492 843 1560 librum
859 1491 968 1585 burte,
991 1514 1034 1562 ae
1052 1495 1205 1585 pmtidie
1227 1500 1341 1583 amplo
1360 1500 1546 1583 perspecta
1565 1500 1640 1564 ciac

314 1595 470 1664 bormiate
497 1597 681 1689 mnitispne
705 1601 915 1666 testimoniis
941 1596 1149 1685 confirmata
1172 1597 1295 1689 diupo,
1328 1603 1387 1690 pai
1407 1603 1518 1666 ettam
1541 1618 1641 1666 amor

312 1718 368 1768 me
393 1700 554 1792 impulit,
581 1706 623 1770 ai
647 1706 763 1784 ipsam
783 1702 988 1770 collocarem
1013 1707 1052 1769 in
1076 1700 1311 1790 pulcherrima
1336 1722 1379 1770 ae
1402 1707 1640 1790 mpmmrima

313 1806 423 1874 iollas
443 1804 536 1873 orbis
554 1803 784 1874 Bibliotheca.
826 1804 1057 1897 dianamque
1081 1805 1141 1872 ille
1165 1810 1277 1894 mapts
1300 1805 1344 1874 ab
1367 1811 1461 1874 omrai
1482 1807 1639 1894 periculo

312 1927 444 1978 carneas
469 1912 556 1998 erit,
592 1928 696 1999 φιαιιι
719 1913 752 1976 sl
777 1915 816 1977 in
838 1913 982 1998 privata
1009 1911 1108 1978 domo
1137 1911 1386 2002 motodtreiar,
1419 1914 1455 1976 et
1479 1916 1519 1977 in
1543 1910 1639 1978 claro

311 2011 506 2104 illustrique
526 1999 602 2080 'ioco
619 2018 756 2102 positas
772 2019 856 2082 arcte
877 2015 1012 2104 amalos,
1034 2033 1105 2081 non
1125 2013 1237 2082 solam
1256 2032 1367 2106 meos,
1388 2033 1509 2082 cenem
1531 2019 1640 2082 eiiam

309 2116 546 2186 etadiosorum
566 2123 720 2186 omnim
737 2116 902 2184 marcebit.
945 2118 1079 2184 interiit
1100 2121 1359 2186 vetustissimum
1382 2120 1572 2204 exemplar,
1593 2137 1637 2185 ex

312 2238 378 2306 quo
400 2223 586 2307 exemplum
607 2241 700 2288 suum
724 2223 938 2308 expresserat
962 2221 1163 2306 Petrarcha‚
1183 2225 1221 2288 ui
1243 2225 1317 2309 ipse
1339 2222 1510 2290 Victorius
1524 2225 1639 2310 queri-

312 2327 367 2390 iur
390 2325 466 2392 loco
488 2343 566 2390 mox
588 2327 657 2392 cit:
691 2323 848 2415 Utinam,
879 2327 1049 2412 inquiens,
1080 2332 1297 2396 ireoenlretnr
1318 2327 1517 2417 ememplar,
1545 2328 1638 2396 aride

311 2425 378 2496 aas
393 2428 441 2494 ad
455 2425 615 2496 Atticam
636 2429 820 2513 descripsit
834 2425 1050 2519 Peirarclia,
1072 2435 1114 2498 at
1133 2434 1255 2497 enatat
1275 2430 1379 2522 iilud,
1402 2450 1466 2521 qno
1480 2451 1564 2500 usas
1585 2434 1638 2499 est

311 2535 350 2600 in
369 2531 604 2600 describendis
625 2532 748 2600 alteris
769 2532 857 2622 illis,
880 2553 968 2624 meae
982 2531 1196 2602 Familiares
1212 2534 1457 2623 appellantur,
1480 2536 1523 2601 de
1538 2537 1636 2602 mains

312 2635 394 2703 libri
414 2640 646 2727 arilipailate,
669 2640 763 2703 omni
779 2641 1003 2706 reiteratione
1018 2639 1144 2728 dipna,
1165 2636 1349 2727 mapnifice
1364 2638 1478 2706 mulia
1492 2657 1636 2730 aereque

312 2739 383 2806 aiio
403 2739 477 2808 ioco
499 2737 730 2826 praedicari!
752 2744 817 2808 cet.

396 2844 445 2912 lo.
467 2843 636 2932 Georgius
657 2843 823 2913 Graevius
842 2846 876 2912 in
897 2844 1011 2913 Praei.
1032 2845 1075 2912 ad
1096 2846 1255 2914 lectorem
1277 2846 1502 2934 Epistularum
1526 2846 1637 2913 Libris

311 2946 356 3016 ad
377 2947 529 3016 Atticum
551 2967 624 3016 cum
646 2951 738 3016 notis
759 2951 883 3017 varior.
904 2951 1105 3038 praemiosa,
1126 2949 1332 3018 Amsteiued.
1353 2952 1538 3038 sumptibus
1553 2950 1639 3018 Bia-

311 3055 440 3120 viorun
469 3055 504 3120 ei
526 3053 664 3121 Henrioi
686 3055 871 3122 Weistenii
898 3053 1195 3122 MBCLXXXIV.
1218 3054 1252 3122 8.
1275 3054 1312 3122 r.
1339 3055 1386 3122 IL
1414 3055 1498 3124 baec
1520 3055 1637 3124 babet:

310 3155 432 3246 Ipsum
459 3153 638 3226 Ciceronis
664 3163 868 3226 contectam
894 3164 1050 3227 mammo
1072 3163 1247 3245 composui
1276 3160 1326 3225 ad
1350 3156 1454 3226 Petri
1481 3157 1636 3251 Victorii,

311 3265 368 3330 oui
386 3255 508 3330 Cicero
525 3281 613 3351 prae
637 3268 763 3331 ceteris
781 3262 934 3330 salectam
956 3263 1073 3353 debet,
1095 3264 1283 3332 editiorcem
1297 3270 1527 3355 postremam,
1549 3281 1638 3354 miae

309 3363 516 3436 Florentiae
536 3368 668 3453 prodiit
689 3366 785 3453 apud
806 3363 952 3435 lunicius
973 3364 1173 3434 Murrxxr.
1197 3365 1231 3433 8.

394 3464 512 3536 Codex
534 3468 732 3538 chartaceus
754 3469 823 3537 Mc.
845 3471 879 3535 in
902 3468 937 3536 4.
958 3467 1056 3538 Saec.
1076 3468 1171 3537 le.
1191 3489 1265 3538 cum
1286 3472 1470 3538 aumuioriir
1490 3473 1524 3540 in
1548 3490 1638 3538 mar-

310 3572 408 3662 gine,
441 3574 566 3638 noiuiio
599 3577 633 3639 et
668 3575 933 3642 correctionibus
970 3573 1181 3660 qinibuadam,
1216 3595 1337 3664 magno
1367 3576 1497 3663 quidem
1526 3579 1637 3663 pretio

310 3675 552 3764 aestimandus,
581 3680 615 3742 in
644 3697 707 3764 quo
737 3679 829 3744 nulia
851 3681 961 3745 tamen
988 3679 1306 3765 Lagomarainianae
1336 3681 1525 3748 collationis
1557 3685 1638 3748 nota

311 3784 491 3862 comparet.
534 3781 676 3848 Constat
699 3782 788 3848 foliis
810 3783 946 3866 scriptis
968 3777 1059 3848 225.
1080 3815 1122 3826 -

395 3883 449 3952 Bx
472 3883 587 3952 eodem
609 3885 775 3952 Bandinio
797 3885 882 3952 hoec
905 3905 1035 3971 quoque
1057 3885 1279 3954 exscribenda
1300 3885 1523 3956 videbantur:

604 3988 654 4056 Μ.
677 3989 715 4056 Τ.
738 3986 1000 4058 BPiSTOLAB
1024 3990 1088 4058 AB
1112 3990 1332 4060 Arricvnr.

555 4091 658 4162 Adde
691 4099 817 4161 eitam:
853 4091 912 4160 Ad
944 4093 1042 4161 allos.
1098 4088 1204 4177 (eoo.
1236 4087 1392 4179 XXIV.)

396 4196 465 4266 «Μ.
486 4196 584 4265 'l'uliii
607 4199 779 4266 Ciceronis
801 4198 1027 4284 Epistoiarum
1048 4197 1091 4264 ad
1113 4199 1163 4266 M.
1184 4199 1323 4266 Brutum
1346 4201 1447 4268 biber
1468 4219 1570 4288 unus,
1593 4199 1636 4270 ad

309 4299 351 4385 Q.
371 4301 523 4370 Fratrem
535 4303 636 4382 ‚iibri
659 4303 740 4384 111,
762 4302 806 4368 ad
822 4300 1043 4371 Octavianum
1058 4303 1354 4389 Epistoio‘unioo,
1377 4310 1412 4372 et
1426 4304 1469 4372 ad
1485 4300 1635 4372 Atticum

308 4407 401 4476 Libri
423 4404 518 4473 XVI.
546 4407 662 4474 Codex
689 4405 812 4497 Poggii
842 4426 939 4474 manu
970 4415 1144 4496 exaratus,
1180 4411 1214 4474 in
1245 4411 1339 4476 cuius
1368 4411 1462 4478 calce
1490 4412 1634 4496 legitur:

308 4510 361 4579 M.
387 4509 496 4578 carin
519 4507 698 4578 Ciceronis
719 4508 965 4599 Bpislolaram
987 4512 1035 4578 aci
1053 4509 1214 4580 Atticum
1234 4511 1342 4580 Liber
1355 4511 1462 4580 XVI.
1479 4514 1634 4602 emplicit.

308 4612 417 4686 ister
443 4611 568 4704 Poppti
593 4611 791 4682 secretarii
815 4615 1015 4702 apostolici,
1047 4620 1113 4681 ium
1135 4615 1283 4682 additum
1308 4618 1374 4684 aiia
1400 4636 1517 4686 manu:
1554 4618 1637 4684 olim

308 4715 400 4805 ficit,
429 4719 493 4786 sed
516 4738 609 4786 arurae
634 4716 776 4786 Domini
801 4715 986 4786 Benedicti
1012 4717 1209 4788 liertinozi
1231 4727 1357 4810 epultis
1377 4727 1499 4792 aaran
1523 4728 1577 4791 est
1597 4726 1636 4790 in

310 4840 488 4910 praesens.
533 4821 679 4890 'landem
701 4821 904 4890 adscribitur
925 4822 1114 4892 distichon:

479 4925 581 5012 Quod
600 4945 655 4994 me
676 4931 860 5016 sprevisti,
882 4933 1018 4995 teaeeros
1040 4928 1255 5014 melpacimus
1277 4949 1409 5023 asertor,

567 5027 682 5120 Spero
704 5049 888 5120 capnosces
907 5037 1060 5120 tempore
1082 5017 1312 5102 Dominicam.
