<?xml version="1.0" encoding="UTF-8"?>
<!DOCTYPE html PUBLIC "-//W3C//DTD XHTML 1.0 Transitional//EN"
    "http://www.w3.org/TR/xhtml1/DTD/xhtml1-transitional.dtd">
<html xmlns="http://www.w3.org/1999/xhtml" xml:lang="en" lang="en">
 <head>
  <title>
</title>
<meta http-equiv="Content-Type" content="text/html;charset=utf-8" />
  <meta name='ocr-system' content='tesseract 3.04.00' />
  <meta name='ocr-capabilities' content='ocr_page ocr_carea ocr_par ocr_line ocrx_word'/>
</head>
<body>
  <div class='ocr_page' id='page_1' title='image "./mtulliiciceroni06baitgoog_0133.png"; bbox 0 0 3656 5868; ppageno 0'>
   <div class='ocr_carea' id='block_1_1' title="bbox 95 371 1615 654">
    <p class='ocr_par' dir='ltr' id='par_1_1' title="bbox 95 371 1615 654">
     <span class='ocr_line' id='line_1_1' title="bbox 182 371 1235 480; baseline 0.012 -20"><span class='ocrx_word' id='word_1_1' title='bbox 182 447 188 460; x_wconf 90' lang='lat'>.</span> <span class='ocrx_word' id='word_1_2' title='bbox 294 407 334 470; x_wconf 86' lang='lat' dir='ltr'>es</span> <span class='ocrx_word' id='word_1_3' title='bbox 725 405 998 480; x_wconf 80' lang='lat' dir='ltr'>nnrsnomnou</span> <span class='ocrx_word' id='word_1_4' title='bbox 1019 409 1071 474; x_wconf 80' lang='lat' dir='ltr'>no</span> <span class='ocrx_word' id='word_1_5' title='bbox 1094 409 1183 473; x_wconf 83' lang='lat' dir='ltr'>nm.</span> <span class='ocrx_word' id='word_1_6' title='bbox 1225 371 1235 392; x_wconf 89' lang='lat'>&#39;</span> 
     </span>
     <span class='ocr_line' id='line_1_2' title="bbox 95 549 1615 654; baseline 0.003 -25"><span class='ocrx_word' id='word_1_7' title='bbox 95 579 107 602; x_wconf 66' lang='lat'>‘</span> <span class='ocrx_word' id='word_1_8' title='bbox 171 565 201 638; x_wconf 17' lang='lat' dir='ltr'>i*</span> <span class='ocrx_word' id='word_1_9' title='bbox 293 573 385 628; x_wconf 82' lang='lat' dir='ltr'>tunae</span> <span class='ocrx_word' id='word_1_10' title='bbox 405 584 474 628; x_wconf 91' lang='lat' dir='ltr'>esse</span> <span class='ocrx_word' id='word_1_11' title='bbox 501 549 683 652; x_wconf 75' lang='lat' dir='ltr'>debebant)</span> <span class='ocrx_word' id='word_1_12' title='bbox 708 585 780 630; x_wconf 89' lang='lat' dir='ltr'>cum</span> <span class='ocrx_word' id='word_1_13' title='bbox 805 577 937 654; x_wconf 82' lang='lat' dir='ltr'>propter</span> <span class='ocrx_word' id='word_1_14' title='bbox 961 586 1073 632; x_wconf 87' lang='lat' dir='ltr'>eorum</span> <span class='ocrx_word' id='word_1_15' title='bbox 1099 565 1201 630; x_wconf 89' lang='lat' dir='ltr'>scelus</span> <span class='ocrx_word' id='word_1_16' title='bbox 1221 562 1298 630; x_wconf 81' lang='lat' dir='ltr'>nihil</span> <span class='ocrx_word' id='word_1_17' title='bbox 1321 563 1398 630; x_wconf 85' lang='lat' dir='ltr'>mibi</span> <span class='ocrx_word' id='word_1_18' title='bbox 1421 563 1502 632; x_wconf 89' lang='lat' dir='ltr'>intra</span> <span class='ocrx_word' id='word_1_19' title='bbox 1524 587 1615 634; x_wconf 90' lang='lat' dir='ltr'>meos</span> 
     </span>
    </p>
   </div>
   <div class='ocr_carea' id='block_1_2' title="bbox 155 658 1614 1691">
    <p class='ocr_par' dir='ltr' id='par_1_2' title="bbox 155 658 1614 1691">
     <span class='ocr_line' id='line_1_3' title="bbox 292 658 1612 744; baseline 0.003 -20"><span class='ocrx_word' id='word_1_20' title='bbox 292 659 426 744; x_wconf 85' lang='lat' dir='ltr'>parietes</span> <span class='ocrx_word' id='word_1_21' title='bbox 441 668 551 730; x_wconf 89' lang='lat' dir='ltr'>tutum,</span> <span class='ocrx_word' id='word_1_22' title='bbox 575 658 652 724; x_wconf 87' lang='lat' dir='ltr'>nihil</span> <span class='ocrx_word' id='word_1_23' title='bbox 666 659 787 726; x_wconf 81' lang='lat' dir='ltr'>insidiis</span> <span class='ocrx_word' id='word_1_24' title='bbox 801 682 935 727; x_wconf 85' lang='lat' dir='ltr'>vacuum</span> <span class='ocrx_word' id='word_1_25' title='bbox 949 660 1100 734; x_wconf 85' lang='lat' dir='ltr'>viderem,</span> <span class='ocrx_word' id='word_1_26' title='bbox 1119 681 1272 726; x_wconf 87' lang='lat' dir='ltr'>novarum</span> <span class='ocrx_word' id='word_1_27' title='bbox 1284 681 1334 724; x_wconf 89' lang='lat' dir='ltr'>me</span> <span class='ocrx_word' id='word_1_28' title='bbox 1347 659 1612 728; x_wconf 72' lang='lat' dir='ltr'>necessitudinum</span> 
     </span>
     <span class='ocr_line' id='line_1_4' title="bbox 292 750 1614 841; baseline 0.002 -25"><span class='ocrx_word' id='word_1_29' title='bbox 292 751 439 819; x_wconf 85' lang='lat' dir='ltr'>lidelitate</span> <span class='ocrx_word' id='word_1_30' title='bbox 468 762 577 818; x_wconf 86' lang='lat' dir='ltr'>contra</span> <span class='ocrx_word' id='word_1_31' title='bbox 608 763 750 821; x_wconf 84' lang='lat' dir='ltr'>veterum</span> <span class='ocrx_word' id='word_1_32' title='bbox 772 754 935 841; x_wconf 85' lang='lat' dir='ltr'>perfidiam</span> <span class='ocrx_word' id='word_1_33' title='bbox 960 753 1164 822; x_wconf 92' lang='lat' dir='ltr'>muniendum</span> <span class='ocrx_word' id='word_1_34' title='bbox 1184 755 1302 841; x_wconf 84' lang='lat' dir='ltr'>putavi.</span> <span class='ocrx_word' id='word_1_35' title='bbox 1357 751 1418 818; x_wconf 89' lang='lat' dir='ltr'>Sed</span> <span class='ocrx_word' id='word_1_36' title='bbox 1436 750 1476 818; x_wconf 89' lang='lat' dir='ltr'>de</span> <span class='ocrx_word' id='word_1_37' title='bbox 1496 754 1614 820; x_wconf 89' lang='lat' dir='ltr'>nostris</span> 
     </span>
     <span class='ocr_line' id='line_1_5' title="bbox 291 847 1614 923; baseline 0 -11"><span class='ocrx_word' id='word_1_38' title='bbox 291 848 388 913; x_wconf 87' lang='lat' dir='ltr'>rebus</span> <span class='ocrx_word' id='word_1_39' title='bbox 410 847 484 912; x_wconf 88' lang='lat' dir='ltr'>satis</span> <span class='ocrx_word' id='word_1_40' title='bbox 506 847 557 913; x_wconf 87' lang='lat' dir='ltr'>vel</span> <span class='ocrx_word' id='word_1_41' title='bbox 579 848 672 913; x_wconf 86' lang='lat' dir='ltr'>etiam</span> <span class='ocrx_word' id='word_1_42' title='bbox 695 849 827 916; x_wconf 90' lang='lat' dir='ltr'>nimium</span> <span class='ocrx_word' id='word_1_43' title='bbox 846 852 952 916; x_wconf 89' lang='lat' dir='ltr'>multa.</span> <span class='ocrx_word' id='word_1_44' title='bbox 995 850 1178 916; x_wconf 72' lang='lat' dir='ltr'>noctuis</span> <span class='ocrx_word' id='word_1_45' title='bbox 1202 849 1298 915; x_wconf 84' lang='lat' dir='ltr'>velim</span> <span class='ocrx_word' id='word_1_46' title='bbox 1319 855 1411 914; x_wconf 89' lang='lat' dir='ltr'>uteo</span> <span class='ocrx_word' id='word_1_47' title='bbox 1432 847 1475 912; x_wconf 89' lang='lat' dir='ltr'>sis</span> <span class='ocrx_word' id='word_1_48' title='bbox 1496 847 1614 923; x_wconf 89' lang='lat' dir='ltr'>animo,</span> 
     </span>
     <span class='ocr_line' id='line_1_6' title="bbox 268 940 1613 1032; baseline 0 -26"><span class='ocrx_word' id='word_1_49' title='bbox 268 963 357 1029; x_wconf 88' lang='lat' dir='ltr'>squo</span> <span class='ocrx_word' id='word_1_50' title='bbox 381 940 478 1006; x_wconf 90' lang='lat' dir='ltr'>debes</span> <span class='ocrx_word' id='word_1_51' title='bbox 501 962 589 1017; x_wconf 90' lang='lat' dir='ltr'>esse,</span> <span class='ocrx_word' id='word_1_52' title='bbox 612 942 727 1020; x_wconf 83' lang='lat' dir='ltr'>idest,</span> <span class='ocrx_word' id='word_1_53' title='bbox 759 952 855 1011; x_wconf 90' lang='lat' dir='ltr'>utne</span> <span class='ocrx_word' id='word_1_54' title='bbox 877 945 954 1032; x_wconf 91' lang='lat' dir='ltr'>qnid</span> <span class='ocrx_word' id='word_1_55' title='bbox 975 943 1034 1011; x_wconf 92' lang='lat' dir='ltr'>tibi</span> <span class='ocrx_word' id='word_1_56' title='bbox 1053 943 1224 1031; x_wconf 81' lang='lat' dir='ltr'>praecipue</span> <span class='ocrx_word' id='word_1_57' title='bbox 1245 941 1416 1010; x_wconf 88' lang='lat' dir='ltr'>timendum</span> <span class='ocrx_word' id='word_1_58' title='bbox 1435 951 1537 1028; x_wconf 89' lang='lat' dir='ltr'>putes.</span> <span class='ocrx_word' id='word_1_59' title='bbox 1579 942 1613 1006; x_wconf 88' lang='lat' dir='ltr'>Si</span> 
     </span>
     <span class='ocr_line' id='line_1_7' title="bbox 292 1036 1613 1128; baseline 0 -27"><span class='ocrx_word' id='word_1_60' title='bbox 292 1036 376 1102; x_wconf 87' lang='lat' dir='ltr'>enim</span> <span class='ocrx_word' id='word_1_61' title='bbox 398 1045 494 1102; x_wconf 84' lang='lat' dir='ltr'>status</span> <span class='ocrx_word' id='word_1_62' title='bbox 515 1036 576 1101; x_wconf 92' lang='lat' dir='ltr'>erit</span> <span class='ocrx_word' id='word_1_63' title='bbox 597 1038 709 1124; x_wconf 86' lang='lat' dir='ltr'>aliquis</span> <span class='ocrx_word' id='word_1_64' title='bbox 724 1038 874 1114; x_wconf 80' lang='lat' dir='ltr'>civitatis,</span> <span class='ocrx_word' id='word_1_65' title='bbox 897 1040 1076 1128; x_wconf 84' lang='lat' dir='ltr'>quicunque</span> <span class='ocrx_word' id='word_1_66' title='bbox 1090 1038 1167 1110; x_wconf 84' lang='lat' dir='ltr'>erit,</span> <span class='ocrx_word' id='word_1_67' title='bbox 1189 1047 1220 1103; x_wconf 93' lang='lat' dir='ltr'>te</span> <span class='ocrx_word' id='word_1_68' title='bbox 1235 1037 1375 1104; x_wconf 89' lang='lat' dir='ltr'>omnium</span> <span class='ocrx_word' id='word_1_69' title='bbox 1397 1036 1613 1122; x_wconf 79' lang='lat' dir='ltr'>periculorum</span> 
     </span>
     <span class='ocr_line' id='line_1_8' title="bbox 292 1129 1613 1217; baseline 0 -23"><span class='ocrx_word' id='word_1_70' title='bbox 292 1130 386 1195; x_wconf 86' lang='lat' dir='ltr'>video</span> <span class='ocrx_word' id='word_1_71' title='bbox 408 1139 569 1214; x_wconf 83' lang='lat' dir='ltr'>expertem</span> <span class='ocrx_word' id='word_1_72' title='bbox 592 1130 679 1209; x_wconf 89' lang='lat' dir='ltr'>lore;</span> <span class='ocrx_word' id='word_1_73' title='bbox 702 1153 773 1198; x_wconf 88' lang='lat' dir='ltr'>nam</span> <span class='ocrx_word' id='word_1_74' title='bbox 797 1133 912 1198; x_wconf 84' lang='lat' dir='ltr'>alteros</span> <span class='ocrx_word' id='word_1_75' title='bbox 936 1131 994 1198; x_wconf 91' lang='lat' dir='ltr'>tibi</span> <span class='ocrx_word' id='word_1_76' title='bbox 1013 1132 1075 1197; x_wconf 90' lang='lat' dir='ltr'>iam</span> <span class='ocrx_word' id='word_1_77' title='bbox 1098 1132 1235 1217; x_wconf 90' lang='lat' dir='ltr'>placatos</span> <span class='ocrx_word' id='word_1_78' title='bbox 1264 1151 1333 1196; x_wconf 90' lang='lat' dir='ltr'>esse</span> <span class='ocrx_word' id='word_1_79' title='bbox 1358 1129 1515 1214; x_wconf 86' lang='lat' dir='ltr'>intelligo,</span> <span class='ocrx_word' id='word_1_80' title='bbox 1537 1130 1613 1194; x_wconf 88' lang='lat' dir='ltr'>alte-</span> 
     </span>
     <span class='ocr_line' id='line_1_9' title="bbox 291 1223 1612 1311; baseline 0.001 -22"><span class='ocrx_word' id='word_1_81' title='bbox 291 1245 346 1290; x_wconf 92' lang='lat' dir='ltr'>ros</span> <span class='ocrx_word' id='word_1_82' title='bbox 367 1245 524 1311; x_wconf 87' lang='lat' dir='ltr'>nunquam</span> <span class='ocrx_word' id='word_1_83' title='bbox 554 1224 652 1290; x_wconf 88' lang='lat' dir='ltr'>iratos</span> <span class='ocrx_word' id='word_1_84' title='bbox 682 1224 788 1292; x_wconf 87' lang='lat' dir='ltr'>luisse.</span> <span class='ocrx_word' id='word_1_85' title='bbox 831 1231 877 1291; x_wconf 89' lang='lat' dir='ltr'>De</span> <span class='ocrx_word' id='word_1_86' title='bbox 902 1247 973 1291; x_wconf 90' lang='lat' dir='ltr'>mea</span> <span class='ocrx_word' id='word_1_87' title='bbox 997 1233 1102 1290; x_wconf 89' lang='lat' dir='ltr'>autem</span> <span class='ocrx_word' id='word_1_88' title='bbox 1130 1224 1163 1288; x_wconf 92' lang='lat' dir='ltr'>in</span> <span class='ocrx_word' id='word_1_89' title='bbox 1194 1233 1224 1289; x_wconf 92' lang='lat' dir='ltr'>te</span> <span class='ocrx_word' id='word_1_90' title='bbox 1253 1224 1412 1289; x_wconf 87' lang='lat' dir='ltr'>voluntate</span> <span class='ocrx_word' id='word_1_91' title='bbox 1443 1223 1489 1288; x_wconf 91' lang='lat' dir='ltr'>sic</span> <span class='ocrx_word' id='word_1_92' title='bbox 1517 1224 1612 1290; x_wconf 85' lang='lat' dir='ltr'>velim</span> 
     </span>
     <span class='ocr_line' id='line_1_10' title="bbox 291 1308 1611 1408; baseline 0 -24"><span class='ocrx_word' id='word_1_93' title='bbox 291 1318 420 1390; x_wconf 88' lang='lat' dir='ltr'>indices,</span> <span class='ocrx_word' id='word_1_94' title='bbox 442 1339 504 1391; x_wconf 87' lang='lat' dir='ltr'>me,</span> <span class='ocrx_word' id='word_1_95' title='bbox 529 1318 768 1408; x_wconf 82' lang='lat' dir='ltr'>quibuscunque</span> <span class='ocrx_word' id='word_1_96' title='bbox 786 1319 881 1387; x_wconf 90' lang='lat' dir='ltr'>rebus</span> <span class='ocrx_word' id='word_1_97' title='bbox 895 1341 976 1408; x_wconf 87' lang='lat' dir='ltr'>opus</span> <span class='ocrx_word' id='word_1_98' title='bbox 990 1341 1059 1386; x_wconf 88' lang='lat' dir='ltr'>esse</span> <span class='ocrx_word' id='word_1_99' title='bbox 1074 1308 1460 1406; x_wconf 74' lang='lat' dir='ltr'>intelligm,(quamquam</span> <span class='ocrx_word' id='word_1_100' title='bbox 1478 1317 1611 1394; x_wconf 83' lang='lat' dir='ltr'>videam,</span> 
     </span>
     <span class='ocr_line' id='line_1_11' title="bbox 155 1405 1613 1512; baseline 0.001 -36"><span class='ocrx_word' id='word_1_101' title='bbox 155 1479 164 1512; x_wconf 47' lang='grc' dir='ltr'><strong><em>ί</em></strong></span> <span class='ocrx_word' id='word_1_102' title='bbox 256 1414 347 1506; x_wconf 72' lang='lat' dir='ltr'>respui</span> <span class='ocrx_word' id='word_1_103' title='bbox 367 1414 426 1478; x_wconf 91' lang='lat' dir='ltr'>sim</span> <span class='ocrx_word' id='word_1_104' title='bbox 447 1413 508 1479; x_wconf 91' lang='lat' dir='ltr'>hoc</span> <span class='ocrx_word' id='word_1_105' title='bbox 532 1405 729 1500; x_wconf 72' lang='lat' dir='ltr'>temporelet</span> <span class='ocrx_word' id='word_1_106' title='bbox 751 1415 826 1500; x_wconf 86' lang='lat' dir='ltr'>quid</span> <span class='ocrx_word' id='word_1_107' title='bbox 847 1416 982 1500; x_wconf 79' lang='lat' dir='ltr'>possim,</span> <span class='ocrx_word' id='word_1_108' title='bbox 1016 1434 1113 1501; x_wconf 90' lang='lat' dir='ltr'>opera</span> <span class='ocrx_word' id='word_1_109' title='bbox 1134 1423 1239 1478; x_wconf 89' lang='lat' dir='ltr'>tamen</span> <span class='ocrx_word' id='word_1_110' title='bbox 1265 1422 1296 1478; x_wconf 91' lang='lat' dir='ltr'>et</span> <span class='ocrx_word' id='word_1_111' title='bbox 1321 1412 1474 1485; x_wconf 89' lang='lat' dir='ltr'>consilio,</span> <span class='ocrx_word' id='word_1_112' title='bbox 1508 1412 1613 1478; x_wconf 91' lang='lat' dir='ltr'>studio</span> 
     </span>
     <span class='ocr_line' id='line_1_12' title="bbox 292 1505 1613 1595; baseline -0.002 -22"><span class='ocrx_word' id='word_1_113' title='bbox 292 1508 419 1595; x_wconf 86' lang='lat' dir='ltr'>quidem</span> <span class='ocrx_word' id='word_1_114' title='bbox 440 1519 525 1574; x_wconf 83' lang='lat' dir='ltr'>certe</span> <span class='ocrx_word' id='word_1_115' title='bbox 551 1509 615 1582; x_wconf 91' lang='lat' dir='ltr'>rei,</span> <span class='ocrx_word' id='word_1_116' title='bbox 636 1508 756 1582; x_wconf 87' lang='lat' dir='ltr'>lamae,</span> <span class='ocrx_word' id='word_1_117' title='bbox 779 1507 870 1574; x_wconf 90' lang='lat' dir='ltr'>saluti</span> <span class='ocrx_word' id='word_1_118' title='bbox 894 1517 966 1574; x_wconf 88' lang='lat' dir='ltr'>tuae</span> <span class='ocrx_word' id='word_1_119' title='bbox 983 1517 1110 1595; x_wconf 91' lang='lat' dir='ltr'>praesto</span> <span class='ocrx_word' id='word_1_120' title='bbox 1125 1506 1276 1572; x_wconf 82' lang='lat' dir='ltr'>futurum.</span> <span class='ocrx_word' id='word_1_121' title='bbox 1319 1511 1367 1572; x_wconf 82' lang='lat' dir='ltr'>&#39;lu</span> <span class='ocrx_word' id='word_1_122' title='bbox 1382 1505 1475 1571; x_wconf 81' lang='lat' dir='ltr'>velim</span> <span class='ocrx_word' id='word_1_123' title='bbox 1491 1505 1613 1591; x_wconf 84' lang='lat' dir='ltr'>etquid</span> 
     </span>
     <span class='ocr_line' id='line_1_13' title="bbox 291 1599 1613 1691; baseline -0.001 -23"><span class='ocrx_word' id='word_1_124' title='bbox 291 1623 365 1689; x_wconf 89' lang='lat' dir='ltr'>agas</span> <span class='ocrx_word' id='word_1_125' title='bbox 383 1612 414 1668; x_wconf 82' lang='lat' dir='ltr'>et</span> <span class='ocrx_word' id='word_1_126' title='bbox 435 1603 510 1690; x_wconf 91' lang='lat' dir='ltr'>quid</span> <span class='ocrx_word' id='word_1_127' title='bbox 534 1613 676 1670; x_wconf 90' lang='lat' dir='ltr'>acturum</span> <span class='ocrx_word' id='word_1_128' title='bbox 701 1612 731 1668; x_wconf 84' lang='lat' dir='ltr'>te</span> <span class='ocrx_word' id='word_1_129' title='bbox 751 1612 855 1691; x_wconf 87' lang='lat' dir='ltr'>putes,</span> <span class='ocrx_word' id='word_1_130' title='bbox 877 1601 973 1668; x_wconf 83' lang='lat' dir='ltr'>iacias</span> <span class='ocrx_word' id='word_1_131' title='bbox 994 1623 1045 1668; x_wconf 89' lang='lat' dir='ltr'>me</span> <span class='ocrx_word' id='word_1_132' title='bbox 1064 1621 1159 1688; x_wconf 87' lang='lat' dir='ltr'>quam</span> <span class='ocrx_word' id='word_1_133' title='bbox 1178 1599 1414 1685; x_wconf 91' lang='lat' dir='ltr'>diligentissime</span> <span class='ocrx_word' id='word_1_134' title='bbox 1434 1599 1613 1667; x_wconf 81' lang='lat' dir='ltr'>certiorem.</span> 
     </span>
    </p>
   </div>
   <div class='ocr_carea' id='block_1_3' title="bbox 648 1741 1251 1924">
    <p class='ocr_par' dir='ltr' id='par_1_3' title="bbox 648 1741 1251 1924">
     <span class='ocr_line' id='line_1_14' title="bbox 761 1741 1141 1828; baseline -0.003 -20"><span class='ocrx_word' id='word_1_135' title='bbox 761 1745 825 1808; x_wconf 69' lang='lat' dir='ltr'>rs.</span> <span class='ocrx_word' id='word_1_136' title='bbox 869 1742 920 1824; x_wconf 72' lang='lat' dir='ltr'>(a.</span> <span class='ocrx_word' id='word_1_137' title='bbox 946 1745 979 1809; x_wconf 86' lang='lat' dir='ltr'>o.</span> <span class='ocrx_word' id='word_1_138' title='bbox 1001 1747 1033 1809; x_wconf 86' lang='lat' dir='ltr'>c.</span> <span class='ocrx_word' id='word_1_139' title='bbox 1057 1741 1141 1828; x_wconf 83' lang='lat' dir='ltr'>ros.)</span> 
     </span>
     <span class='ocr_line' id='line_1_15' title="bbox 648 1857 1251 1924; baseline 0 -2"><span class='ocrx_word' id='word_1_140' title='bbox 648 1859 689 1922; x_wconf 86' lang='lat' dir='ltr'>n.</span> <span class='ocrx_word' id='word_1_141' title='bbox 713 1858 855 1922; x_wconf 80' lang='lat' dir='ltr'>cronno</span> <span class='ocrx_word' id='word_1_142' title='bbox 878 1859 909 1920; x_wconf 91' lang='lat' dir='ltr'>s.</span> <span class='ocrx_word' id='word_1_143' title='bbox 931 1860 969 1921; x_wconf 89' lang='lat' dir='ltr'>n.</span> <span class='ocrx_word' id='word_1_144' title='bbox 992 1860 1051 1924; x_wconf 86' lang='lat' dir='ltr'>cn.</span> <span class='ocrx_word' id='word_1_145' title='bbox 1072 1857 1251 1922; x_wconf 76' lang='lat' dir='ltr'>amnuo.</span> 
     </span>
    </p>
   </div>
   <div class='ocr_carea' id='block_1_4' title="bbox 253 1974 1613 2999">
    <p class='ocr_par' dir='ltr' id='par_1_4' title="bbox 255 1974 1613 2438">
     <span class='ocr_line' id='line_1_16' title="bbox 255 1974 1613 2064; baseline 0 -22"><span class='ocrx_word' id='word_1_146' title='bbox 255 2002 281 2046; x_wconf 76' lang='lat' dir='ltr'>ss</span> <span class='ocrx_word' id='word_1_147' title='bbox 377 1981 405 2044; x_wconf 92' lang='lat'>1.</span> <span class='ocrx_word' id='word_1_148' title='bbox 426 1977 541 2064; x_wconf 82' lang='lat' dir='ltr'>Accepi</span> <span class='ocrx_word' id='word_1_149' title='bbox 562 1976 732 2063; x_wconf 86' lang='lat' dir='ltr'>perbreves</span> <span class='ocrx_word' id='word_1_150' title='bbox 752 1985 820 2042; x_wconf 89' lang='lat' dir='ltr'>tuas</span> <span class='ocrx_word' id='word_1_151' title='bbox 843 1975 975 2050; x_wconf 84' lang='lat' dir='ltr'>litteras,</span> <span class='ocrx_word' id='word_1_152' title='bbox 1005 1975 1120 2064; x_wconf 81' lang='lat' dir='ltr'>quibus</span> <span class='ocrx_word' id='word_1_153' title='bbox 1143 1975 1191 2052; x_wconf 88' lang='lat' dir='ltr'>id,</span> <span class='ocrx_word' id='word_1_154' title='bbox 1214 1974 1299 2063; x_wconf 87' lang='lat' dir='ltr'>qnod</span> <span class='ocrx_word' id='word_1_155' title='bbox 1324 1975 1406 2041; x_wconf 88' lang='lat' dir='ltr'>scire</span> <span class='ocrx_word' id='word_1_156' title='bbox 1429 1975 1613 2062; x_wconf 83' lang='lat' dir='ltr'>cupiebam,</span> 
     </span>
     <span class='ocr_line' id='line_1_17' title="bbox 290 2068 1612 2158; baseline -0.002 -20"><span class='ocrx_word' id='word_1_157' title='bbox 290 2092 482 2157; x_wconf 79' lang='lat' dir='ltr'>cognoscere</span> <span class='ocrx_word' id='word_1_158' title='bbox 504 2092 568 2137; x_wconf 91' lang='lat' dir='ltr'>non</span> <span class='ocrx_word' id='word_1_159' title='bbox 594 2071 699 2158; x_wconf 89' lang='lat' dir='ltr'>potui,</span> <span class='ocrx_word' id='word_1_160' title='bbox 723 2070 857 2155; x_wconf 84' lang='lat' dir='ltr'>cognovi</span> <span class='ocrx_word' id='word_1_161' title='bbox 880 2080 983 2137; x_wconf 87' lang='lat' dir='ltr'>autem</span> <span class='ocrx_word' id='word_1_162' title='bbox 1007 2071 1056 2144; x_wconf 94' lang='lat' dir='ltr'>id,</span> <span class='ocrx_word' id='word_1_163' title='bbox 1079 2070 1165 2158; x_wconf 86' lang='lat' dir='ltr'>qnod</span> <span class='ocrx_word' id='word_1_164' title='bbox 1188 2070 1265 2136; x_wconf 89' lang='lat' dir='ltr'>mibi</span> <span class='ocrx_word' id='word_1_165' title='bbox 1287 2068 1419 2136; x_wconf 93' lang='lat' dir='ltr'>dubium</span> <span class='ocrx_word' id='word_1_166' title='bbox 1449 2090 1512 2134; x_wconf 91' lang='lat' dir='ltr'>non</span> <span class='ocrx_word' id='word_1_167' title='bbox 1542 2069 1612 2136; x_wconf 87' lang='lat' dir='ltr'>luit.</span> 
     </span>
     <span class='ocr_line' id='line_1_18' title="bbox 289 2162 1613 2250; baseline -0.002 -19"><span class='ocrx_word' id='word_1_168' title='bbox 289 2171 364 2231; x_wconf 88' lang='lat' dir='ltr'>Nam</span> <span class='ocrx_word' id='word_1_169' title='bbox 387 2186 481 2250; x_wconf 87' lang='lat' dir='ltr'>qnam</span> <span class='ocrx_word' id='word_1_170' title='bbox 507 2163 633 2229; x_wconf 75' lang='lat' dir='ltr'>sortiter</span> <span class='ocrx_word' id='word_1_171' title='bbox 653 2163 754 2229; x_wconf 85' lang='lat' dir='ltr'>terres</span> <span class='ocrx_word' id='word_1_172' title='bbox 775 2185 957 2230; x_wconf 90' lang='lat' dir='ltr'>communes</span> <span class='ocrx_word' id='word_1_173' title='bbox 979 2164 1140 2240; x_wconf 88' lang='lat' dir='ltr'>miserias,</span> <span class='ocrx_word' id='word_1_174' title='bbox 1174 2185 1238 2230; x_wconf 92' lang='lat' dir='ltr'>non</span> <span class='ocrx_word' id='word_1_175' title='bbox 1264 2162 1417 2240; x_wconf 79' lang='lat' dir='ltr'>intellexi3</span> <span class='ocrx_word' id='word_1_176' title='bbox 1447 2183 1541 2249; x_wconf 90' lang='lat' dir='ltr'>quam</span> <span class='ocrx_word' id='word_1_177' title='bbox 1560 2183 1613 2228; x_wconf 88' lang='lat' dir='ltr'>me</span> 
     </span>
     <span class='ocr_line' id='line_1_19' title="bbox 291 2254 1612 2344; baseline -0.002 -20"><span class='ocrx_word' id='word_1_178' title='bbox 291 2279 429 2332; x_wconf 90' lang='lat' dir='ltr'>amares,</span> <span class='ocrx_word' id='word_1_179' title='bbox 451 2257 543 2323; x_wconf 83' lang='lat' dir='ltr'>facile</span> <span class='ocrx_word' id='word_1_180' title='bbox 568 2258 734 2344; x_wconf 85' lang='lat' dir='ltr'>perspexi:</span> <span class='ocrx_word' id='word_1_181' title='bbox 758 2257 813 2323; x_wconf 91' lang='lat' dir='ltr'>sed</span> <span class='ocrx_word' id='word_1_182' title='bbox 833 2258 894 2323; x_wconf 92' lang='lat' dir='ltr'>boc</span> <span class='ocrx_word' id='word_1_183' title='bbox 913 2257 1064 2337; x_wconf 89' lang='lat' dir='ltr'>scieram;</span> <span class='ocrx_word' id='word_1_184' title='bbox 1086 2258 1165 2324; x_wconf 90' lang='lat' dir='ltr'>illud</span> <span class='ocrx_word' id='word_1_185' title='bbox 1188 2258 1215 2322; x_wconf 91' lang='lat' dir='ltr'>si</span> <span class='ocrx_word' id='word_1_186' title='bbox 1238 2258 1387 2330; x_wconf 88' lang='lat' dir='ltr'>scissem,</span> <span class='ocrx_word' id='word_1_187' title='bbox 1411 2254 1451 2319; x_wconf 93' lang='lat' dir='ltr'>ad</span> <span class='ocrx_word' id='word_1_188' title='bbox 1471 2255 1503 2320; x_wconf 94' lang='lat' dir='ltr'>id</span> <span class='ocrx_word' id='word_1_189' title='bbox 1525 2277 1612 2322; x_wconf 89' lang='lat' dir='ltr'>meas</span> 
     </span>
     <span class='ocr_line' id='line_1_20' title="bbox 289 2349 1613 2438; baseline -0.002 -22"><span class='ocrx_word' id='word_1_190' title='bbox 289 2352 408 2418; x_wconf 78' lang='lat' dir='ltr'>litteras</span> <span class='ocrx_word' id='word_1_191' title='bbox 430 2351 760 2417; x_wconf 84' lang='lat' dir='ltr'>accommodavissem.</span> <span class='ocrx_word' id='word_1_192' title='bbox 803 2355 833 2417; x_wconf 79' lang='lat'>2.</span> <span class='ocrx_word' id='word_1_193' title='bbox 857 2351 918 2417; x_wconf 87' lang='lat' dir='ltr'>Sed</span> <span class='ocrx_word' id='word_1_194' title='bbox 940 2360 1043 2417; x_wconf 88' lang='lat' dir='ltr'>tamen</span> <span class='ocrx_word' id='word_1_195' title='bbox 1064 2353 1123 2418; x_wconf 87' lang='lat' dir='ltr'>etsi</span> <span class='ocrx_word' id='word_1_196' title='bbox 1141 2362 1231 2418; x_wconf 88' lang='lat' dir='ltr'>antea</span> <span class='ocrx_word' id='word_1_197' title='bbox 1246 2351 1374 2438; x_wconf 88' lang='lat' dir='ltr'>scripsi,</span> <span class='ocrx_word' id='word_1_198' title='bbox 1401 2369 1481 2436; x_wconf 90' lang='lat' dir='ltr'>quae</span> <span class='ocrx_word' id='word_1_199' title='bbox 1504 2349 1613 2414; x_wconf 84' lang='lat' dir='ltr'>existi-</span> 
     </span>
    </p>

    <p class='ocr_par' dir='ltr' id='par_1_5' title="bbox 253 2442 1613 2906">
     <span class='ocr_line' id='line_1_21' title="bbox 253 2442 1613 2532; baseline -0.001 -23"><span class='ocrx_word' id='word_1_200' title='bbox 253 2445 373 2511; x_wconf 82' lang='lat' dir='ltr'>somavi</span> <span class='ocrx_word' id='word_1_201' title='bbox 396 2443 492 2510; x_wconf 87' lang='lat' dir='ltr'>scribi</span> <span class='ocrx_word' id='word_1_202' title='bbox 521 2453 689 2531; x_wconf 86' lang='lat' dir='ltr'>oportere,</span> <span class='ocrx_word' id='word_1_203' title='bbox 723 2453 826 2510; x_wconf 86' lang='lat' dir='ltr'>tamen</span> <span class='ocrx_word' id='word_1_204' title='bbox 854 2446 914 2512; x_wconf 92' lang='lat' dir='ltr'>boc</span> <span class='ocrx_word' id='word_1_205' title='bbox 944 2454 1087 2532; x_wconf 90' lang='lat' dir='ltr'>tempore</span> <span class='ocrx_word' id='word_1_206' title='bbox 1109 2444 1249 2511; x_wconf 84' lang='lat' dir='ltr'>breviter</span> <span class='ocrx_word' id='word_1_207' title='bbox 1270 2442 1532 2511; x_wconf 91' lang='lat' dir='ltr'>commonendum</span> <span class='ocrx_word' id='word_1_208' title='bbox 1553 2463 1613 2528; x_wconf 93' lang='lat' dir='ltr'>pu-</span> 
     </span>
     <span class='ocr_line' id='line_1_22' title="bbox 290 2537 1610 2626; baseline -0.003 -22"><span class='ocrx_word' id='word_1_209' title='bbox 290 2539 371 2614; x_wconf 82' lang='lat' dir='ltr'>tavi,</span> <span class='ocrx_word' id='word_1_210' title='bbox 404 2559 443 2603; x_wconf 89' lang='lat' dir='ltr'>ne</span> <span class='ocrx_word' id='word_1_211' title='bbox 470 2559 533 2624; x_wconf 87' lang='lat' dir='ltr'>quo</span> <span class='ocrx_word' id='word_1_212' title='bbox 559 2537 701 2625; x_wconf 90' lang='lat' dir='ltr'>periculo</span> <span class='ocrx_word' id='word_1_213' title='bbox 733 2546 764 2602; x_wconf 88' lang='lat' dir='ltr'>te</span> <span class='ocrx_word' id='word_1_214' title='bbox 791 2539 924 2626; x_wconf 89' lang='lat' dir='ltr'>proprio</span> <span class='ocrx_word' id='word_1_215' title='bbox 949 2538 1147 2605; x_wconf 81' lang='lat' dir='ltr'>existimares</span> <span class='ocrx_word' id='word_1_216' title='bbox 1170 2559 1257 2616; x_wconf 89' lang='lat' dir='ltr'>esse;</span> <span class='ocrx_word' id='word_1_217' title='bbox 1288 2539 1321 2604; x_wconf 92' lang='lat' dir='ltr'>in</span> <span class='ocrx_word' id='word_1_218' title='bbox 1346 2555 1460 2620; x_wconf 90' lang='lat' dir='ltr'>magno</span> <span class='ocrx_word' id='word_1_219' title='bbox 1485 2555 1610 2610; x_wconf 89' lang='lat' dir='ltr'>omnes,</span> 
     </span>
     <span class='ocr_line' id='line_1_23' title="bbox 291 2629 1611 2719; baseline -0.003 -21"><span class='ocrx_word' id='word_1_220' title='bbox 291 2632 347 2699; x_wconf 91' lang='lat' dir='ltr'>sed</span> <span class='ocrx_word' id='word_1_221' title='bbox 365 2642 468 2698; x_wconf 85' lang='lat' dir='ltr'>tamen</span> <span class='ocrx_word' id='word_1_222' title='bbox 491 2632 524 2697; x_wconf 90' lang='lat' dir='ltr'>in</span> <span class='ocrx_word' id='word_1_223' title='bbox 542 2633 700 2698; x_wconf 91' lang='lat' dir='ltr'>communi</span> <span class='ocrx_word' id='word_1_224' title='bbox 720 2653 837 2698; x_wconf 91' lang='lat' dir='ltr'>sumus.</span> <span class='ocrx_word' id='word_1_225' title='bbox 881 2634 987 2709; x_wconf 85' lang='lat' dir='ltr'>Quare</span> <span class='ocrx_word' id='word_1_226' title='bbox 1006 2653 1069 2700; x_wconf 92' lang='lat' dir='ltr'>non</span> <span class='ocrx_word' id='word_1_227' title='bbox 1091 2632 1187 2698; x_wconf 89' lang='lat' dir='ltr'>debes</span> <span class='ocrx_word' id='word_1_228' title='bbox 1202 2641 1256 2698; x_wconf 86' lang='lat' dir='ltr'>aut</span> <span class='ocrx_word' id='word_1_229' title='bbox 1269 2631 1431 2719; x_wconf 85' lang='lat' dir='ltr'>propriam</span> <span class='ocrx_word' id='word_1_230' title='bbox 1452 2629 1611 2696; x_wconf 85' lang='lat' dir='ltr'>tortunnm</span> 
     </span>
     <span class='ocr_line' id='line_1_24' title="bbox 291 2723 1611 2812; baseline -0.002 -22"><span class='ocrx_word' id='word_1_231' title='bbox 291 2735 323 2791; x_wconf 89' lang='lat' dir='ltr'>et</span> <span class='ocrx_word' id='word_1_232' title='bbox 343 2724 543 2812; x_wconf 87' lang='lat' dir='ltr'>praecipuam</span> <span class='ocrx_word' id='word_1_233' title='bbox 557 2725 718 2812; x_wconf 88' lang='lat' dir='ltr'>postulare</span> <span class='ocrx_word' id='word_1_234' title='bbox 740 2735 794 2790; x_wconf 88' lang='lat' dir='ltr'>aut</span> <span class='ocrx_word' id='word_1_235' title='bbox 808 2747 1006 2792; x_wconf 89' lang='lat' dir='ltr'>communem</span> <span class='ocrx_word' id='word_1_236' title='bbox 1020 2746 1179 2792; x_wconf 88' lang='lat' dir='ltr'>recusare.</span> <span class='ocrx_word' id='word_1_237' title='bbox 1223 2729 1425 2812; x_wconf 87' lang='lat' dir='ltr'>Quapropter</span> <span class='ocrx_word' id='word_1_238' title='bbox 1446 2743 1485 2788; x_wconf 91' lang='lat' dir='ltr'>eo</span> <span class='ocrx_word' id='word_1_239' title='bbox 1506 2723 1611 2788; x_wconf 85' lang='lat' dir='ltr'>animo</span> 
     </span>
     <span class='ocr_line' id='line_1_25' title="bbox 290 2817 1613 2906; baseline -0.001 -22"><span class='ocrx_word' id='word_1_240' title='bbox 290 2818 388 2884; x_wconf 88' lang='lat' dir='ltr'>simus</span> <span class='ocrx_word' id='word_1_241' title='bbox 402 2818 484 2884; x_wconf 88' lang='lat' dir='ltr'>inter</span> <span class='ocrx_word' id='word_1_242' title='bbox 506 2839 579 2893; x_wconf 88' lang='lat' dir='ltr'>nos,</span> <span class='ocrx_word' id='word_1_243' title='bbox 602 2839 666 2906; x_wconf 89' lang='lat' dir='ltr'>quo</span> <span class='ocrx_word' id='word_1_244' title='bbox 686 2839 814 2906; x_wconf 91' lang='lat' dir='ltr'>semper</span> <span class='ocrx_word' id='word_1_245' title='bbox 829 2818 954 2886; x_wconf 85' lang='lat' dir='ltr'>luimus.</span> <span class='ocrx_word' id='word_1_246' title='bbox 998 2817 1092 2897; x_wconf 90' lang='lat' dir='ltr'>Quod</span> <span class='ocrx_word' id='word_1_247' title='bbox 1114 2819 1153 2886; x_wconf 89' lang='lat' dir='ltr'>de</span> <span class='ocrx_word' id='word_1_248' title='bbox 1176 2828 1207 2886; x_wconf 90' lang='lat' dir='ltr'>te</span> <span class='ocrx_word' id='word_1_249' title='bbox 1225 2840 1372 2906; x_wconf 84' lang='lat' dir='ltr'>sperare.</span> <span class='ocrx_word' id='word_1_250' title='bbox 1395 2819 1434 2884; x_wconf 91' lang='lat' dir='ltr'>de</span> <span class='ocrx_word' id='word_1_251' title='bbox 1449 2840 1500 2884; x_wconf 89' lang='lat' dir='ltr'>me</span> <span class='ocrx_word' id='word_1_252' title='bbox 1521 2838 1613 2905; x_wconf 88' lang='lat' dir='ltr'>prae-</span> 
     </span>
    </p>

    <p class='ocr_par' dir='ltr' id='par_1_6' title="bbox 253 2921 538 2999">
     <span class='ocr_line' id='line_1_26' title="bbox 253 2921 538 2999; baseline -0.021 -16"><span class='ocrx_word' id='word_1_253' title='bbox 253 2921 377 2983; x_wconf 84' lang='lat' dir='ltr'>ssstare</span> <span class='ocrx_word' id='word_1_254' title='bbox 399 2932 538 2999; x_wconf 91' lang='lat' dir='ltr'>possum.</span> 
     </span>
    </p>
   </div>
   <div class='ocr_carea' id='block_1_5' title="bbox 837 3255 1065 3318">
    <p class='ocr_par' dir='ltr' id='par_1_7' title="bbox 837 3255 1065 3318">
     <span class='ocr_line' id='line_1_27' title="bbox 837 3255 1065 3318; baseline 0 0"><span class='ocrx_word' id='word_1_255' title='bbox 837 3255 988 3318; x_wconf 82' lang='lat' dir='ltr'><strong>LIBER</strong></span> <span class='ocrx_word' id='word_1_256' title='bbox 1016 3257 1065 3318; x_wconf 79' lang='lat' dir='ltr'>V·</span> 
     </span>
    </p>
   </div>
   <div class='ocr_carea' id='block_1_6' title="bbox 474 3446 1437 3542">
    <p class='ocr_par' dir='ltr' id='par_1_8' title="bbox 474 3446 1437 3542">
     <span class='ocr_line' id='line_1_28' title="bbox 474 3446 1437 3542; baseline 0.001 -22"><span class='ocrx_word' id='word_1_257' title='bbox 474 3446 553 3520; x_wconf 89' lang='lat' dir='ltr'>AD</span> <span class='ocrx_word' id='word_1_258' title='bbox 587 3447 631 3542; x_wconf 84' lang='lat' dir='ltr'>Q.</span> <span class='ocrx_word' id='word_1_259' title='bbox 665 3447 1002 3526; x_wconf 76' lang='lat' dir='ltr'><strong>METELLUM</strong></span> <span class='ocrx_word' id='word_1_260' title='bbox 1035 3449 1112 3526; x_wconf 77' lang='grc' dir='ltr'>ΕΤ</span> <span class='ocrx_word' id='word_1_261' title='bbox 1145 3447 1437 3526; x_wconf 78' lang='lat' dir='ltr'>CETEROS.</span> 
     </span>
    </p>
   </div>
   <div class='ocr_carea' id='block_1_7' title="bbox 870 3663 1039 3678">
    <p class='ocr_par' dir='ltr' id='par_1_9' title="bbox 870 3663 1039 3678">
     <span class='ocr_line' id='line_1_29' title="bbox 870 3663 1039 3678; baseline 0 -2"><span class='ocrx_word' id='word_1_262' title='bbox 870 3663 1039 3678; x_wconf 45' lang='grc' dir='ltr'><strong>ἡ</strong></span> 
     </span>
    </p>
   </div>
   <div class='ocr_carea' id='block_1_8' title="bbox 315 3793 1588 3995">
    <p class='ocr_par' dir='ltr' id='par_1_10' title="bbox 315 3793 1588 3995">
     <span class='ocr_line' id='line_1_30' title="bbox 781 3795 1105 3859; baseline 0 -2"><span class='ocrx_word' id='word_1_263' title='bbox 781 3796 806 3858; x_wconf 91' lang='lat'>1.</span> <span class='ocrx_word' id='word_1_264' title='bbox 863 3795 899 3858; x_wconf 83' lang='lat' dir='ltr'>A.</span> <span class='ocrx_word' id='word_1_265' title='bbox 925 3795 958 3858; x_wconf 84' lang='lat' dir='ltr'>U.</span> <span class='ocrx_word' id='word_1_266' title='bbox 979 3797 1011 3859; x_wconf 85' lang='lat' dir='ltr'>C.</span> <span class='ocrx_word' id='word_1_267' title='bbox 1034 3795 1105 3858; x_wconf 77' lang='lat' dir='ltr'>om.</span> 
     </span>
     <span class='ocr_line' id='line_1_31' title="bbox 315 3793 1588 3995; baseline -0.002 -14"><span class='ocrx_word' id='word_1_268' title='bbox 315 3916 581 3992; x_wconf 67' lang='lat' dir='ltr'>ommatius</span> <span class='ocrx_word' id='word_1_269' title='bbox 605 3918 643 3995; x_wconf 90' lang='lat' dir='ltr'>Q.</span> <span class='ocrx_word' id='word_1_270' title='bbox 665 3919 698 3982; x_wconf 81' lang='lat' dir='ltr'>F.</span> <span class='ocrx_word' id='word_1_271' title='bbox 722 3793 1034 3983; x_wconf 57' lang='lat' dir='ltr'>emedenocos.</span> <span class='ocrx_word' id='word_1_272' title='bbox 1056 3919 1088 3981; x_wconf 88' lang='lat' dir='ltr'>S.</span> <span class='ocrx_word' id='word_1_273' title='bbox 1102 3797 1147 3980; x_wconf 70' lang='lat' dir='ltr'>i).</span> <span class='ocrx_word' id='word_1_274' title='bbox 1168 3919 1209 3982; x_wconf 86' lang='grc' dir='ltr'>Μ.</span> <span class='ocrx_word' id='word_1_275' title='bbox 1229 3916 1372 3982; x_wconf 87' lang='lat' dir='ltr'>TULLIO</span> <span class='ocrx_word' id='word_1_276' title='bbox 1395 3916 1588 3981; x_wconf 83' lang='lat' dir='ltr'>CICERONI.</span> 
     </span>
    </p>
   </div>
   <div class='ocr_carea' id='block_1_9' title="bbox 257 4025 1613 4509">
    <p class='ocr_par' dir='ltr' id='par_1_11' title="bbox 257 4025 1613 4509">
     <span class='ocr_line' id='line_1_32' title="bbox 297 4025 1609 4133; baseline -0.002 -23"><span class='ocrx_word' id='word_1_277' title='bbox 297 4048 325 4110; x_wconf 94' lang='grc'>1.</span> <span class='ocrx_word' id='word_1_278' title='bbox 369 4025 417 4113; x_wconf 82' lang='lat' dir='ltr'>Si</span> <span class='ocrx_word' id='word_1_279' title='bbox 438 4045 537 4120; x_wconf 83' lang='lat' dir='ltr'>vales,</span> <span class='ocrx_word' id='word_1_280' title='bbox 559 4044 640 4111; x_wconf 89' lang='lat' dir='ltr'>bene</span> <span class='ocrx_word' id='word_1_281' title='bbox 664 4055 720 4112; x_wconf 88' lang='lat' dir='ltr'>est.</span> <span class='ocrx_word' id='word_1_282' title='bbox 763 4047 982 4113; x_wconf 81' lang='lat' dir='ltr'>Existimaram</span> <span class='ocrx_word' id='word_1_283' title='bbox 1006 4067 1065 4133; x_wconf 91' lang='lat' dir='ltr'>pro</span> <span class='ocrx_word' id='word_1_284' title='bbox 1087 4055 1196 4112; x_wconf 89' lang='lat' dir='ltr'>mutuo</span> <span class='ocrx_word' id='word_1_285' title='bbox 1217 4046 1299 4111; x_wconf 88' lang='lat' dir='ltr'>inter</span> <span class='ocrx_word' id='word_1_286' title='bbox 1313 4067 1371 4111; x_wconf 91' lang='lat' dir='ltr'>nos</span> <span class='ocrx_word' id='word_1_287' title='bbox 1386 4045 1490 4111; x_wconf 90' lang='lat' dir='ltr'>animo</span> <span class='ocrx_word' id='word_1_288' title='bbox 1505 4053 1536 4110; x_wconf 89' lang='lat' dir='ltr'>et</span> <span class='ocrx_word' id='word_1_289' title='bbox 1549 4064 1609 4131; x_wconf 93' lang='lat' dir='ltr'>pro</span> 
     </span>
     <span class='ocr_line' id='line_1_33' title="bbox 295 4138 1612 4226; baseline -0.002 -20"><span class='ocrx_word' id='word_1_290' title='bbox 295 4139 495 4206; x_wconf 86' lang='lat' dir='ltr'>reconciliata</span> <span class='ocrx_word' id='word_1_291' title='bbox 523 4141 622 4226; x_wconf 85' lang='lat' dir='ltr'>gratia</span> <span class='ocrx_word' id='word_1_292' title='bbox 646 4161 704 4206; x_wconf 87' lang='lat' dir='ltr'>nec</span> <span class='ocrx_word' id='word_1_293' title='bbox 728 4139 887 4206; x_wconf 88' lang='lat' dir='ltr'>absentem</span> <span class='ocrx_word' id='word_1_294' title='bbox 909 4161 960 4204; x_wconf 88' lang='lat' dir='ltr'>me</span> <span class='ocrx_word' id='word_1_295' title='bbox 989 4139 1128 4206; x_wconf 92' lang='lat' dir='ltr'>ludibrio</span> <span class='ocrx_word' id='word_1_296' title='bbox 1159 4141 1278 4205; x_wconf 89' lang='lat' dir='ltr'>laesum</span> <span class='ocrx_word' id='word_1_297' title='bbox 1301 4140 1342 4204; x_wconf 91' lang='lat' dir='ltr'>iri</span> <span class='ocrx_word' id='word_1_298' title='bbox 1372 4159 1431 4204; x_wconf 90' lang='lat' dir='ltr'>nec</span> <span class='ocrx_word' id='word_1_299' title='bbox 1454 4138 1612 4204; x_wconf 81' lang='lat' dir='ltr'>Metellum</span> 
     </span>
     <span class='ocr_line' id='line_1_34' title="bbox 257 4231 1611 4321; baseline -0.001 -23"><span class='ocrx_word' id='word_1_300' title='bbox 257 4231 423 4313; x_wconf 58' lang='lat' dir='ltr'>miratrem</span> <span class='ocrx_word' id='word_1_301' title='bbox 448 4232 489 4299; x_wconf 92' lang='lat' dir='ltr'>ob</span> <span class='ocrx_word' id='word_1_302' title='bbox 512 4233 629 4300; x_wconf 91' lang='lat' dir='ltr'>dictum</span> <span class='ocrx_word' id='word_1_303' title='bbox 650 4234 750 4321; x_wconf 82' lang='lat' dir='ltr'>eapite</span> <span class='ocrx_word' id='word_1_304' title='bbox 772 4256 809 4300; x_wconf 89' lang='lat' dir='ltr'>ac</span> <span class='ocrx_word' id='word_1_305' title='bbox 829 4234 964 4301; x_wconf 81' lang='lat' dir='ltr'>forumis</span> <span class='ocrx_word' id='word_1_306' title='bbox 984 4254 1043 4321; x_wconf 90' lang='lat' dir='ltr'>per</span> <span class='ocrx_word' id='word_1_307' title='bbox 1066 4244 1096 4299; x_wconf 87' lang='lat' dir='ltr'>te</span> <span class='ocrx_word' id='word_1_308' title='bbox 1118 4243 1330 4320; x_wconf 88' lang='lat' dir='ltr'>oppugnatum</span> <span class='ocrx_word' id='word_1_309' title='bbox 1354 4231 1405 4297; x_wconf 92' lang='lat' dir='ltr'>iri.</span> <span class='ocrx_word' id='word_1_310' title='bbox 1459 4236 1561 4312; x_wconf 87' lang='lat' dir='ltr'>Quem</span> <span class='ocrx_word' id='word_1_311' title='bbox 1585 4231 1611 4297; x_wconf 89' lang='lat' dir='ltr'>si</span> 
     </span>
     <span class='ocr_line' id='line_1_35' title="bbox 293 4325 1611 4415; baseline -0.002 -22"><span class='ocrx_word' id='word_1_312' title='bbox 293 4347 406 4414; x_wconf 92' lang='lat' dir='ltr'>parum</span> <span class='ocrx_word' id='word_1_313' title='bbox 433 4327 537 4415; x_wconf 92' lang='lat' dir='ltr'>pudor</span> <span class='ocrx_word' id='word_1_314' title='bbox 566 4327 664 4415; x_wconf 92' lang='lat' dir='ltr'>ipsius</span> <span class='ocrx_word' id='word_1_315' title='bbox 689 4328 891 4404; x_wconf 80' lang='lat' dir='ltr'>defendebat,</span> <span class='ocrx_word' id='word_1_316' title='bbox 922 4327 1058 4394; x_wconf 89' lang='lat' dir='ltr'>debebat</span> <span class='ocrx_word' id='word_1_317' title='bbox 1081 4328 1132 4393; x_wconf 86' lang='lat' dir='ltr'>vel</span> <span class='ocrx_word' id='word_1_318' title='bbox 1163 4327 1298 4412; x_wconf 81' lang='lat' dir='ltr'>familiae</span> <span class='ocrx_word' id='word_1_319' title='bbox 1327 4333 1452 4392; x_wconf 89' lang='lat' dir='ltr'>nostrae</span> <span class='ocrx_word' id='word_1_320' title='bbox 1478 4325 1611 4411; x_wconf 80' lang='lat' dir='ltr'>dignitas</span> 
     </span>
     <span class='ocr_line' id='line_1_36' title="bbox 294 4419 1613 4509; baseline -0.003 -22"><span class='ocrx_word' id='word_1_321' title='bbox 294 4422 345 4488; x_wconf 87' lang='lat' dir='ltr'>vel</span> <span class='ocrx_word' id='word_1_322' title='bbox 367 4443 472 4487; x_wconf 90' lang='lat' dir='ltr'>meum</span> <span class='ocrx_word' id='word_1_323' title='bbox 494 4421 631 4488; x_wconf 88' lang='lat' dir='ltr'>studium</span> <span class='ocrx_word' id='word_1_324' title='bbox 663 4443 738 4508; x_wconf 90' lang='lat' dir='ltr'>erga</span> <span class='ocrx_word' id='word_1_325' title='bbox 768 4445 825 4490; x_wconf 89' lang='lat' dir='ltr'>vos</span> <span class='ocrx_word' id='word_1_326' title='bbox 854 4442 983 4509; x_wconf 88' lang='lat' dir='ltr'>remque</span> <span class='ocrx_word' id='word_1_327' title='bbox 1012 4421 1168 4509; x_wconf 91' lang='lat' dir='ltr'>publicam</span> <span class='ocrx_word' id='word_1_328' title='bbox 1194 4419 1268 4486; x_wconf 89' lang='lat' dir='ltr'>satis</span> <span class='ocrx_word' id='word_1_329' title='bbox 1293 4419 1468 4486; x_wconf 85' lang='lat' dir='ltr'>sublevare.</span> <span class='ocrx_word' id='word_1_330' title='bbox 1525 4424 1613 4484; x_wconf 88' lang='lat' dir='ltr'>Nunc</span> 
     </span>
    </p>
   </div>
   <div class='ocr_carea' id='block_1_10' title="bbox 296 4511 1611 4698">
    <p class='ocr_par' dir='ltr' id='par_1_12' title="bbox 296 4511 1611 4698">
     <span class='ocr_line' id='line_1_37' title="bbox 296 4511 1611 4601; baseline -0.002 -20"><span class='ocrx_word' id='word_1_331' title='bbox 296 4515 388 4582; x_wconf 87' lang='lat' dir='ltr'>video</span> <span class='ocrx_word' id='word_1_332' title='bbox 413 4516 501 4583; x_wconf 89' lang='lat' dir='ltr'>illum</span> <span class='ocrx_word' id='word_1_333' title='bbox 521 4516 855 4592; x_wconf 57' lang='lat' dir='ltr'>circumsessusne</span> <span class='ocrx_word' id='word_1_334' title='bbox 878 4515 1051 4588; x_wconf 78' lang='lat' dir='ltr'>desertum„</span> <span class='ocrx_word' id='word_1_335' title='bbox 1076 4535 1095 4580; x_wconf 94' lang='lat' dir='ltr'>a</span> <span class='ocrx_word' id='word_1_336' title='bbox 1120 4513 1234 4601; x_wconf 89' lang='lat' dir='ltr'>quibus</span> <span class='ocrx_word' id='word_1_337' title='bbox 1254 4513 1382 4579; x_wconf 91' lang='lat' dir='ltr'>minime</span> <span class='ocrx_word' id='word_1_338' title='bbox 1397 4511 1611 4578; x_wconf 80' lang='lat' dir='ltr'>conveniebat</span> 
     </span>
     <span class='ocr_line' id='line_1_38' title="bbox 296 4605 1608 4698; baseline -0.003 -25"><span class='ocrx_word' id='word_1_339' title='bbox 296 4613 327 4674; x_wconf 73' lang='lat'>2.</span> <span class='ocrx_word' id='word_1_340' title='bbox 349 4614 456 4698; x_wconf 86' lang='lat' dir='ltr'>ltaque</span> <span class='ocrx_word' id='word_1_341' title='bbox 477 4610 510 4676; x_wconf 91' lang='lat' dir='ltr'>in</span> <span class='ocrx_word' id='word_1_342' title='bbox 532 4609 617 4676; x_wconf 89' lang='lat' dir='ltr'>luctu</span> <span class='ocrx_word' id='word_1_343' title='bbox 638 4617 670 4674; x_wconf 87' lang='lat' dir='ltr'>et</span> <span class='ocrx_word' id='word_1_344' title='bbox 690 4610 836 4698; x_wconf 87' lang='lat' dir='ltr'>squalore</span> <span class='ocrx_word' id='word_1_345' title='bbox 858 4632 942 4687; x_wconf 89' lang='lat' dir='ltr'>sum,</span> <span class='ocrx_word' id='word_1_346' title='bbox 972 4610 1027 4697; x_wconf 89' lang='lat' dir='ltr'>qui</span> <span class='ocrx_word' id='word_1_347' title='bbox 1046 4608 1244 4697; x_wconf 86' lang='lat' dir='ltr'>provinciae,</span> <span class='ocrx_word' id='word_1_348' title='bbox 1267 4610 1321 4694; x_wconf 85' lang='lat' dir='ltr'>qui</span> <span class='ocrx_word' id='word_1_349' title='bbox 1344 4605 1498 4672; x_wconf 86' lang='lat' dir='ltr'>exercitui</span> <span class='ocrx_word' id='word_1_350' title='bbox 1518 4625 1608 4693; x_wconf 90' lang='lat' dir='ltr'>prae·</span> 
     </span>
    </p>
   </div>
   <div class='ocr_carea' id='block_1_11' title="bbox 296 4797 1611 5148">
    <p class='ocr_par' dir='ltr' id='par_1_13' title="bbox 296 4797 1611 5148">
     <span class='ocr_line' id='line_1_39' title="bbox 367 4797 1609 4866; baseline -0.003 -15"><span class='ocrx_word' id='word_1_351' title='bbox 367 4801 393 4850; x_wconf 71' lang='lat' dir='ltr'>t.</span> <span class='ocrx_word' id='word_1_352' title='bbox 415 4803 481 4851; x_wconf 77' lang='lat' dir='ltr'>sotis</span> <span class='ocrx_word' id='word_1_353' title='bbox 497 4801 537 4851; x_wconf 82' lang='lat' dir='ltr'>oct</span> <span class='ocrx_word' id='word_1_354' title='bbox 554 4801 634 4851; x_wconf 80' lang='lat' dir='ltr'>ettam</span> <span class='ocrx_word' id='word_1_355' title='bbox 652 4799 694 4850; x_wconf 83' lang='lat' dir='ltr'>bl:</span> <span class='ocrx_word' id='word_1_356' title='bbox 713 4803 795 4862; x_wconf 76' lang='lat' dir='ltr'>sctis,</span> <span class='ocrx_word' id='word_1_357' title='bbox 814 4804 894 4852; x_wconf 76' lang='lat' dir='ltr'>stiam</span> <span class='ocrx_word' id='word_1_358' title='bbox 913 4801 945 4853; x_wconf 87' lang='lat' dir='ltr'>ll.</span> <span class='ocrx_word' id='word_1_359' title='bbox 965 4825 997 4838; x_wconf 91' lang='lat'>-·</span> <span class='ocrx_word' id='word_1_360' title='bbox 1017 4803 1061 4852; x_wconf 87' lang='grc'><strong>11).</strong></span> <span class='ocrx_word' id='word_1_361' title='bbox 1079 4802 1137 4866; x_wconf 77' lang='lat' dir='ltr'>quis</span> <span class='ocrx_word' id='word_1_362' title='bbox 1153 4800 1192 4853; x_wconf 79' lang='lat' dir='ltr'>bl.</span> <span class='ocrx_word' id='word_1_363' title='bbox 1212 4825 1242 4837; x_wconf 90' lang='lat'>-</span> <span class='ocrx_word' id='word_1_364' title='bbox 1283 4800 1326 4850; x_wconf 84' lang='lat' dir='ltr'>t&#39;t.</span> <span class='ocrx_word' id='word_1_365' title='bbox 1345 4798 1412 4849; x_wconf 83' lang='lat' dir='ltr'>Nom</span> <span class='ocrx_word' id='word_1_366' title='bbox 1431 4811 1505 4862; x_wconf 63' lang='lat' dir='ltr'>geon</span> <span class='ocrx_word' id='word_1_367' title='bbox 1522 4797 1560 4848; x_wconf 80' lang='lat' dir='ltr'>m.</span> <span class='ocrx_word' id='word_1_368' title='bbox 1575 4815 1609 4832; x_wconf 90' lang='grc'>-</span> 
     </span>
     <span class='ocr_line' id='line_1_40' title="bbox 298 4867 1611 4936; baseline -0.004 -14"><span class='ocrx_word' id='word_1_369' title='bbox 298 4871 341 4922; x_wconf 82' lang='grc'>18.</span> <span class='ocrx_word' id='word_1_370' title='bbox 359 4875 468 4924; x_wconf 78' lang='lat' dir='ltr'>scissam</span> <span class='ocrx_word' id='word_1_371' title='bbox 484 4870 530 4922; x_wconf 80' lang='lat' dir='ltr'>ll:</span> <span class='ocrx_word' id='word_1_372' title='bbox 549 4871 659 4922; x_wconf 76' lang='lat' dir='ltr'>sciebam</span> <span class='ocrx_word' id='word_1_373' title='bbox 676 4869 708 4920; x_wconf 85' lang='lat' dir='ltr'>It.</span> <span class='ocrx_word' id='word_1_374' title='bbox 736 4897 766 4906; x_wconf 89' lang='lat'><em>-</em></span> <span class='ocrx_word' id='word_1_375' title='bbox 805 4872 849 4923; x_wconf 79' lang='lat' dir='ltr'>m.</span> <span class='ocrx_word' id='word_1_376' title='bbox 870 4880 983 4936; x_wconf 70' lang='lat' dir='ltr'>ternpore</span> <span class='ocrx_word' id='word_1_377' title='bbox 1001 4879 1025 4922; x_wconf 78' lang='lat' dir='ltr'>te</span> <span class='ocrx_word' id='word_1_378' title='bbox 1041 4873 1152 4922; x_wconf 78' lang='lat' dir='ltr'>breuiter</span> <span class='ocrx_word' id='word_1_379' title='bbox 1175 4871 1331 4922; x_wconf 73' lang='lat' dir='ltr'>Lambinus.</span> <span class='ocrx_word' id='word_1_380' title='bbox 1360 4893 1393 4906; x_wconf 82' lang='lat'><em>-</em></span> <span class='ocrx_word' id='word_1_381' title='bbox 1428 4867 1472 4918; x_wconf 77' lang='lat'>21.</span> <span class='ocrx_word' id='word_1_382' title='bbox 1496 4868 1526 4917; x_wconf 83' lang='lat' dir='ltr'>s‘n</span> <span class='ocrx_word' id='word_1_383' title='bbox 1540 4867 1611 4930; x_wconf 75' lang='lat' dir='ltr'>psat·</span> 
     </span>
     <span class='ocr_line' id='line_1_41' title="bbox 296 4939 1611 5006; baseline -0.005 -14"><span class='ocrx_word' id='word_1_384' title='bbox 296 4943 355 4992; x_wconf 81' lang='lat' dir='ltr'>culo</span> <span class='ocrx_word' id='word_1_385' title='bbox 372 4943 507 4998; x_wconf 76' lang='lat' dir='ltr'>(Ambros.</span> <span class='ocrx_word' id='word_1_386' title='bbox 537 4941 591 4991; x_wconf 63' lang='lat'>12.»</span> <span class='ocrx_word' id='word_1_387' title='bbox 619 4941 781 5000; x_wconf 80' lang='lat' dir='ltr'>Lambinus.</span> <span class='ocrx_word' id='word_1_388' title='bbox 811 4943 940 5006; x_wconf 83' lang='lat' dir='ltr'>probante</span> <span class='ocrx_word' id='word_1_389' title='bbox 968 4943 1074 4993; x_wconf 80' lang='lat' dir='ltr'>Handlo</span> <span class='ocrx_word' id='word_1_390' title='bbox 1093 4942 1172 4992; x_wconf 79' lang='lat' dir='ltr'>Turn.</span> <span class='ocrx_word' id='word_1_391' title='bbox 1193 4941 1242 4991; x_wconf 90' lang='lat' dir='ltr'>lll.</span> <span class='ocrx_word' id='word_1_392' title='bbox 1263 4955 1289 5005; x_wconf 84' lang='lat' dir='ltr'>p.</span> <span class='ocrx_word' id='word_1_393' title='bbox 1314 4939 1375 4990; x_wconf 69' lang='lat'>255.</span> <span class='ocrx_word' id='word_1_394' title='bbox 1397 4962 1425 4974; x_wconf 92' lang='lat'>—</span> <span class='ocrx_word' id='word_1_395' title='bbox 1463 4939 1508 4988; x_wconf 70' lang='lat'>22.</span> <span class='ocrx_word' id='word_1_396' title='bbox 1527 4939 1611 5002; x_wconf 70' lang='lat' dir='ltr'>[erns-</span> 
     </span>
     <span class='ocr_line' id='line_1_42' title="bbox 296 5005 1609 5075; baseline -0.005 -13"><span class='ocrx_word' id='word_1_397' title='bbox 296 5025 359 5062; x_wconf 82' lang='lat' dir='ltr'>nom</span> <span class='ocrx_word' id='word_1_398' title='bbox 375 5020 421 5063; x_wconf 81' lang='lat' dir='ltr'>aut</span> <span class='ocrx_word' id='word_1_399' title='bbox 437 5013 609 5075; x_wconf 66' lang='lat' dir='ltr'>proconesum</span> <span class='ocrx_word' id='word_1_400' title='bbox 626 5011 664 5064; x_wconf 84' lang='grc' dir='ltr'>Μ.</span> <span class='ocrx_word' id='word_1_401' title='bbox 693 5038 723 5048; x_wconf 90' lang='grc'><strong>-</strong></span> <span class='ocrx_word' id='word_1_402' title='bbox 760 5012 804 5063; x_wconf 72' lang='lat'>29.</span> <span class='ocrx_word' id='word_1_403' title='bbox 823 5027 868 5065; x_wconf 82' lang='lat' dir='ltr'>nse</span> <span class='ocrx_word' id='word_1_404' title='bbox 885 5014 1015 5064; x_wconf 77' lang='lat' dir='ltr'>ntsmsem</span> <span class='ocrx_word' id='word_1_405' title='bbox 1031 5027 1071 5064; x_wconf 78' lang='lat' dir='ltr'>osc</span> <span class='ocrx_word' id='word_1_406' title='bbox 1088 5011 1225 5064; x_wconf 79' lang='lat' dir='ltr'>oremus:</span> <span class='ocrx_word' id='word_1_407' title='bbox 1250 5025 1295 5062; x_wconf 83' lang='lat' dir='ltr'>nec</span> <span class='ocrx_word' id='word_1_408' title='bbox 1313 5009 1416 5060; x_wconf 68' lang='lat' dir='ltr'>otram</span> <span class='ocrx_word' id='word_1_409' title='bbox 1433 5006 1462 5062; x_wconf 78' lang='grc' dir='ltr'><strong>Μ</strong></span> <span class='ocrx_word' id='word_1_410' title='bbox 1472 5043 1480 5070; x_wconf 83' lang='lat'><em>,</em></span> <span class='ocrx_word' id='word_1_411' title='bbox 1504 5019 1549 5058; x_wconf 82' lang='lat' dir='ltr'>nee</span> <span class='ocrx_word' id='word_1_412' title='bbox 1564 5005 1609 5056; x_wconf 85' lang='lat' dir='ltr'>cb·</span> 
     </span>
     <span class='ocr_line' id='line_1_43' title="bbox 296 5081 982 5148; baseline 0.001 -15"><span class='ocrx_word' id='word_1_413' title='bbox 296 5089 392 5134; x_wconf 78' lang='lat' dir='ltr'>sentem</span> <span class='ocrx_word' id='word_1_414' title='bbox 411 5083 450 5144; x_wconf 78' lang='lat' dir='ltr'>B,</span> <span class='ocrx_word' id='word_1_415' title='bbox 468 5095 514 5133; x_wconf 80' lang='lat' dir='ltr'>asc</span> <span class='ocrx_word' id='word_1_416' title='bbox 530 5095 570 5131; x_wconf 85' lang='lat' dir='ltr'>me</span> <span class='ocrx_word' id='word_1_417' title='bbox 587 5081 716 5132; x_wconf 81' lang='lat' dir='ltr'>absentem</span> <span class='ocrx_word' id='word_1_418' title='bbox 734 5082 982 5148; x_wconf 61' lang='lat' dir='ltr'>Moruni-Lagona.</span> 
     </span>
    </p>
   </div>
   <div class='ocr_carea' id='block_1_12' title="bbox 0 0 1832 5861">
    <p class='ocr_par' dir='ltr' id='par_1_14' title="bbox 0 0 1832 5861">
     <span class='ocr_line' id='line_1_44' title="bbox 0 0 1832 5861; baseline 0 0"><span class='ocrx_word' id='word_1_419' title='bbox 0 0 1832 5861; x_wconf 95' lang='lat' dir='ltr'> </span> 
     </span>
    </p>
   </div>
  </div>
 </body>
</html>
