3662 5908
313 443 376 505 884
546 477 549 486 .
749 441 1023 506 EPISTOIARUM
1044 443 1097 504 AD
1118 444 1209 507 FAM.

801 603 838 664 ι.
882 597 929 683 (ι.
958 602 990 664 ιι
1013 602 1046 666 c.
1068 599 1154 674 ιιι.)

509 726 550 789 Μ.
573 723 716 789 CICERO
738 726 818 788 IMP.
841 725 871 787 S.
893 727 931 787 D.
954 724 987 790 C.
1008 723 1223 789 MARCELLO
1246 725 1278 788 C.
1300 725 1333 786 F.
1356 723 1441 788 COS.

399 839 428 902 l.
450 834 607 914 Quoniam
627 834 659 900 id
677 834 803 910 accidit,
826 834 912 943 quod
931 834 1009 900 mibi
1026 834 1162 899 maxime
1179 833 1239 900 luit
1258 843 1421 920 optatum,
1442 844 1478 900 ιιι
1498 835 1639 902 omniurn

312 929 549 1003 Marcellorum,
572 928 825 995 Marcellinorum
846 928 1002 994 etiam-
1025 927 1174 993 mirificus
1196 933 1279 994 enim
1301 929 1425 1014 generis
1446 951 1482 994 ac
1504 931 1639 996 nominis

288 1028 408 1090 arestri
435 1023 495 1089 luit
525 1043 600 1108 erga
627 1043 677 1086 mc
706 1043 831 1108 semper
860 1025 1036 1087 animus-
1053 1023 1248 1108 ,quoniam
1275 1042 1352 1107 ergo
1374 1023 1414 1089 ita
1436 1024 1567 1097 accidit,
1584 1033 1640 1120 put

311 1118 452 1184 omnium
473 1122 613 1182 vestrum
635 1117 740 1183 studio
761 1125 833 1182 tuus
848 1116 1026 1182 consulatus
1049 1115 1228 1182 satisfacere
1246 1126 1353 1203 posset
1375 1107 1424 1196 (in
1440 1140 1534 1205 quem
1549 1140 1639 1184 meac

116 1229 216 1318 521
311 1233 363 1277 res
392 1222 496 1296 gestae
526 1211 656 1298 lausque
678 1220 710 1276 et
731 1209 831 1276 honos
852 1231 963 1275 earum
984 1209 1182 1295 potissimum
1204 1166 1377 1302 incideret)
1402 1223 1476 1298 peto
1498 1234 1515 1277 a
1537 1221 1568 1277 te
1591 1212 1638 1286 id,

116 1290 189 1336 ‘⁸
312 1306 398 1394 quod
419 1305 599 1371 facillimum
621 1303 704 1370 sactu
726 1314 789 1380 est,
812 1325 875 1370 non
895 1314 1099 1391 aspernante,
1120 1313 1156 1370 ut
1177 1303 1318 1380 conlido,
1340 1315 1470 1382 senatu,
1492 1315 1638 1392 utquam

312 1399 658 1467 honorificentissimum
690 1409 815 1465 senatus
845 1398 1021 1465 consultum
1051 1399 1162 1465 litteris
1189 1397 1269 1464 meis
1301 1400 1438 1466 recitatis
1458 1400 1637 1467 faciundum

278 1514 415 1560 inaures.
458 1498 488 1558 2.
510 1494 543 1559 Si
565 1493 641 1558 mibi
661 1502 764 1558 tecum
787 1493 890 1558 minus
913 1502 1011 1566 essct,
1034 1514 1126 1580 quam
1150 1502 1197 1558 est
1219 1513 1289 1558 cum
1310 1493 1370 1560 tuis
1386 1494 1543 1569 omnibus,
1565 1495 1640 1561 alle-

312 1609 419 1672 garem
448 1588 488 1654 ad
515 1597 544 1652 tc
566 1587 652 1662 illos,
685 1585 840 1674 aquibus
868 1587 1014 1672 intelligis
1047 1609 1097 1654 me
1118 1587 1286 1674 praecipue
1318 1587 1415 1674 diligi.
1469 1589 1570 1654 Patris
1592 1587 1639 1653 tui

182 1718 192 1746 ,·
312 1681 465 1748 beneficia
491 1681 524 1746 in
550 1703 600 1746 me
623 1690 695 1747 sunt
716 1682 922 1768 amplissima;
944 1702 1047 1767 neque
1069 1681 1153 1747 enim
1175 1681 1267 1746 saluti
1289 1703 1377 1756 meae
1399 1703 1502 1769 neque
1523 1679 1639 1746 bonori

312 1776 444 1841 amicior
463 1775 627 1863 quisquam
650 1775 711 1842 dici
731 1783 844 1863 potest.
901 1779 1011 1840 Frater
1032 1785 1103 1841 tuus
1125 1779 1233 1862 quanti
1262 1797 1312 1840 me
1337 1775 1430 1840 saciat
1452 1793 1639 1861 semperque

313 1870 438 1945 lecerit,
461 1891 530 1936 esso
545 1869 718 1946 bominem,
742 1870 796 1957 qui
812 1874 951 1955 ignoret,
974 1868 1114 1934 arbitror
1129 1869 1297 1934 neminem.
1339 1874 1459 1934 Domus
1481 1877 1533 1934 tua
1552 1869 1640 1934 deni·

278 1987 304 2026 ιι
312 1985 373 2052 que
395 1974 461 2031 tota
483 1987 533 2030 me
555 1984 680 2050 semper
701 1962 846 2030 omnibus
870 1963 1001 2029 summis
1028 1963 1138 2030 olliciis
1160 1974 1326 2050 prosecuta
1341 1971 1397 2028 est.
1440 1967 1547 2048 Neque
1562 1984 1639 2030 vero

312 2069 346 2123 ιιι
372 2058 404 2122 in
437 2080 487 2124 me
516 2057 675 2142 diligendo
704 2058 849 2145 cuiquam
882 2058 1063 2123 concessisti
1092 2067 1231 2122 tuorum.
1287 2059 1394 2134 Quare
1419 2077 1436 2120 a
1458 2065 1488 2121 tc
1511 2065 1584 2141 peto
1606 2057 1640 2121 in

312 2151 465 2216 maiorem
495 2151 644 2227 modum,
682 2161 718 2217 ut
740 2173 791 2216 me
816 2171 874 2236 per
897 2161 929 2215 te
955 2173 1048 2239 quam
1073 2151 1305 2217 ornatissimum
1326 2151 1404 2218 velis
1432 2171 1501 2216 esse
1523 2171 1640 2214 meam·

313 2265 374 2330 que
400 2255 431 2310 et
458 2245 491 2311 iu
519 2246 746 2332 supplicatione
769 2244 965 2310 decernenda
993 2256 1025 2312 et
1057 2244 1089 2310 in
1120 2244 1232 2310 ceteris
1256 2243 1353 2312 rebus
1374 2243 1640 2346 existimationem

313 2337 388 2402 satis
411 2335 467 2403 tibi
489 2359 558 2403 esse
579 2338 827 2405 commendatam
849 2350 950 2426 putes.

274 2521 303 2562 o
790 2511 846 2574 ιι.
888 2506 937 2593 (ι.
963 2511 995 2574 ιι
1018 2511 1050 2574 e.
1073 2506 1158 2587 ιιι.)

563 2632 605 2695 Μ.
628 2630 770 2696 CICERO
792 2633 873 2696 IMP.
895 2633 927 2696 S.
947 2635 986 2696 Ι).
1009 2634 1042 2697 C.
1064 2633 1277 2696 mancello
1300 2630 1385 2696 COS.

399 2743 427 2805 1.
457 2741 598 2818 Quantae
630 2761 725 2805 curae
754 2739 811 2808 tibi
840 2762 929 2807 meus
958 2741 1060 2809 honos
1088 2740 1184 2808 luerit
1207 2750 1239 2806 et
1260 2761 1352 2828 quam
1375 2739 1459 2805 idem
1482 2741 1639 2806 exstiteris

313 2834 422 2900 consul
443 2834 476 2898 in
499 2855 550 2899 me
570 2833 711 2900 ornando
734 2843 764 2900 et
786 2835 1017 2922 amplificando,
1054 2836 1109 2923 qui
1131 2835 1236 2900 lucras
1265 2855 1389 2920 semper
1413 2855 1483 2899 cum
1503 2835 1639 2921 parenti·

312 2926 372 2993 bus
393 2928 456 2995 tuis
478 2935 599 2994 etcum
623 2937 687 2994 tota
714 2928 825 3005 domo,
859 2931 918 2996 etsi
938 2952 991 2997 res
1007 2931 1076 3018 ipsa
1097 2929 1299 3017 loquebatur,
1322 2927 1455 3014 cognovi
1478 2937 1579 2992 minen
1598 2949 1639 2992 ex

276 3041 456 3088 asmeorum
486 3022 626 3088 omnium
657 3023 780 3090 litteris.
837 3028 944 3111 ltaque
966 3024 1044 3090 nihil
1074 3034 1121 3090 est
1149 3032 1281 3099 ιιιιιιιιιιι,
1312 3021 1399 3110 quod
1420 3042 1479 3106 ego
1501 3043 1564 3087 non
1587 3030 1640 3087 tua

312 3137 405 3182 causa
427 3115 557 3181 debeam
578 3115 781 3204 lactumsque
802 3118 860 3184 sim
882 3120 989 3200 †cum
1010 3117 1149 3184 studiose
1171 3139 1206 3182 ac
1227 3115 1371 3181 libenter.
1424 3121 1454 3181 2.
1476 3121 1553 3181 Nam
1574 3137 1639 3181 ma·

312 3209 366 3296 gni
393 3209 538 3286 interest,
571 3211 623 3276 cui
651 3209 775 3281 debeas.
827 3212 952 3277 Debere
973 3222 1078 3278 autem
1100 3211 1216 3277 nemini
1243 3209 1339 3275 malui
1361 3231 1454 3296 ᾳιιιιιι
1476 3209 1550 3284 tibi,
1587 3210 1639 3275 cui

312 3324 363 3368 me
385 3312 450 3369 tum
473 3304 574 3371 studia
603 3306 798 3380 eommunia,
826 3305 978 3371 beneficia
1001 3315 1130 3392 paterna
1151 3315 1267 3391 tuaque
1288 3304 1351 3369 iam
1374 3312 1445 3368 anto
1467 3304 1639 3369 coniunxc-

313 3407 399 3472 rant,
432 3409 498 3463 tum
520 3398 638 3463 accedit
666 3419 736 3464 mea
757 3399 884 3485 quidem
906 3401 1057 3466 sententia
1079 3398 1249 3464 maximum
1276 3397 1451 3472 vinculum,
1489 3395 1574 3484 quod
1596 3398 1639 3462 ita

276 3505 382 3555 aorem
403 3489 560 3576 publicam
580 3493 665 3577 geris
686 3502 779 3579 atquc
800 3493 939 3578 gessisti,
974 3515 1035 3581 qua
1056 3493 1133 3558 mibi
1155 3492 1258 3557 carius
1279 3490 1357 3556 nibil
1378 3499 1442 3566 est,
1469 3501 1517 3564 ιιι,
1539 3513 1637 3578 quao-

313 3593 379 3650 tum
400 3583 458 3649 tibi
479 3605 589 3650 omnes
610 3584 686 3651 boni
707 3585 855 3662 debeant,
889 3608 953 3674 quo
974 3587 1078 3652 minus
1100 3584 1279 3651 tantundem
1301 3605 1362 3669 ego
1383 3605 1464 3649 unus
1487 3582 1637 3660 debeam,

314 3699 376 3744 non
398 3698 552 3744 recusem.
611 3679 824 3756 Quamobrem
856 3679 914 3746 tibi
941 3681 1037 3746 velim
1057 3681 1080 3746 ii
1110 3681 1172 3745 sint
1192 3679 1315 3754 exitus,
1352 3698 1432 3764 quos
1454 3679 1586 3743 mereris
1607 3686 1640 3742 ct

314 3791 395 3857 quos
417 3770 487 3836 lore
508 3771 643 3838 conlido.
696 3778 781 3859 Ego,
815 3773 842 3839 si
863 3795 915 3839 me
936 3775 1092 3860 navigatio
1114 3794 1178 3839 non
1199 3771 1390 3846 morabitur,
1427 3793 1508 3858 quae
1534 3772 1638 3838 incur-

314 3863 404 3930 rebat
424 3865 457 3930 in
478 3865 563 3952 ipsos
586 3871 714 3942 etesias,
737 3867 922 3954 propediem
943 3877 991 3945 te,
1014 3877 1050 3935 nt
1071 3889 1183 3956 spero,
1206 3866 1332 3934 videbo.

278 4033 306 4074 a
779 4019 850 4082 ιιι.
893 4017 946 4099 (ι.
972 4020 1005 4084 ιι
1027 4020 1060 4084 c.
1082 4020 1172 4100 roa.)

513 4142 556 4205 Μ.
579 4141 722 4204 CICERO
743 4143 823 4205 IMP.
845 4141 877 4204 S.
897 4143 936 4204 Ι).
957 4141 992 4204 Ι..
1014 4143 1167 4207 PAULLO
1191 4143 1275 4208 COS.
1296 4146 1425 4211 DESIG.

401 4253 428 4314 1.
456 4249 523 4314 Etsi
548 4249 623 4314 mibi
652 4271 810 4338 uunquam
838 4249 898 4316 luit
918 4249 1064 4327 dubium,
1094 4252 1169 4338 quin
1191 4262 1221 4318 te
1242 4254 1377 4340 populus
1399 4260 1556 4320 Romanus
1578 4273 1637 4340 pro

313 4342 375 4410 tuis
403 4343 534 4409 summis
565 4344 598 4409 in
619 4365 687 4409 rem
709 4343 865 4431 publicam
892 4343 1012 4410 meritis
1033 4353 1066 4409 et
1086 4366 1145 4432 pro
1167 4347 1357 4432 amplissima
1379 4347 1516 4412 familiae
1538 4345 1637 4431 digni·

313 4445 395 4512 tate,
433 4457 556 4502 summo
577 4438 701 4514 studio,
737 4439 856 4503 cunctis
878 4437 1034 4523 suffragiis
1056 4440 1216 4505 consulem
1238 4439 1376 4507 facturus
1398 4451 1500 4517 esset,
1534 4451 1637 4505 tamen

277 4556 305 4599 ιι
313 4529 489 4595 incredibili
520 4531 635 4597 laetitia
664 4553 734 4598 sum
761 4531 908 4608 affectus,
945 4553 1015 4598 cum
1048 4532 1081 4598 id
1102 4534 1180 4599 mibi
1200 4535 1375 4600 nuntiatum
1398 4544 1464 4613 est;
1503 4555 1637 4620 eumque

383 4749 410 4799 3.
430 4755 457 4800 et
474 4749 501 4800 5.
521 4748 651 4812 οιιοιιιιιιιι
667 4749 713 4802 bl:
735 4751 845 4814 Quando
863 4752 895 4802 E.
916 4775 947 4788 -
977 4751 1003 4802 8.
1023 4753 1121 4816 factust
1139 4752 1176 4804 Μ.
1197 4777 1230 4786 -
1266 4753 1293 4805 e.
1313 4752 1637 4819 bonortflcmtsmsmu·

315 4825 371 4868 tum
397 4819 541 4869 cmuultum
566 4819 603 4870 Μ.
634 4843 665 4856 -
700 4821 842 4884 samonam
867 4821 905 4873 Μ.
932 4845 964 4858 ·-
1001 4821 1044 4872 14.
1071 4825 1179 4886 ignorat
1203 4821 1241 4873 Μ.
1273 4845 1304 4857 -
1341 4823 1384 4871 28.
1412 4825 1529 4874 extiterit
1547 4823 1584 4874 lt.
1605 4843 1638 4858 ·-

313 4888 358 4939 88.
387 4903 444 4939 mm
470 4889 585 4938 studiose
615 4896 669 4939 tum
700 4891 807 4940 libenter
834 4905 864 4941 er
890 4893 1001 4954 antiqua
1030 4894 1199 4942 correctione
1225 4892 1380 4942 Lambinus.
1420 4895 1472 4943 lut
1491 4893 1637 4955 legendum

312 4959 991 5021 promatudaoaaoclabentcrcumllandiol‘urs.
1013 4963 1168 5024 1.p.t.oo
1189 4969 1243 5022 ιιιιι,
1265 4963 1335 5024 quod
1357 4963 1494 5021 malimus,
1514 4978 1570 5012 curn
1593 4963 1638 5012 da-

314 5026 425 5078 lendum
453 5042 515 5079 cum
547 5030 637 5079 B.-
673 5031 718 5080 28.
750 5037 805 5080 tum
829 5032 877 5081 Μ.
905 5032 1070 5082 ιιιιιιΕ.-
1106 5033 1149 5081 30.
1178 5035 1255 5097 parim
1283 5035 1390 5098 potamia
1422 5033 1513 5084 Μ.-
1549 5033 1593 5083 32.
1617 5034 1639 5082 ι“ι’

313 5095 359 5146 bl:
378 5097 506 5149 bill.-
542 5098 584 5149 38.
604 5100 722 5162 [amoma
741 5107 801 5152 tuac
820 5101 948 5167 dipmtotc
968 5101 1075 5152 volebat
1093 5101 1242 5153 Ernestius.
