<?xml version="1.0" encoding="UTF-8"?>
<!DOCTYPE html PUBLIC "-//W3C//DTD XHTML 1.0 Transitional//EN"
    "http://www.w3.org/TR/xhtml1/DTD/xhtml1-transitional.dtd">
<html xmlns="http://www.w3.org/1999/xhtml" xml:lang="en" lang="en">
 <head>
  <title>
</title>
<meta http-equiv="Content-Type" content="text/html;charset=utf-8" />
  <meta name='ocr-system' content='tesseract 3.04.00' />
  <meta name='ocr-capabilities' content='ocr_page ocr_carea ocr_par ocr_line ocrx_word'/>
</head>
<body>
  <div class='ocr_page' id='page_1' title='image "./mtulliiciceroni06baitgoog/mtulliiciceroni06baitgoog_0777.png"; bbox 0 0 3662 5892; ppageno 0'>
   <div class='ocr_carea' id='block_1_1' title="bbox 342 441 1156 506">
    <p class='ocr_par' dir='ltr' id='par_1_1' title="bbox 342 441 1156 506">
     <span class='ocr_line' id='line_1_1' title="bbox 342 441 1156 506; baseline 0 -2"><span class='ocrx_word' id='word_1_1' title='bbox 342 443 404 506; x_wconf 83' lang='lat'><strong>716</strong></span> <span class='ocrx_word' id='word_1_2' title='bbox 830 441 888 504; x_wconf 83' lang='grc' dir='ltr'><strong>ΕΡ.</strong></span> <span class='ocrx_word' id='word_1_3' title='bbox 910 442 962 503; x_wconf 81' lang='grc' dir='ltr'><strong>ΑΙ)</strong></span> <span class='ocrx_word' id='word_1_4' title='bbox 984 441 1156 504; x_wconf 80' lang='lat' dir='ltr'><strong>AT&#39;l&#39;lCUbl</strong></span> 
     </span>
    </p>
   </div>
   <div class='ocr_carea' id='block_1_2' title="bbox 339 593 1671 759">
    <p class='ocr_par' dir='ltr' id='par_1_2' title="bbox 339 593 1671 759">
     <span class='ocr_line' id='line_1_2' title="bbox 340 593 1671 682; baseline -0.005 -16"><span class='ocrx_word' id='word_1_5' title='bbox 340 611 413 666; x_wconf 86' lang='lat' dir='ltr'><strong>tate.</strong></span> <span class='ocrx_word' id='word_1_6' title='bbox 456 604 518 664; x_wconf 90' lang='lat' dir='ltr'><strong>Nec</strong></span> <span class='ocrx_word' id='word_1_7' title='bbox 546 608 607 663; x_wconf 89' lang='lat' dir='ltr'><strong>tam</strong></span> <span class='ocrx_word' id='word_1_8' title='bbox 636 598 728 664; x_wconf 87' lang='lat' dir='ltr'><strong>statui</strong></span> <span class='ocrx_word' id='word_1_9' title='bbox 756 619 796 663; x_wconf 82' lang='lat' dir='ltr'><strong>ex</strong></span> <span class='ocrx_word' id='word_1_10' title='bbox 817 598 904 662; x_wconf 91' lang='lat' dir='ltr'><strong>ltalia</strong></span> <span class='ocrx_word' id='word_1_11' title='bbox 926 596 1033 670; x_wconf 83' lang='lat' dir='ltr'><strong>exire,</strong></span> <span class='ocrx_word' id='word_1_12' title='bbox 1062 595 1101 662; x_wconf 91' lang='lat' dir='ltr'><strong>de</strong></span> <span class='ocrx_word' id='word_1_13' title='bbox 1123 617 1187 682; x_wconf 92' lang='lat' dir='ltr'><strong>quo</strong></span> <span class='ocrx_word' id='word_1_14' title='bbox 1208 608 1313 661; x_wconf 92' lang='lat' dir='ltr'><strong>tecum</strong></span> <span class='ocrx_word' id='word_1_15' title='bbox 1335 593 1536 668; x_wconf 88' lang='lat' dir='ltr'><strong>deliberabo,</strong></span> <span class='ocrx_word' id='word_1_16' title='bbox 1567 616 1671 682; x_wconf 84' lang='lat' dir='ltr'><strong>quam</strong></span> 
     </span>
     <span class='ocr_line' id='line_1_3' title="bbox 339 694 644 759; baseline -0.007 0"><span class='ocrx_word' id='word_1_17' title='bbox 339 695 420 759; x_wconf 87' lang='lat' dir='ltr'><strong>istuc</strong></span> <span class='ocrx_word' id='word_1_18' title='bbox 441 714 503 759; x_wconf 93' lang='lat' dir='ltr'><strong>non</strong></span> <span class='ocrx_word' id='word_1_19' title='bbox 525 694 644 758; x_wconf 82' lang='lat' dir='ltr'><strong>venire.</strong></span> 
     </span>
    </p>
   </div>
   <div class='ocr_carea' id='block_1_3' title="bbox 814 781 1192 910">
    <p class='ocr_par' dir='ltr' id='par_1_3' title="bbox 814 781 1192 910">
     <span class='ocr_line' id='line_1_4' title="bbox 814 781 1192 910; baseline 0 -15"><span class='ocrx_word' id='word_1_20' title='bbox 814 835 861 897; x_wconf 87' lang='lat' dir='ltr'><strong>l&#39;l.</strong></span> <span class='ocrx_word' id='word_1_21' title='bbox 905 833 964 910; x_wconf 82' lang='lat' dir='ltr'><strong>(A.</strong></span> <span class='ocrx_word' id='word_1_22' title='bbox 991 835 1024 896; x_wconf 83' lang='lat' dir='ltr'><strong>ll.</strong></span> <span class='ocrx_word' id='word_1_23' title='bbox 1046 834 1078 897; x_wconf 85' lang='lat' dir='ltr'><strong>C.</strong></span> <span class='ocrx_word' id='word_1_24' title='bbox 1100 781 1192 908; x_wconf 34' lang='lat'><strong>710⁹.)</strong></span> 
     </span>
    </p>
   </div>
   <div class='ocr_carea' id='block_1_4' title="bbox 161 954 1667 1188">
    <p class='ocr_par' dir='ltr' id='par_1_4' title="bbox 161 954 1667 1188">
     <span class='ocr_line' id='line_1_5' title="bbox 813 954 1174 1022; baseline -0.011 0"><span class='ocrx_word' id='word_1_25' title='bbox 813 955 954 1022; x_wconf 85' lang='lat' dir='ltr'>CICERO</span> <span class='ocrx_word' id='word_1_26' title='bbox 977 954 1120 1020; x_wconf 82' lang='lat' dir='ltr'>ATTICO</span> <span class='ocrx_word' id='word_1_27' title='bbox 1143 957 1174 1018; x_wconf 89' lang='lat' dir='ltr'><strong>S.</strong></span> 
     </span>
     <span class='ocr_line' id='line_1_6' title="bbox 161 1049 1667 1188; baseline 0.001 -60"><span class='ocrx_word' id='word_1_28' title='bbox 161 1067 235 1188; x_wconf 36' lang='grc' dir='ltr'><strong>ᾖ]</strong></span> <span class='ocrx_word' id='word_1_29' title='bbox 320 1090 333 1128; x_wconf 84' lang='lat' dir='ltr'><strong>a</strong></span> <span class='ocrx_word' id='word_1_30' title='bbox 426 1051 467 1154; x_wconf 79' lang='lat'><strong>1(</strong></span> <span class='ocrx_word' id='word_1_31' title='bbox 477 1072 553 1135; x_wconf 88' lang='lat' dir='ltr'><strong>Cum</strong></span> <span class='ocrx_word' id='word_1_32' title='bbox 568 1067 608 1132; x_wconf 91' lang='lat' dir='ltr'><strong>ad</strong></span> <span class='ocrx_word' id='word_1_33' title='bbox 624 1089 673 1132; x_wconf 91' lang='lat' dir='ltr'><strong>me</strong></span> <span class='ocrx_word' id='word_1_34' title='bbox 688 1073 800 1133; x_wconf 88' lang='lat' dir='ltr'><strong>Brutus</strong></span> <span class='ocrx_word' id='word_1_35' title='bbox 822 1078 929 1132; x_wconf 89' lang='lat' dir='ltr'><strong>noster</strong></span> <span class='ocrx_word' id='word_1_36' title='bbox 944 1065 1117 1150; x_wconf 81' lang='lat' dir='ltr'><strong>scripsisset</strong></span> <span class='ocrx_word' id='word_1_37' title='bbox 1136 1075 1167 1130; x_wconf 92' lang='lat' dir='ltr'><strong>et</strong></span> <span class='ocrx_word' id='word_1_38' title='bbox 1182 1049 1331 1142; x_wconf 83' lang='lat' dir='ltr'><strong>Cassius,)</strong></span> <span class='ocrx_word' id='word_1_39' title='bbox 1343 1076 1377 1129; x_wconf 96' lang='lat' dir='ltr'><strong>ut</strong></span> <span class='ocrx_word' id='word_1_40' title='bbox 1391 1065 1542 1138; x_wconf 90' lang='lat' dir='ltr'><strong>llirtium,</strong></span> <span class='ocrx_word' id='word_1_41' title='bbox 1566 1087 1667 1151; x_wconf 89' lang='lat' dir='ltr'><strong>quem</strong></span> 
     </span>
    </p>
   </div>
   <div class='ocr_carea' id='block_1_5' title="bbox 309 1148 1667 1719">
    <p class='ocr_par' dir='ltr' id='par_1_5' title="bbox 339 1148 1667 1532">
     <span class='ocr_line' id='line_1_7' title="bbox 340 1148 1667 1247; baseline -0.002 -20"><span class='ocrx_word' id='word_1_42' title='bbox 340 1162 441 1227; x_wconf 91' lang='lat' dir='ltr'><strong>adbuc</strong></span> <span class='ocrx_word' id='word_1_43' title='bbox 463 1161 578 1227; x_wconf 93' lang='lat' dir='ltr'><strong>bonum</strong></span> <span class='ocrx_word' id='word_1_44' title='bbox 601 1163 698 1228; x_wconf 89' lang='lat' dir='ltr'><strong>luisse</strong></span> <span class='ocrx_word' id='word_1_45' title='bbox 720 1161 857 1227; x_wconf 79' lang='lat' dir='ltr'><strong>sciebant</strong></span> <span class='ocrx_word' id='word_1_46' title='bbox 878 1181 981 1247; x_wconf 88' lang='lat' dir='ltr'><strong>neque</strong></span> <span class='ocrx_word' id='word_1_47' title='bbox 1002 1155 1075 1224; x_wconf 77' lang='lat' dir='ltr'><strong>euin</strong></span> <span class='ocrx_word' id='word_1_48' title='bbox 1096 1158 1292 1224; x_wconf 87' lang='lat' dir='ltr'><strong>confidebant</strong></span> <span class='ocrx_word' id='word_1_49' title='bbox 1306 1148 1398 1230; x_wconf 78' lang='lat' dir='ltr'><strong>iore,</strong></span> <span class='ocrx_word' id='word_1_50' title='bbox 1427 1179 1496 1222; x_wconf 88' lang='lat' dir='ltr'><strong>mea</strong></span> <span class='ocrx_word' id='word_1_51' title='bbox 1524 1161 1667 1224; x_wconf 88' lang='lat' dir='ltr'><strong>auctori·</strong></span> 
     </span>
     <span class='ocr_line' id='line_1_8' title="bbox 340 1252 1665 1324; baseline -0.002 -4"><span class='ocrx_word' id='word_1_52' title='bbox 340 1266 401 1320; x_wconf 85' lang='lat' dir='ltr'><strong>tate</strong></span> <span class='ocrx_word' id='word_1_53' title='bbox 422 1256 583 1321; x_wconf 88' lang='lat' dir='ltr'><strong>meliorem</strong></span> <span class='ocrx_word' id='word_1_54' title='bbox 606 1255 740 1320; x_wconf 85' lang='lat' dir='ltr'><strong>iacerem</strong></span> <span class='ocrx_word' id='word_1_55' title='bbox 759 1295 796 1306; x_wconf 87' lang='lat'>-</span> <span class='ocrx_word' id='word_1_56' title='bbox 815 1255 949 1320; x_wconf 85' lang='lat' dir='ltr'><strong>Antonio</strong></span> <span class='ocrx_word' id='word_1_57' title='bbox 972 1263 1019 1318; x_wconf 87' lang='lat' dir='ltr'><strong>est</strong></span> <span class='ocrx_word' id='word_1_58' title='bbox 1040 1253 1122 1318; x_wconf 92' lang='lat' dir='ltr'><strong>enim</strong></span> <span class='ocrx_word' id='word_1_59' title='bbox 1146 1252 1277 1318; x_wconf 87' lang='lat' dir='ltr'><strong>sortasse</strong></span> <span class='ocrx_word' id='word_1_60' title='bbox 1299 1253 1424 1324; x_wconf 82' lang='lat' dir='ltr'><strong>iratior,</strong></span> <span class='ocrx_word' id='word_1_61' title='bbox 1449 1273 1560 1318; x_wconf 90' lang='lat' dir='ltr'><strong>causae</strong></span> <span class='ocrx_word' id='word_1_62' title='bbox 1583 1276 1665 1319; x_wconf 84' lang='lat' dir='ltr'><strong>vero</strong></span> 
     </span>
     <span class='ocr_line' id='line_1_9' title="bbox 339 1345 1664 1433; baseline -0.002 -19"><span class='ocrx_word' id='word_1_63' title='bbox 339 1349 545 1414; x_wconf 87' lang='lat' dir='ltr'><strong>amicissimus</strong></span> <span class='ocrx_word' id='word_1_64' title='bbox 567 1387 623 1423; x_wconf 80' lang='lat'><strong>-,</strong></span> <span class='ocrx_word' id='word_1_65' title='bbox 653 1361 755 1414; x_wconf 86' lang='lat' dir='ltr'><strong>tamen</strong></span> <span class='ocrx_word' id='word_1_66' title='bbox 783 1351 916 1414; x_wconf 89' lang='lat' dir='ltr'><strong>adeum</strong></span> <span class='ocrx_word' id='word_1_67' title='bbox 945 1352 1055 1433; x_wconf 83' lang='lat' dir='ltr'><strong>scripsi</strong></span> <span class='ocrx_word' id='word_1_68' title='bbox 1077 1347 1170 1432; x_wconf 88' lang='lat' dir='ltr'><strong>eique</strong></span> <span class='ocrx_word' id='word_1_69' title='bbox 1198 1345 1377 1430; x_wconf 81' lang='lat' dir='ltr'><strong>dignitatem</strong></span> <span class='ocrx_word' id='word_1_70' title='bbox 1399 1347 1487 1411; x_wconf 91' lang='lat' dir='ltr'><strong>Bruti</strong></span> <span class='ocrx_word' id='word_1_71' title='bbox 1510 1357 1540 1410; x_wconf 90' lang='lat' dir='ltr'><strong>ei</strong></span> <span class='ocrx_word' id='word_1_72' title='bbox 1563 1349 1664 1412; x_wconf 86' lang='lat' dir='ltr'><strong>Cassii</strong></span> 
     </span>
     <span class='ocr_line' id='line_1_10' title="bbox 340 1440 1661 1532; baseline -0.001 -24"><span class='ocrx_word' id='word_1_73' title='bbox 340 1443 564 1510; x_wconf 89' lang='lat' dir='ltr'><strong>commendavi.</strong></span> <span class='ocrx_word' id='word_1_74' title='bbox 609 1445 663 1510; x_wconf 90' lang='lat' dir='ltr'><strong>lile</strong></span> <span class='ocrx_word' id='word_1_75' title='bbox 685 1445 760 1532; x_wconf 95' lang='lat' dir='ltr'><strong>quid</strong></span> <span class='ocrx_word' id='word_1_76' title='bbox 782 1444 858 1510; x_wconf 93' lang='lat' dir='ltr'><strong>mibi</strong></span> <span class='ocrx_word' id='word_1_77' title='bbox 884 1443 1108 1528; x_wconf 86' lang='lat' dir='ltr'><strong>rescripsisset,</strong></span> <span class='ocrx_word' id='word_1_78' title='bbox 1138 1443 1219 1508; x_wconf 88' lang='lat' dir='ltr'><strong>scire</strong></span> <span class='ocrx_word' id='word_1_79' title='bbox 1242 1452 1271 1505; x_wconf 92' lang='lat' dir='ltr'><strong>te</strong></span> <span class='ocrx_word' id='word_1_80' title='bbox 1293 1440 1396 1518; x_wconf 86' lang='lat' dir='ltr'><strong>volui;</strong></span> <span class='ocrx_word' id='word_1_81' title='bbox 1425 1443 1451 1506; x_wconf 89' lang='lat' dir='ltr'><strong>si</strong></span> <span class='ocrx_word' id='word_1_82' title='bbox 1473 1441 1554 1506; x_wconf 79' lang='lat' dir='ltr'><strong>loric</strong></span> <span class='ocrx_word' id='word_1_83' title='bbox 1575 1442 1661 1507; x_wconf 90' lang='lat' dir='ltr'><strong>idem</strong></span> 
     </span>
    </p>

    <p class='ocr_par' dir='ltr' id='par_1_6' title="bbox 309 1535 1661 1719">
     <span class='ocr_line' id='line_1_11' title="bbox 309 1535 1661 1624; baseline -0.004 -19"><span class='ocrx_word' id='word_1_84' title='bbox 309 1548 389 1613; x_wconf 85' lang='lat' dir='ltr'><strong>¹⁰tn,</strong></span> <span class='ocrx_word' id='word_1_85' title='bbox 419 1538 504 1624; x_wconf 91' lang='lat' dir='ltr'><strong>quod</strong></span> <span class='ocrx_word' id='word_1_86' title='bbox 525 1561 601 1623; x_wconf 82' lang='lat' dir='ltr'><strong>ego,</strong></span> <span class='ocrx_word' id='word_1_87' title='bbox 632 1539 844 1614; x_wconf 79' lang='lat' dir='ltr'><strong>existimares,</strong></span> <span class='ocrx_word' id='word_1_88' title='bbox 872 1540 949 1603; x_wconf 91' lang='lat' dir='ltr'><strong>istos</strong></span> <span class='ocrx_word' id='word_1_89' title='bbox 970 1537 1147 1602; x_wconf 89' lang='lat' dir='ltr'><strong>etiamnunc</strong></span> <span class='ocrx_word' id='word_1_90' title='bbox 1168 1536 1286 1610; x_wconf 84' lang='lat' dir='ltr'><strong>vereri,</strong></span> <span class='ocrx_word' id='word_1_91' title='bbox 1315 1557 1354 1601; x_wconf 87' lang='lat' dir='ltr'><strong>ne</strong></span> <span class='ocrx_word' id='word_1_92' title='bbox 1374 1535 1457 1602; x_wconf 84' lang='lat' dir='ltr'><strong>l&#39;orie</strong></span> <span class='ocrx_word' id='word_1_93' title='bbox 1479 1535 1538 1622; x_wconf 89' lang='lat' dir='ltr'><strong>ipsi</strong></span> <span class='ocrx_word' id='word_1_94' title='bbox 1560 1535 1661 1600; x_wconf 90' lang='lat' dir='ltr'><strong>nostri</strong></span> 
     </span>
     <span class='ocr_line' id='line_1_12' title="bbox 340 1631 958 1719; baseline -0.002 -21"><span class='ocrx_word' id='word_1_95' title='bbox 340 1633 411 1718; x_wconf 94' lang='lat' dir='ltr'><strong>plus</strong></span> <span class='ocrx_word' id='word_1_96' title='bbox 432 1633 525 1698; x_wconf 90' lang='lat' dir='ltr'><strong>animi</strong></span> <span class='ocrx_word' id='word_1_97' title='bbox 549 1633 696 1708; x_wconf 89' lang='lat' dir='ltr'><strong>babeant,</strong></span> <span class='ocrx_word' id='word_1_98' title='bbox 719 1655 811 1719; x_wconf 92' lang='lat' dir='ltr'><strong>quam</strong></span> <span class='ocrx_word' id='word_1_99' title='bbox 835 1631 958 1698; x_wconf 91' lang='lat' dir='ltr'><strong>babent.</strong></span> 
     </span>
    </p>
   </div>
   <div class='ocr_carea' id='block_1_6' title="bbox 703 1740 1297 1849">
    <p class='ocr_par' dir='ltr' id='par_1_7' title="bbox 703 1740 1297 1849">
     <span class='ocr_line' id='line_1_13' title="bbox 703 1740 1297 1849; baseline -0.007 -11"><span class='ocrx_word' id='word_1_100' title='bbox 703 1740 717 1849; x_wconf 65' lang='grc' dir='ltr'><strong>«ζ’</strong></span> <span class='ocrx_word' id='word_1_101' title='bbox 744 1776 899 1838; x_wconf 82' lang='lat' dir='ltr'><strong>uranus</strong></span> <span class='ocrx_word' id='word_1_102' title='bbox 923 1774 1106 1839; x_wconf 82' lang='lat' dir='ltr'><strong>cicunonr</strong></span> <span class='ocrx_word' id='word_1_103' title='bbox 1128 1773 1202 1838; x_wconf 87' lang='lat' dir='ltr'><strong>suo</strong></span> <span class='ocrx_word' id='word_1_104' title='bbox 1226 1775 1257 1836; x_wconf 79' lang='lat' dir='ltr'><strong>s,</strong></span> <span class='ocrx_word' id='word_1_105' title='bbox 1279 1749 1297 1809; x_wconf 45' lang='grc' dir='ltr'><strong>’ἲ</strong></span> 
     </span>
    </p>
   </div>
   <div class='ocr_carea' id='block_1_7' title="bbox 303 1883 1666 3567">
    <p class='ocr_par' dir='ltr' id='par_1_8' title="bbox 303 1883 1666 3190">
     <span class='ocr_line' id='line_1_14' title="bbox 425 1883 1661 1970; baseline -0.003 -20"><span class='ocrx_word' id='word_1_106' title='bbox 425 1891 457 1955; x_wconf 77' lang='lat'><strong>2.</strong></span> <span class='ocrx_word' id='word_1_107' title='bbox 477 1893 562 1951; x_wconf 84' lang='lat' dir='ltr'><strong>Rure</strong></span> <span class='ocrx_word' id='word_1_108' title='bbox 584 1886 645 1950; x_wconf 88' lang='lat' dir='ltr'><strong>iam</strong></span> <span class='ocrx_word' id='word_1_109' title='bbox 666 1885 830 1959; x_wconf 78' lang='lat' dir='ltr'><strong>redierint,</strong></span> <span class='ocrx_word' id='word_1_110' title='bbox 856 1884 990 1970; x_wconf 87' lang='lat' dir='ltr'><strong>quaeris.</strong></span> <span class='ocrx_word' id='word_1_111' title='bbox 1026 1891 1073 1950; x_wconf 87' lang='lat' dir='ltr'><strong>Au</strong></span> <span class='ocrx_word' id='word_1_112' title='bbox 1096 1905 1171 1969; x_wconf 79' lang='lat' dir='ltr'><strong>ego,</strong></span> <span class='ocrx_word' id='word_1_113' title='bbox 1195 1905 1264 1949; x_wconf 90' lang='lat' dir='ltr'><strong>cum</strong></span> <span class='ocrx_word' id='word_1_114' title='bbox 1287 1905 1396 1948; x_wconf 89' lang='lat' dir='ltr'><strong>omnes</strong></span> <span class='ocrx_word' id='word_1_115' title='bbox 1417 1885 1553 1956; x_wconf 85' lang='lat' dir='ltr'><strong>caleant,</strong></span> <span class='ocrx_word' id='word_1_116' title='bbox 1574 1883 1661 1968; x_wconf 76' lang='lat' dir='ltr'><strong>igna-</strong></span> 
     </span>
     <span class='ocr_line' id='line_1_15' title="bbox 340 1977 1666 2066; baseline -0.005 -21"><span class='ocrx_word' id='word_1_117' title='bbox 340 1980 420 2045; x_wconf 87' lang='lat' dir='ltr'><strong>viter</strong></span> <span class='ocrx_word' id='word_1_118' title='bbox 442 1981 559 2066; x_wconf 90' lang='lat' dir='ltr'><strong>aliquid</strong></span> <span class='ocrx_word' id='word_1_119' title='bbox 581 1980 711 2044; x_wconf 83' lang='lat' dir='ltr'><strong>laciam‘l</strong></span> <span class='ocrx_word' id='word_1_120' title='bbox 744 1979 842 2043; x_wconf 91' lang='lat' dir='ltr'><strong>Etiam</strong></span> <span class='ocrx_word' id='word_1_121' title='bbox 868 1999 908 2043; x_wconf 83' lang='lat' dir='ltr'><strong>ex</strong></span> <span class='ocrx_word' id='word_1_122' title='bbox 930 1978 1008 2043; x_wconf 91' lang='lat' dir='ltr'><strong>urbe</strong></span> <span class='ocrx_word' id='word_1_123' title='bbox 1031 2000 1099 2044; x_wconf 93' lang='lat' dir='ltr'><strong>sum</strong></span> <span class='ocrx_word' id='word_1_124' title='bbox 1121 1978 1289 2064; x_wconf 85' lang='lat' dir='ltr'><strong>proiectus.</strong></span> <span class='ocrx_word' id='word_1_125' title='bbox 1333 1977 1442 2042; x_wconf 84' lang='lat' dir='ltr'><strong>Utilius</strong></span> <span class='ocrx_word' id='word_1_126' title='bbox 1464 1977 1546 2041; x_wconf 88' lang='lat' dir='ltr'><strong>enim</strong></span> <span class='ocrx_word' id='word_1_127' title='bbox 1568 1977 1666 2040; x_wconf 73' lang='lat' dir='ltr'><strong>statui·</strong></span> 
     </span>
     <span class='ocr_line' id='line_1_16' title="bbox 305 2071 1659 2157; baseline -0.006 -15"><span class='ocrx_word' id='word_1_128' title='bbox 305 2071 459 2143; x_wconf 80' lang='lat' dir='ltr'><strong>isabesse.</strong></span> <span class='ocrx_word' id='word_1_129' title='bbox 502 2078 565 2138; x_wconf 86' lang='lat' dir='ltr'><strong>llas</strong></span> <span class='ocrx_word' id='word_1_130' title='bbox 586 2073 642 2139; x_wconf 85' lang='lat' dir='ltr'><strong>tibi</strong></span> <span class='ocrx_word' id='word_1_131' title='bbox 666 2075 782 2139; x_wconf 90' lang='lat' dir='ltr'><strong>litteras</strong></span> <span class='ocrx_word' id='word_1_132' title='bbox 804 2073 913 2136; x_wconf 83' lang='lat' dir='ltr'><strong>exiens</strong></span> <span class='ocrx_word' id='word_1_133' title='bbox 939 2074 972 2138; x_wconf 92' lang='lat' dir='ltr'><strong>in</strong></span> <span class='ocrx_word' id='word_1_134' title='bbox 994 2073 1202 2138; x_wconf 88' lang='lat' dir='ltr'><strong>Tusculanum</strong></span> <span class='ocrx_word' id='word_1_135' title='bbox 1229 2071 1348 2157; x_wconf 89' lang='lat' dir='ltr'><strong>scripsi.</strong></span> <span class='ocrx_word' id='word_1_136' title='bbox 1393 2071 1462 2136; x_wconf 92' lang='lat' dir='ltr'><strong>Noli</strong></span> <span class='ocrx_word' id='word_1_137' title='bbox 1484 2082 1586 2135; x_wconf 85' lang='lat' dir='ltr'><strong>autem</strong></span> <span class='ocrx_word' id='word_1_138' title='bbox 1607 2091 1659 2134; x_wconf 90' lang='lat' dir='ltr'><strong>me</strong></span> 
     </span>
     <span class='ocr_line' id='line_1_17' title="bbox 338 2164 1660 2253; baseline -0.003 -21"><span class='ocrx_word' id='word_1_139' title='bbox 338 2179 402 2232; x_wconf 90' lang='lat' dir='ltr'><strong>tam</strong></span> <span class='ocrx_word' id='word_1_140' title='bbox 417 2178 579 2233; x_wconf 86' lang='lat' dir='ltr'><strong>strenuum</strong></span> <span class='ocrx_word' id='word_1_141' title='bbox 601 2179 726 2253; x_wconf 88' lang='lat' dir='ltr'><strong>putare,</strong></span> <span class='ocrx_word' id='word_1_142' title='bbox 750 2176 784 2230; x_wconf 88' lang='lat' dir='ltr'><strong>ut</strong></span> <span class='ocrx_word' id='word_1_143' title='bbox 805 2167 843 2230; x_wconf 90' lang='lat' dir='ltr'><strong>ad</strong></span> <span class='ocrx_word' id='word_1_144' title='bbox 859 2171 960 2231; x_wconf 89' lang='lat' dir='ltr'><strong>Nonas</strong></span> <span class='ocrx_word' id='word_1_145' title='bbox 982 2187 1155 2231; x_wconf 87' lang='lat' dir='ltr'><strong>recurram.</strong></span> <span class='ocrx_word' id='word_1_146' title='bbox 1189 2164 1269 2230; x_wconf 91' lang='lat' dir='ltr'><strong>Nihil</strong></span> <span class='ocrx_word' id='word_1_147' title='bbox 1292 2166 1374 2230; x_wconf 88' lang='lat' dir='ltr'><strong>enim</strong></span> <span class='ocrx_word' id='word_1_148' title='bbox 1390 2165 1452 2228; x_wconf 91' lang='lat' dir='ltr'><strong>iam</strong></span> <span class='ocrx_word' id='word_1_149' title='bbox 1475 2165 1565 2230; x_wconf 86' lang='lat' dir='ltr'><strong>video</strong></span> <span class='ocrx_word' id='word_1_150' title='bbox 1580 2185 1660 2249; x_wconf 93' lang='lat' dir='ltr'><strong>opus</strong></span> 
     </span>
     <span class='ocr_line' id='line_1_18' title="bbox 340 2259 1660 2347; baseline -0.002 -23"><span class='ocrx_word' id='word_1_151' title='bbox 340 2282 408 2325; x_wconf 91' lang='lat' dir='ltr'><strong>esse</strong></span> <span class='ocrx_word' id='word_1_152' title='bbox 435 2270 541 2325; x_wconf 87' lang='lat' dir='ltr'><strong>nostra</strong></span> <span class='ocrx_word' id='word_1_153' title='bbox 564 2282 653 2334; x_wconf 93' lang='lat' dir='ltr'><strong>cura,</strong></span> <span class='ocrx_word' id='word_1_154' title='bbox 686 2263 832 2347; x_wconf 91' lang='lat' dir='ltr'><strong>quoniam</strong></span> <span class='ocrx_word' id='word_1_155' title='bbox 855 2260 1011 2346; x_wconf 90' lang='lat' dir='ltr'><strong>praesidia</strong></span> <span class='ocrx_word' id='word_1_156' title='bbox 1033 2272 1105 2326; x_wconf 87' lang='lat' dir='ltr'><strong>sunt</strong></span> <span class='ocrx_word' id='word_1_157' title='bbox 1128 2263 1161 2325; x_wconf 92' lang='lat' dir='ltr'><strong>in</strong></span> <span class='ocrx_word' id='word_1_158' title='bbox 1184 2269 1229 2325; x_wconf 90' lang='lat' dir='ltr'><strong>toi</strong></span> <span class='ocrx_word' id='word_1_159' title='bbox 1250 2281 1347 2324; x_wconf 83' lang='lat' dir='ltr'><strong>annos</strong></span> <span class='ocrx_word' id='word_1_160' title='bbox 1369 2259 1505 2344; x_wconf 88' lang='lat' dir='ltr'><strong>provisa.</strong></span> <span class='ocrx_word' id='word_1_161' title='bbox 1548 2263 1660 2323; x_wconf 90' lang='lat' dir='ltr'><strong>Brutus</strong></span> 
     </span>
     <span class='ocr_line' id='line_1_19' title="bbox 340 2353 1659 2440; baseline -0.003 -20"><span class='ocrx_word' id='word_1_162' title='bbox 340 2365 371 2420; x_wconf 88' lang='lat' dir='ltr'><strong>et</strong></span> <span class='ocrx_word' id='word_1_163' title='bbox 386 2355 508 2422; x_wconf 90' lang='lat' dir='ltr'><strong>Cassius</strong></span> <span class='ocrx_word' id='word_1_164' title='bbox 529 2354 663 2428; x_wconf 92' lang='lat' dir='ltr'><strong>utinam,</strong></span> <span class='ocrx_word' id='word_1_165' title='bbox 686 2375 778 2440; x_wconf 92' lang='lat' dir='ltr'><strong>quam</strong></span> <span class='ocrx_word' id='word_1_166' title='bbox 801 2353 891 2419; x_wconf 84' lang='lat' dir='ltr'><strong>facile</strong></span> <span class='ocrx_word' id='word_1_167' title='bbox 911 2376 930 2418; x_wconf 92' lang='lat' dir='ltr'><strong>a</strong></span> <span class='ocrx_word' id='word_1_168' title='bbox 951 2363 981 2418; x_wconf 92' lang='lat' dir='ltr'><strong>te</strong></span> <span class='ocrx_word' id='word_1_169' title='bbox 1003 2353 1043 2419; x_wconf 87' lang='lat' dir='ltr'><strong>de</strong></span> <span class='ocrx_word' id='word_1_170' title='bbox 1058 2375 1107 2418; x_wconf 91' lang='lat' dir='ltr'><strong>me</strong></span> <span class='ocrx_word' id='word_1_171' title='bbox 1130 2359 1298 2439; x_wconf 88' lang='lat' dir='ltr'><strong>impetrare</strong></span> <span class='ocrx_word' id='word_1_172' title='bbox 1320 2365 1465 2438; x_wconf 86' lang='lat' dir='ltr'><strong>possunt,</strong></span> <span class='ocrx_word' id='word_1_173' title='bbox 1487 2353 1529 2418; x_wconf 83' lang='lat' dir='ltr'><strong>ita</strong></span> <span class='ocrx_word' id='word_1_174' title='bbox 1551 2365 1659 2439; x_wconf 89' lang='lat' dir='ltr'><strong>perte</strong></span> 
     </span>
     <span class='ocr_line' id='line_1_20' title="bbox 340 2447 1660 2533; baseline 0.002 -23"><span class='ocrx_word' id='word_1_175' title='bbox 340 2457 527 2520; x_wconf 85' lang='lat' dir='ltr'><strong>exorentur,</strong></span> <span class='ocrx_word' id='word_1_176' title='bbox 556 2468 596 2511; x_wconf 92' lang='lat' dir='ltr'><strong>ne</strong></span> <span class='ocrx_word' id='word_1_177' title='bbox 623 2448 707 2533; x_wconf 92' lang='lat' dir='ltr'><strong>quod</strong></span> <span class='ocrx_word' id='word_1_178' title='bbox 733 2447 861 2512; x_wconf 83' lang='lat' dir='ltr'><strong>calidius</strong></span> <span class='ocrx_word' id='word_1_179' title='bbox 887 2448 993 2512; x_wconf 88' lang='lat' dir='ltr'><strong>ineant</strong></span> <span class='ocrx_word' id='word_1_180' title='bbox 1014 2448 1194 2514; x_wconf 90' lang='lat' dir='ltr'><strong>consiliuml</strong></span> <span class='ocrx_word' id='word_1_181' title='bbox 1232 2447 1382 2514; x_wconf 84' lang='lat' dir='ltr'><strong>Cedentes</strong></span> <span class='ocrx_word' id='word_1_182' title='bbox 1405 2448 1488 2512; x_wconf 92' lang='lat' dir='ltr'><strong>enim</strong></span> <span class='ocrx_word' id='word_1_183' title='bbox 1517 2448 1591 2512; x_wconf 88' lang='lat' dir='ltr'><strong>baec</strong></span> <span class='ocrx_word' id='word_1_184' title='bbox 1611 2448 1660 2512; x_wconf 87' lang='lat' dir='ltr'><strong>ais</strong></span> 
     </span>
     <span class='ocr_line' id='line_1_21' title="bbox 303 2540 1660 2626; baseline -0.001 -19"><span class='ocrx_word' id='word_1_185' title='bbox 303 2566 331 2608; x_wconf 79' lang='lat' dir='ltr'><strong>ao</strong></span> <span class='ocrx_word' id='word_1_186' title='bbox 340 2540 519 2624; x_wconf 88' lang='lat' dir='ltr'><strong>scripsisse:</strong></span> <span class='ocrx_word' id='word_1_187' title='bbox 543 2546 627 2626; x_wconf 79' lang='lat' dir='ltr'><strong>quoi</strong></span> <span class='ocrx_word' id='word_1_188' title='bbox 649 2551 702 2604; x_wconf 91' lang='lat' dir='ltr'><strong>aut</strong></span> <span class='ocrx_word' id='word_1_189' title='bbox 717 2545 834 2626; x_wconf 77' lang='lat' dir='ltr'><strong>qnare?</strong></span> <span class='ocrx_word' id='word_1_190' title='bbox 865 2544 895 2604; x_wconf 89' lang='lat'><strong>3.</strong></span> <span class='ocrx_word' id='word_1_191' title='bbox 917 2541 1042 2617; x_wconf 86' lang='lat' dir='ltr'><strong>Retine,</strong></span> <span class='ocrx_word' id='word_1_192' title='bbox 1066 2541 1198 2608; x_wconf 87' lang='lat' dir='ltr'><strong>obsecro</strong></span> <span class='ocrx_word' id='word_1_193' title='bbox 1220 2551 1268 2617; x_wconf 92' lang='lat' dir='ltr'><strong>te,</strong></span> <span class='ocrx_word' id='word_1_194' title='bbox 1292 2543 1417 2616; x_wconf 90' lang='lat' dir='ltr'><strong>Cicero,</strong></span> <span class='ocrx_word' id='word_1_195' title='bbox 1441 2540 1527 2615; x_wconf 85' lang='lat' dir='ltr'><strong>illos,</strong></span> <span class='ocrx_word' id='word_1_196' title='bbox 1551 2551 1581 2606; x_wconf 88' lang='lat' dir='ltr'><strong>et</strong></span> <span class='ocrx_word' id='word_1_197' title='bbox 1595 2542 1660 2606; x_wconf 92' lang='lat' dir='ltr'><strong>noli</strong></span> 
     </span>
     <span class='ocr_line' id='line_1_22' title="bbox 341 2633 1659 2722; baseline 0 -24"><span class='ocrx_word' id='word_1_198' title='bbox 341 2633 445 2698; x_wconf 89' lang='lat' dir='ltr'><strong>sinere</strong></span> <span class='ocrx_word' id='word_1_199' title='bbox 467 2633 670 2698; x_wconf 87' lang='lat' dir='ltr'><strong>haecomnia</strong></span> <span class='ocrx_word' id='word_1_200' title='bbox 693 2635 813 2720; x_wconf 90' lang='lat' dir='ltr'><strong>perire,</strong></span> <span class='ocrx_word' id='word_1_201' title='bbox 840 2655 920 2721; x_wconf 90' lang='lat' dir='ltr'><strong>quae</strong></span> <span class='ocrx_word' id='word_1_202' title='bbox 942 2634 1081 2702; x_wconf 81' lang='lat' dir='ltr'><strong>funditus</strong></span> <span class='ocrx_word' id='word_1_203' title='bbox 1103 2635 1316 2702; x_wconf 85' lang='lat' dir='ltr'><strong>mediusfidius</strong></span> <span class='ocrx_word' id='word_1_204' title='bbox 1338 2636 1472 2722; x_wconf 89' lang='lat' dir='ltr'><strong>rapinis,</strong></span> <span class='ocrx_word' id='word_1_205' title='bbox 1494 2635 1659 2708; x_wconf 88' lang='lat' dir='ltr'><strong>incendiis,</strong></span> 
     </span>
     <span class='ocr_line' id='line_1_23' title="bbox 340 2727 1661 2817; baseline 0 -25"><span class='ocrx_word' id='word_1_206' title='bbox 340 2727 488 2792; x_wconf 88' lang='lat' dir='ltr'><strong>caedibus</strong></span> <span class='ocrx_word' id='word_1_207' title='bbox 511 2739 743 2813; x_wconf 86' lang='lat' dir='ltr'><strong>pervertuntur.</strong></span> <span class='ocrx_word' id='word_1_208' title='bbox 779 2735 927 2803; x_wconf 87' lang='lat' dir='ltr'><strong>Tantum,</strong></span> <span class='ocrx_word' id='word_1_209' title='bbox 950 2730 1074 2817; x_wconf 87' lang='lat' dir='ltr'><strong>siquid</strong></span> <span class='ocrx_word' id='word_1_210' title='bbox 1096 2731 1220 2803; x_wconf 88' lang='lat' dir='ltr'><strong>timent,</strong></span> <span class='ocrx_word' id='word_1_211' title='bbox 1243 2740 1387 2807; x_wconf 63' lang='lat' dir='ltr'><strong>carenum</strong></span> <span class='ocrx_word' id='word_1_212' title='bbox 1410 2729 1485 2794; x_wconf 92' lang='lat' dir='ltr'><strong>nibil</strong></span> <span class='ocrx_word' id='word_1_213' title='bbox 1499 2741 1661 2813; x_wconf 89' lang='lat' dir='ltr'><strong>praeterea</strong></span> 
     </span>
     <span class='ocr_line' id='line_1_24' title="bbox 341 2823 1662 2909; baseline -0.001 -22"><span class='ocrx_word' id='word_1_214' title='bbox 341 2823 517 2889; x_wconf 87' lang='lat' dir='ltr'><strong>moliantur.</strong></span> <span class='ocrx_word' id='word_1_215' title='bbox 562 2828 628 2886; x_wconf 87' lang='lat' dir='ltr'><strong>Non</strong></span> <span class='ocrx_word' id='word_1_216' title='bbox 657 2823 869 2889; x_wconf 83' lang='lat' dir='ltr'><strong>mediusfidius</strong></span> <span class='ocrx_word' id='word_1_217' title='bbox 895 2824 1057 2889; x_wconf 89' lang='lat' dir='ltr'><strong>acerrimis</strong></span> <span class='ocrx_word' id='word_1_218' title='bbox 1079 2825 1218 2890; x_wconf 90' lang='lat' dir='ltr'><strong>consiliis</strong></span> <span class='ocrx_word' id='word_1_219' title='bbox 1248 2825 1317 2906; x_wconf 90' lang='lat' dir='ltr'><strong>plus</strong></span> <span class='ocrx_word' id='word_1_220' title='bbox 1344 2845 1437 2909; x_wconf 87' lang='lat' dir='ltr'><strong>quarn</strong></span> <span class='ocrx_word' id='word_1_221' title='bbox 1465 2825 1557 2890; x_wconf 90' lang='lat' dir='ltr'><strong>ctiam</strong></span> <span class='ocrx_word' id='word_1_222' title='bbox 1578 2824 1662 2888; x_wconf 53' lang='lat' dir='ltr'><strong>inor*</strong></span> 
     </span>
     <span class='ocr_line' id='line_1_25' title="bbox 340 2916 1660 3005; baseline -0.001 -23"><span class='ocrx_word' id='word_1_223' title='bbox 340 2916 481 2988; x_wconf 89' lang='lat' dir='ltr'><strong>tissimis,</strong></span> <span class='ocrx_word' id='word_1_224' title='bbox 506 2916 677 2982; x_wconf 91' lang='lat' dir='ltr'><strong>dummodo</strong></span> <span class='ocrx_word' id='word_1_225' title='bbox 699 2916 916 3001; x_wconf 81' lang='lat' dir='ltr'><strong>diligentibus,</strong></span> <span class='ocrx_word' id='word_1_226' title='bbox 939 2930 1180 3005; x_wconf 88' lang='lat' dir='ltr'><strong>consequentur.</strong></span> <span class='ocrx_word' id='word_1_227' title='bbox 1224 2922 1309 2983; x_wconf 84' lang='lat' dir='ltr'><strong>llaec</strong></span> <span class='ocrx_word' id='word_1_228' title='bbox 1331 2918 1429 2992; x_wconf 88' lang='lat' dir='ltr'><strong>enim,</strong></span> <span class='ocrx_word' id='word_1_229' title='bbox 1452 2939 1531 3004; x_wconf 90' lang='lat' dir='ltr'><strong>quae</strong></span> <span class='ocrx_word' id='word_1_230' title='bbox 1552 2916 1660 2989; x_wconf 88' lang='lat' dir='ltr'><strong>fluunt,</strong></span> 
     </span>
     <span class='ocr_line' id='line_1_26' title="bbox 304 3009 1662 3099; baseline -0.002 -21"><span class='ocrx_word' id='word_1_231' title='bbox 304 3031 400 3097; x_wconf 80' lang='lat' dir='ltr'><strong>aaper</strong></span> <span class='ocrx_word' id='word_1_232' title='bbox 420 3032 454 3074; x_wconf 94' lang='lat' dir='ltr'><strong>se</strong></span> <span class='ocrx_word' id='word_1_233' title='bbox 477 3010 623 3076; x_wconf 92' lang='lat' dir='ltr'><strong>diuturna</strong></span> <span class='ocrx_word' id='word_1_234' title='bbox 646 3033 709 3077; x_wconf 93' lang='lat' dir='ltr'><strong>non</strong></span> <span class='ocrx_word' id='word_1_235' title='bbox 724 3022 809 3087; x_wconf 87' lang='lat' dir='ltr'><strong>sunt;</strong></span> <span class='ocrx_word' id='word_1_236' title='bbox 833 3013 863 3076; x_wconf 90' lang='lat' dir='ltr'><strong>in</strong></span> <span class='ocrx_word' id='word_1_237' title='bbox 879 3014 1078 3078; x_wconf 85' lang='lat' dir='ltr'><strong>contentione</strong></span> <span class='ocrx_word' id='word_1_238' title='bbox 1100 3025 1277 3099; x_wconf 90' lang='lat' dir='ltr'><strong>praesentes</strong></span> <span class='ocrx_word' id='word_1_239' title='bbox 1299 3013 1337 3077; x_wconf 93' lang='lat' dir='ltr'><strong>ad</strong></span> <span class='ocrx_word' id='word_1_240' title='bbox 1353 3011 1527 3078; x_wconf 90' lang='lat' dir='ltr'><strong>nocendum</strong></span> <span class='ocrx_word' id='word_1_241' title='bbox 1549 3009 1662 3076; x_wconf 90' lang='lat' dir='ltr'><strong>babent</strong></span> 
     </span>
     <span class='ocr_line' id='line_1_27' title="bbox 341 3105 1410 3190; baseline 0.004 -22"><span class='ocrx_word' id='word_1_242' title='bbox 341 3109 435 3168; x_wconf 86' lang='lat' dir='ltr'><strong>vires.</strong></span> <span class='ocrx_word' id='word_1_243' title='bbox 481 3105 564 3182; x_wconf 88' lang='lat' dir='ltr'><strong>Quid</strong></span> <span class='ocrx_word' id='word_1_244' title='bbox 586 3126 694 3190; x_wconf 90' lang='lat' dir='ltr'><strong>speres</strong></span> <span class='ocrx_word' id='word_1_245' title='bbox 716 3105 756 3170; x_wconf 91' lang='lat' dir='ltr'><strong>de</strong></span> <span class='ocrx_word' id='word_1_246' title='bbox 778 3106 855 3180; x_wconf 88' lang='lat' dir='ltr'><strong>illis,</strong></span> <span class='ocrx_word' id='word_1_247' title='bbox 882 3107 914 3171; x_wconf 94' lang='lat' dir='ltr'><strong>in</strong></span> <span class='ocrx_word' id='word_1_248' title='bbox 936 3108 1143 3174; x_wconf 87' lang='lat' dir='ltr'><strong>Tusculanum</strong></span> <span class='ocrx_word' id='word_1_249' title='bbox 1166 3107 1203 3172; x_wconf 89' lang='lat' dir='ltr'><strong>ad</strong></span> <span class='ocrx_word' id='word_1_250' title='bbox 1226 3129 1277 3172; x_wconf 90' lang='lat' dir='ltr'><strong>me</strong></span> <span class='ocrx_word' id='word_1_251' title='bbox 1299 3107 1410 3172; x_wconf 89' lang='lat' dir='ltr'><strong>scribe.</strong></span> 
     </span>
    </p>

    <p class='ocr_par' dir='ltr' id='par_1_9' title="bbox 341 3197 1661 3472">
     <span class='ocr_line' id='line_1_28' title="bbox 425 3197 1658 3286; baseline 0 -25"><span class='ocrx_word' id='word_1_252' title='bbox 425 3201 456 3266; x_wconf 80' lang='lat' dir='ltr'><strong>i.</strong></span> <span class='ocrx_word' id='word_1_253' title='bbox 486 3197 590 3262; x_wconf 83' lang='lat' dir='ltr'><strong>Hebes</strong></span> <span class='ocrx_word' id='word_1_254' title='bbox 613 3199 707 3264; x_wconf 86' lang='lat' dir='ltr'><strong>Hirtii</strong></span> <span class='ocrx_word' id='word_1_255' title='bbox 729 3200 908 3286; x_wconf 91' lang='lat' dir='ltr'><strong>epistolam:</strong></span> <span class='ocrx_word' id='word_1_256' title='bbox 937 3202 988 3267; x_wconf 92' lang='lat' dir='ltr'><strong>cui</strong></span> <span class='ocrx_word' id='word_1_257' title='bbox 1009 3201 1172 3286; x_wconf 88' lang='lat' dir='ltr'><strong>rescripsi,</strong></span> <span class='ocrx_word' id='word_1_258' title='bbox 1200 3201 1243 3266; x_wconf 91' lang='lat' dir='ltr'><strong>nil</strong></span> <span class='ocrx_word' id='word_1_259' title='bbox 1264 3201 1334 3265; x_wconf 89' lang='lat' dir='ltr'><strong>illos</strong></span> <span class='ocrx_word' id='word_1_260' title='bbox 1356 3200 1484 3265; x_wconf 90' lang='lat' dir='ltr'><strong>calidius</strong></span> <span class='ocrx_word' id='word_1_261' title='bbox 1506 3197 1658 3284; x_wconf 77' lang='lat' dir='ltr'><strong>cogitare3</strong></span> 
     </span>
     <span class='ocr_line' id='line_1_29' title="bbox 341 3289 1659 3382; baseline 0.001 -28"><span class='ocrx_word' id='word_1_262' title='bbox 341 3289 436 3376; x_wconf 91' lang='lat' dir='ltr'><strong>idque</strong></span> <span class='ocrx_word' id='word_1_263' title='bbox 464 3291 654 3361; x_wconf 86' lang='lat' dir='ltr'><strong>confirmavi.</strong></span> <span class='ocrx_word' id='word_1_264' title='bbox 704 3297 772 3358; x_wconf 88' lang='lat' dir='ltr'><strong>Hoc</strong></span> <span class='ocrx_word' id='word_1_265' title='bbox 800 3294 1026 3382; x_wconf 88' lang='lat' dir='ltr'><strong>qualecumque</strong></span> <span class='ocrx_word' id='word_1_266' title='bbox 1057 3306 1155 3369; x_wconf 87' lang='lat' dir='ltr'><strong>esset,</strong></span> <span class='ocrx_word' id='word_1_267' title='bbox 1185 3307 1215 3361; x_wconf 88' lang='lat' dir='ltr'><strong>te</strong></span> <span class='ocrx_word' id='word_1_268' title='bbox 1242 3301 1322 3360; x_wconf 88' lang='lat' dir='ltr'><strong>scire</strong></span> <span class='ocrx_word' id='word_1_269' title='bbox 1351 3295 1446 3360; x_wconf 82' lang='lat' dir='ltr'><strong>volui.</strong></span> <span class='ocrx_word' id='word_1_270' title='bbox 1495 3292 1659 3379; x_wconf 78' lang='lat' dir='ltr'><strong>obsignata</strong></span> 
     </span>
     <span class='ocr_line' id='line_1_30' title="bbox 341 3385 1661 3472; baseline 0.002 -24"><span class='ocrx_word' id='word_1_271' title='bbox 341 3385 404 3449; x_wconf 92' lang='lat' dir='ltr'><strong>iam</strong></span> <span class='ocrx_word' id='word_1_272' title='bbox 425 3387 570 3472; x_wconf 85' lang='lat' dir='ltr'><strong>epistola,</strong></span> <span class='ocrx_word' id='word_1_273' title='bbox 600 3386 714 3452; x_wconf 87' lang='lat' dir='ltr'><strong>Balbus</strong></span> <span class='ocrx_word' id='word_1_274' title='bbox 736 3387 776 3452; x_wconf 86' lang='lat' dir='ltr'><strong>ad</strong></span> <span class='ocrx_word' id='word_1_275' title='bbox 798 3410 863 3462; x_wconf 88' lang='lat' dir='ltr'><strong>me,</strong></span> <span class='ocrx_word' id='word_1_276' title='bbox 894 3390 1057 3454; x_wconf 87' lang='lat' dir='ltr'><strong>Serviliam</strong></span> <span class='ocrx_word' id='word_1_277' title='bbox 1087 3389 1221 3462; x_wconf 87' lang='lat' dir='ltr'><strong>redisse,</strong></span> <span class='ocrx_word' id='word_1_278' title='bbox 1250 3388 1436 3455; x_wconf 88' lang='lat' dir='ltr'><strong>confirmare</strong></span> <span class='ocrx_word' id='word_1_279' title='bbox 1465 3408 1528 3452; x_wconf 95' lang='lat' dir='ltr'><strong>non</strong></span> <span class='ocrx_word' id='word_1_280' title='bbox 1550 3386 1661 3452; x_wconf 85' lang='lat' dir='ltr'><strong>disces-</strong></span> 
     </span>
    </p>

    <p class='ocr_par' dir='ltr' id='par_1_10' title="bbox 308 3482 987 3567">
     <span class='ocr_line' id='line_1_31' title="bbox 308 3482 987 3567; baseline 0.013 -27"><span class='ocrx_word' id='word_1_281' title='bbox 308 3501 443 3545; x_wconf 81' lang='lat' dir='ltr'><strong>aosuros.</strong></span> <span class='ocrx_word' id='word_1_282' title='bbox 488 3486 574 3546; x_wconf 88' lang='lat' dir='ltr'><strong>Nunc</strong></span> <span class='ocrx_word' id='word_1_283' title='bbox 596 3492 743 3567; x_wconf 78' lang='lat' dir='ltr'><strong>exspecto</strong></span> <span class='ocrx_word' id='word_1_284' title='bbox 766 3504 784 3547; x_wconf 90' lang='lat' dir='ltr'><strong>a</strong></span> <span class='ocrx_word' id='word_1_285' title='bbox 807 3492 836 3548; x_wconf 88' lang='lat' dir='ltr'><strong>te</strong></span> <span class='ocrx_word' id='word_1_286' title='bbox 858 3482 987 3549; x_wconf 88' lang='lat' dir='ltr'><strong>litteras.</strong></span> 
     </span>
    </p>
   </div>
   <div class='ocr_carea' id='block_1_8' title="bbox 809 3624 1201 3708">
    <p class='ocr_par' dir='ltr' id='par_1_11' title="bbox 809 3624 1201 3708">
     <span class='ocr_line' id='line_1_32' title="bbox 809 3624 1201 3708; baseline 0.003 -20"><span class='ocrx_word' id='word_1_287' title='bbox 809 3625 871 3688; x_wconf 85' lang='lat' dir='ltr'><strong>ru.</strong></span> <span class='ocrx_word' id='word_1_288' title='bbox 914 3625 972 3704; x_wconf 83' lang='lat' dir='ltr'><strong>(a.</strong></span> <span class='ocrx_word' id='word_1_289' title='bbox 999 3627 1032 3694; x_wconf 85' lang='lat' dir='ltr'><strong>u.</strong></span> <span class='ocrx_word' id='word_1_290' title='bbox 1055 3625 1087 3688; x_wconf 89' lang='lat' dir='ltr'><strong>c.</strong></span> <span class='ocrx_word' id='word_1_291' title='bbox 1109 3624 1201 3708; x_wconf 80' lang='lat'><strong>710.)</strong></span> 
     </span>
    </p>
   </div>
   <div class='ocr_carea' id='block_1_9' title="bbox 821 3746 1183 3825">
    <p class='ocr_par' dir='ltr' id='par_1_12' title="bbox 821 3746 1183 3825">
     <span class='ocr_line' id='line_1_33' title="bbox 821 3746 1183 3825; baseline -0.003 -13"><span class='ocrx_word' id='word_1_292' title='bbox 821 3746 964 3812; x_wconf 79' lang='lat' dir='ltr'><strong>nonno</strong></span> <span class='ocrx_word' id='word_1_293' title='bbox 986 3748 1130 3825; x_wconf 76' lang='lat' dir='ltr'><strong>laureo</strong></span> <span class='ocrx_word' id='word_1_294' title='bbox 1153 3749 1183 3812; x_wconf 81' lang='lat' dir='ltr'><strong>s</strong></span> 
     </span>
    </p>
   </div>
   <div class='ocr_carea' id='block_1_10' title="bbox 157 3853 1665 4319">
    <p class='ocr_par' dir='ltr' id='par_1_13' title="bbox 429 3853 1661 3943">
     <span class='ocr_line' id='line_1_34' title="bbox 429 3853 1661 3943; baseline -0.002 -21"><span class='ocrx_word' id='word_1_295' title='bbox 429 3861 575 3930; x_wconf 89' lang='lat' dir='ltr'><strong>Gratum,</strong></span> <span class='ocrx_word' id='word_1_296' title='bbox 599 3855 685 3942; x_wconf 92' lang='lat' dir='ltr'><strong>quod</strong></span> <span class='ocrx_word' id='word_1_297' title='bbox 707 3855 784 3921; x_wconf 91' lang='lat' dir='ltr'><strong>mihi</strong></span> <span class='ocrx_word' id='word_1_298' title='bbox 806 3857 967 3941; x_wconf 85' lang='lat' dir='ltr'><strong>epistolas;</strong></span> <span class='ocrx_word' id='word_1_299' title='bbox 997 3878 1078 3943; x_wconf 89' lang='lat' dir='ltr'><strong>quae</strong></span> <span class='ocrx_word' id='word_1_300' title='bbox 1100 3857 1228 3943; x_wconf 92' lang='lat' dir='ltr'><strong>quidem</strong></span> <span class='ocrx_word' id='word_1_301' title='bbox 1249 3879 1300 3922; x_wconf 88' lang='lat' dir='ltr'><strong>me</strong></span> <span class='ocrx_word' id='word_1_302' title='bbox 1322 3857 1530 3929; x_wconf 90' lang='lat' dir='ltr'><strong>delectarunt,</strong></span> <span class='ocrx_word' id='word_1_303' title='bbox 1556 3853 1661 3941; x_wconf 91' lang='lat' dir='ltr'><strong>impri-</strong></span> 
     </span>
    </p>

    <p class='ocr_par' dir='ltr' id='par_1_14' title="bbox 344 3948 1661 4036">
     <span class='ocr_line' id='line_1_35' title="bbox 344 3948 1661 4036; baseline -0.002 -22"><span class='ocrx_word' id='word_1_304' title='bbox 344 3950 404 4015; x_wconf 93' lang='lat' dir='ltr'><strong>mis</strong></span> <span class='ocrx_word' id='word_1_305' title='bbox 428 3949 516 4015; x_wconf 83' lang='lat' dir='ltr'><strong>Sexti</strong></span> <span class='ocrx_word' id='word_1_306' title='bbox 537 3951 646 4015; x_wconf 89' lang='lat' dir='ltr'><strong>nostri.</strong></span> <span class='ocrx_word' id='word_1_307' title='bbox 689 3950 795 4024; x_wconf 86' lang='lat' dir='ltr'><strong>Dices,</strong></span> <span class='ocrx_word' id='word_1_308' title='bbox 826 3951 926 4035; x_wconf 74' lang='lat' dir='ltr'><strong>„quia</strong></span> <span class='ocrx_word' id='word_1_309' title='bbox 948 3959 978 4014; x_wconf 92' lang='lat' dir='ltr'><strong>te</strong></span> <span class='ocrx_word' id='word_1_310' title='bbox 999 3949 1134 4017; x_wconf 70' lang='lat' dir='ltr'><strong>laudat«</strong></span> <span class='ocrx_word' id='word_1_311' title='bbox 1178 3955 1256 4017; x_wconf 91' lang='lat' dir='ltr'><strong>Puto</strong></span> <span class='ocrx_word' id='word_1_312' title='bbox 1278 3951 1456 4016; x_wconf 86' lang='lat' dir='ltr'><strong>mehercule</strong></span> <span class='ocrx_word' id='word_1_313' title='bbox 1484 3948 1516 4014; x_wconf 93' lang='lat' dir='ltr'><strong>id</strong></span> <span class='ocrx_word' id='word_1_314' title='bbox 1538 3968 1661 4036; x_wconf 92' lang='lat' dir='ltr'><strong>quoque</strong></span> 
     </span>
    </p>

    <p class='ocr_par' dir='ltr' id='par_1_15' title="bbox 306 4041 1662 4132">
     <span class='ocr_line' id='line_1_36' title="bbox 306 4041 1662 4132; baseline -0.004 -20"><span class='ocrx_word' id='word_1_315' title='bbox 306 4066 412 4113; x_wconf 72' lang='lat' dir='ltr'><strong>siesse</strong></span> <span class='ocrx_word' id='word_1_316' title='bbox 440 4065 565 4121; x_wconf 91' lang='lat' dir='ltr'><strong>cansae;</strong></span> <span class='ocrx_word' id='word_1_317' title='bbox 595 4043 649 4109; x_wconf 91' lang='lat' dir='ltr'><strong>sed</strong></span> <span class='ocrx_word' id='word_1_318' title='bbox 679 4056 782 4110; x_wconf 87' lang='lat' dir='ltr'><strong>tamen</strong></span> <span class='ocrx_word' id='word_1_319' title='bbox 812 4043 904 4107; x_wconf 89' lang='lat' dir='ltr'><strong>etiam</strong></span> <span class='ocrx_word' id='word_1_320' title='bbox 935 4053 1022 4120; x_wconf 88' lang='lat' dir='ltr'><strong>ante,</strong></span> <span class='ocrx_word' id='word_1_321' title='bbox 1054 4066 1147 4129; x_wconf 88' lang='lat' dir='ltr'><strong>quam</strong></span> <span class='ocrx_word' id='word_1_322' title='bbox 1175 4045 1214 4110; x_wconf 86' lang='lat' dir='ltr'><strong>ad</strong></span> <span class='ocrx_word' id='word_1_323' title='bbox 1240 4067 1312 4111; x_wconf 91' lang='lat' dir='ltr'><strong>eum</strong></span> <span class='ocrx_word' id='word_1_324' title='bbox 1334 4047 1436 4111; x_wconf 92' lang='lat' dir='ltr'><strong>locum</strong></span> <span class='ocrx_word' id='word_1_325' title='bbox 1458 4041 1662 4132; x_wconf 74' lang='lat' dir='ltr'><strong>veni,(valde</strong></span> 
     </span>
    </p>

    <p class='ocr_par' dir='ltr' id='par_1_16' title="bbox 157 4123 1665 4319">
     <span class='ocr_line' id='line_1_37' title="bbox 157 4123 1664 4236; baseline -0.002 -32"><span class='ocrx_word' id='word_1_326' title='bbox 157 4204 169 4228; x_wconf 33' lang='grc' dir='ltr'>ι</span> <span class='ocrx_word' id='word_1_327' title='bbox 195 4148 231 4236; x_wconf 41' lang='lat'><strong>{2</strong></span> <span class='ocrx_word' id='word_1_328' title='bbox 259 4123 268 4196; x_wconf 72' lang='lat' dir='ltr'><strong>l</strong></span> <span class='ocrx_word' id='word_1_329' title='bbox 343 4139 420 4204; x_wconf 92' lang='lat' dir='ltr'><strong>mibi</strong></span> <span class='ocrx_word' id='word_1_330' title='bbox 441 4137 582 4224; x_wconf 83' lang='lat' dir='ltr'><strong>placebat</strong></span> <span class='ocrx_word' id='word_1_331' title='bbox 602 4160 672 4203; x_wconf 93' lang='lat' dir='ltr'><strong>cum</strong></span> <span class='ocrx_word' id='word_1_332' title='bbox 687 4159 796 4203; x_wconf 89' lang='lat' dir='ltr'><strong>sensus</strong></span> <span class='ocrx_word' id='word_1_333' title='bbox 818 4137 885 4202; x_wconf 90' lang='lat' dir='ltr'><strong>eius</strong></span> <span class='ocrx_word' id='word_1_334' title='bbox 908 4137 946 4203; x_wconf 92' lang='lat' dir='ltr'><strong>de</strong></span> <span class='ocrx_word' id='word_1_335' title='bbox 961 4159 997 4202; x_wconf 90' lang='lat' dir='ltr'><strong>re</strong></span> <span class='ocrx_word' id='word_1_336' title='bbox 1019 4137 1160 4224; x_wconf 90' lang='lat' dir='ltr'><strong>publica,</strong></span> <span class='ocrx_word' id='word_1_337' title='bbox 1184 4149 1250 4204; x_wconf 90' lang='lat' dir='ltr'><strong>tum</strong></span> <span class='ocrx_word' id='word_1_338' title='bbox 1266 4139 1422 4204; x_wconf 89' lang='lat' dir='ltr'><strong>scribendi</strong></span> <span class='ocrx_word' id='word_1_339' title='bbox 1446 4136 1555 4223; x_wconf 89' lang='lat' dir='ltr'><strong>[cura].</strong></span> <span class='ocrx_word' id='word_1_340' title='bbox 1594 4141 1664 4203; x_wconf 88' lang='lat' dir='ltr'><strong>Ser·</strong></span> 
     </span>
     <span class='ocr_line' id='line_1_38' title="bbox 192 4227 1665 4319; baseline -0.003 -21"><span class='ocrx_word' id='word_1_341' title='bbox 192 4230 199 4246; x_wconf 96' lang='grc'>’</span> <span class='ocrx_word' id='word_1_342' title='bbox 255 4235 260 4246; x_wconf 83' lang='grc'><em>“</em></span> <span class='ocrx_word' id='word_1_343' title='bbox 344 4233 414 4298; x_wconf 85' lang='lat' dir='ltr'><strong>rius</strong></span> <span class='ocrx_word' id='word_1_344' title='bbox 438 4254 514 4298; x_wconf 83' lang='lat' dir='ltr'><strong>uero</strong></span> <span class='ocrx_word' id='word_1_345' title='bbox 537 4227 716 4318; x_wconf 75' lang='lat' dir='ltr'><strong>pacificator</strong></span> <span class='ocrx_word' id='word_1_346' title='bbox 737 4254 807 4297; x_wconf 90' lang='lat' dir='ltr'><strong>cum</strong></span> <span class='ocrx_word' id='word_1_347' title='bbox 822 4230 985 4297; x_wconf 91' lang='lat' dir='ltr'><strong>librariolo</strong></span> <span class='ocrx_word' id='word_1_348' title='bbox 1007 4253 1065 4298; x_wconf 91' lang='lat' dir='ltr'><strong>suo</strong></span> <span class='ocrx_word' id='word_1_349' title='bbox 1088 4233 1212 4298; x_wconf 86' lang='lat' dir='ltr'><strong>ridetur</strong></span> <span class='ocrx_word' id='word_1_350' title='bbox 1233 4232 1336 4298; x_wconf 92' lang='lat' dir='ltr'><strong>obisse</strong></span> <span class='ocrx_word' id='word_1_351' title='bbox 1351 4233 1538 4319; x_wconf 81' lang='lat' dir='ltr'><strong>legationem</strong></span> <span class='ocrx_word' id='word_1_352' title='bbox 1554 4242 1586 4296; x_wconf 86' lang='lat' dir='ltr'><strong>et</strong></span> <span class='ocrx_word' id='word_1_353' title='bbox 1600 4252 1665 4297; x_wconf 94' lang='lat' dir='ltr'><strong>om-</strong></span> 
     </span>
    </p>
   </div>
   <div class='ocr_carea' id='block_1_11' title="bbox 348 4365 1419 4376">
    <p class='ocr_par' dir='ltr' id='par_1_17' title="bbox 348 4365 1419 4376">
     <span class='ocr_line' id='line_1_39' title="bbox 348 4365 1419 4376; baseline -0.001 -2"><span class='ocrx_word' id='word_1_354' title='bbox 348 4365 1419 4376; x_wconf 68' lang='lat'><em>-——.-—--——--—-—-—-—-————-———.——-—</em></span> 
     </span>
    </p>
   </div>
   <div class='ocr_carea' id='block_1_12' title="bbox 343 4431 1667 5130">
    <p class='ocr_par' dir='ltr' id='par_1_18' title="bbox 343 4431 1667 5130">
     <span class='ocr_line' id='line_1_40' title="bbox 412 4431 1664 4496; baseline -0.002 -12"><span class='ocrx_word' id='word_1_355' title='bbox 412 4435 438 4484; x_wconf 76' lang='lat' dir='ltr'><strong>l.</strong></span> <span class='ocrx_word' id='word_1_356' title='bbox 458 4449 512 4485; x_wconf 87' lang='lat' dir='ltr'><strong>om.</strong></span> <span class='ocrx_word' id='word_1_357' title='bbox 531 4435 570 4487; x_wconf 98' lang='grc' dir='ltr'><strong>Μ.</strong></span> <span class='ocrx_word' id='word_1_358' title='bbox 592 4459 622 4470; x_wconf 96' lang='grc'><strong>-</strong></span> <span class='ocrx_word' id='word_1_359' title='bbox 643 4435 669 4484; x_wconf 82' lang='grc'><strong>5.</strong></span> <span class='ocrx_word' id='word_1_360' title='bbox 689 4435 736 4496; x_wconf 86' lang='lat' dir='ltr'><strong>qui</strong></span> <span class='ocrx_word' id='word_1_361' title='bbox 755 4434 841 4482; x_wconf 81' lang='lat' dir='ltr'><strong>adbuc</strong></span> <span class='ocrx_word' id='word_1_362' title='bbox 859 4432 943 4482; x_wconf 77' lang='lat' dir='ltr'><strong>bonus</strong></span> <span class='ocrx_word' id='word_1_363' title='bbox 960 4431 1055 4494; x_wconf 73' lang='lat' dir='ltr'><strong>fuisset</strong></span> <span class='ocrx_word' id='word_1_364' title='bbox 1074 4448 1115 4496; x_wconf 91' lang='lat' dir='ltr'><strong>pr.</strong></span> <span class='ocrx_word' id='word_1_365' title='bbox 1135 4435 1172 4486; x_wconf 88' lang='grc' dir='ltr'><strong>Μ.</strong></span> <span class='ocrx_word' id='word_1_366' title='bbox 1194 4458 1224 4470; x_wconf 97' lang='grc'><strong>-</strong></span> <span class='ocrx_word' id='word_1_367' title='bbox 1243 4435 1270 4484; x_wconf 79' lang='lat' dir='ltr'><strong>d.</strong></span> <span class='ocrx_word' id='word_1_368' title='bbox 1291 4449 1348 4485; x_wconf 82' lang='lat' dir='ltr'><strong>eum</strong></span> <span class='ocrx_word' id='word_1_369' title='bbox 1365 4435 1464 4486; x_wconf 81' lang='lat' dir='ltr'><strong>delevit</strong></span> <span class='ocrx_word' id='word_1_370' title='bbox 1481 4434 1664 4484; x_wconf 80' lang='lat' dir='ltr'><strong>Manutius.-</strong></span> 
     </span>
     <span class='ocr_line' id='line_1_41' title="bbox 343 4503 1666 4569; baseline -0.001 -15"><span class='ocrx_word' id='word_1_371' title='bbox 343 4505 505 4569; x_wconf 75' lang='lat' dir='ltr'><strong>confidebam</strong></span> <span class='ocrx_word' id='word_1_372' title='bbox 525 4519 565 4568; x_wconf 88' lang='lat' dir='ltr'><strong>pr.</strong></span> <span class='ocrx_word' id='word_1_373' title='bbox 585 4505 623 4556; x_wconf 89' lang='grc' dir='ltr'><strong>Μ.</strong></span> <span class='ocrx_word' id='word_1_374' title='bbox 644 4531 675 4540; x_wconf 92' lang='grc'>-</span> <span class='ocrx_word' id='word_1_375' title='bbox 703 4505 730 4554; x_wconf 84' lang='grc'><strong>’1.</strong></span> <span class='ocrx_word' id='word_1_376' title='bbox 749 4504 856 4553; x_wconf 82' lang='lat' dir='ltr'><strong>meliore</strong></span> <span class='ocrx_word' id='word_1_377' title='bbox 874 4503 896 4551; x_wconf 89' lang='lat' dir='ltr'><strong>l.</strong></span> <span class='ocrx_word' id='word_1_378' title='bbox 919 4527 950 4538; x_wconf 99' lang='lat'>-</span> <span class='ocrx_word' id='word_1_379' title='bbox 973 4505 1086 4568; x_wconf 73' lang='lat' dir='ltr'><strong>{nomam</strong></span> <span class='ocrx_word' id='word_1_380' title='bbox 1104 4519 1159 4554; x_wconf 91' lang='lat' dir='ltr'><strong>om.</strong></span> <span class='ocrx_word' id='word_1_381' title='bbox 1180 4519 1220 4568; x_wconf 91' lang='lat' dir='ltr'><strong>pr.</strong></span> <span class='ocrx_word' id='word_1_382' title='bbox 1240 4504 1277 4555; x_wconf 90' lang='grc' dir='ltr'><strong>Μ.</strong></span> <span class='ocrx_word' id='word_1_383' title='bbox 1298 4531 1329 4542; x_wconf 90' lang='lat'><strong>-·</strong></span> <span class='ocrx_word' id='word_1_384' title='bbox 1349 4506 1446 4555; x_wconf 83' lang='lat' dir='ltr'><strong>iratior</strong></span> <span class='ocrx_word' id='word_1_385' title='bbox 1464 4503 1578 4567; x_wconf 80' lang='lat' dir='ltr'><strong>[ortam</strong></span> <span class='ocrx_word' id='word_1_386' title='bbox 1597 4505 1666 4553; x_wconf 86' lang='lat' dir='ltr'><strong>B.-</strong></span> 
     </span>
     <span class='ocr_line' id='line_1_42' title="bbox 343 4573 1667 4639; baseline -0.002 -16"><span class='ocrx_word' id='word_1_387' title='bbox 343 4573 370 4623; x_wconf 80' lang='lat'><strong>8.</strong></span> <span class='ocrx_word' id='word_1_388' title='bbox 396 4576 476 4622; x_wconf 84' lang='lat' dir='ltr'><strong>Bruti</strong></span> <span class='ocrx_word' id='word_1_389' title='bbox 495 4579 520 4622; x_wconf 85' lang='lat' dir='ltr'><strong>et</strong></span> <span class='ocrx_word' id='word_1_390' title='bbox 540 4575 568 4625; x_wconf 86' lang='lat' dir='ltr'><strong>C.</strong></span> <span class='ocrx_word' id='word_1_391' title='bbox 589 4575 748 4639; x_wconf 82' lang='lat' dir='ltr'><strong>diqrtitntem</strong></span> <span class='ocrx_word' id='word_1_392' title='bbox 766 4574 788 4622; x_wconf 97' lang='lat' dir='ltr'><strong>l.</strong></span> <span class='ocrx_word' id='word_1_393' title='bbox 811 4597 839 4608; x_wconf 91' lang='lat'><em>-</em></span> <span class='ocrx_word' id='word_1_394' title='bbox 878 4573 921 4622; x_wconf 84' lang='grc'><strong>13.</strong></span> <span class='ocrx_word' id='word_1_395' title='bbox 949 4575 1079 4624; x_wconf 78' lang='lat' dir='ltr'><strong>redieram</strong></span> <span class='ocrx_word' id='word_1_396' title='bbox 1097 4576 1127 4625; x_wconf 89' lang='lat' dir='ltr'><strong>B.</strong></span> <span class='ocrx_word' id='word_1_397' title='bbox 1150 4601 1180 4610; x_wconf 93' lang='lat'>-</span> <span class='ocrx_word' id='word_1_398' title='bbox 1219 4576 1261 4625; x_wconf 71' lang='grc'><strong>14.</strong></span> <span class='ocrx_word' id='word_1_399' title='bbox 1281 4582 1310 4624; x_wconf 84' lang='lat' dir='ltr'><strong>ut</strong></span> <span class='ocrx_word' id='word_1_400' title='bbox 1327 4575 1401 4624; x_wconf 71' lang='lat' dir='ltr'><strong>illiue</strong></span> <span class='ocrx_word' id='word_1_401' title='bbox 1418 4577 1486 4626; x_wconf 82' lang='lat' dir='ltr'><strong>onim</strong></span> <span class='ocrx_word' id='word_1_402' title='bbox 1503 4582 1604 4624; x_wconf 72' lang='lat' dir='ltr'><strong>etatum</strong></span> <span class='ocrx_word' id='word_1_403' title='bbox 1622 4573 1667 4623; x_wconf 88' lang='lat' dir='ltr'><strong>odi</strong></span> 
     </span>
     <span class='ocr_line' id='line_1_43' title="bbox 343 4643 1666 4708; baseline 0.002 -13"><span class='ocrx_word' id='word_1_404' title='bbox 343 4645 458 4696; x_wconf 80' lang='lat' dir='ltr'><strong>oberrem</strong></span> <span class='ocrx_word' id='word_1_405' title='bbox 477 4647 516 4704; x_wconf 87' lang='lat' dir='ltr'><strong>B,</strong></span> <span class='ocrx_word' id='word_1_406' title='bbox 538 4653 565 4694; x_wconf 86' lang='lat' dir='ltr'><strong>ut</strong></span> <span class='ocrx_word' id='word_1_407' title='bbox 585 4646 656 4694; x_wconf 75' lang='lat' dir='ltr'><strong>illins</strong></span> <span class='ocrx_word' id='word_1_408' title='bbox 675 4645 745 4694; x_wconf 82' lang='lat' dir='ltr'><strong>enim</strong></span> <span class='ocrx_word' id='word_1_409' title='bbox 762 4651 836 4694; x_wconf 76' lang='lat' dir='ltr'><strong>statu</strong></span> <span class='ocrx_word' id='word_1_410' title='bbox 855 4643 968 4692; x_wconf 78' lang='lat' dir='ltr'><strong>oberrem</strong></span> <span class='ocrx_word' id='word_1_411' title='bbox 986 4644 1009 4694; x_wconf 95' lang='lat' dir='ltr'><strong>l.</strong></span> <span class='ocrx_word' id='word_1_412' title='bbox 1048 4643 1178 4708; x_wconf 82' lang='lat' dir='ltr'><strong>(Correxit</strong></span> <span class='ocrx_word' id='word_1_413' title='bbox 1192 4645 1332 4696; x_wconf 82' lang='lat' dir='ltr'><strong>Victorius.</strong></span> <span class='ocrx_word' id='word_1_414' title='bbox 1365 4644 1666 4708; x_wconf 68' lang='lat' dir='ltr'><strong>Dellnonliquetd-</strong></span> 
     </span>
     <span class='ocr_line' id='line_1_44' title="bbox 344 4714 1665 4778; baseline -0.002 -15"><span class='ocrx_word' id='word_1_415' title='bbox 344 4715 387 4763; x_wconf 87' lang='grc'><strong>18.</strong></span> <span class='ocrx_word' id='word_1_416' title='bbox 402 4718 433 4764; x_wconf 84' lang='lat' dir='ltr'><strong>de</strong></span> <span class='ocrx_word' id='word_1_417' title='bbox 445 4730 501 4764; x_wconf 92' lang='lat' dir='ltr'><strong>om.</strong></span> <span class='ocrx_word' id='word_1_418' title='bbox 513 4716 628 4764; x_wconf 84' lang='lat' dir='ltr'><strong>Ernesiii</strong></span> <span class='ocrx_word' id='word_1_419' title='bbox 639 4729 747 4778; x_wconf 84' lang='lat' dir='ltr'><strong>operae.</strong></span> <span class='ocrx_word' id='word_1_420' title='bbox 758 4740 789 4750; x_wconf 96' lang='lat'>-</span> <span class='ocrx_word' id='word_1_421' title='bbox 797 4716 900 4775; x_wconf 73' lang='lat' dir='ltr'><strong>possint</strong></span> <span class='ocrx_word' id='word_1_422' title='bbox 911 4715 974 4763; x_wconf 85' lang='grc'><strong>1.-</strong></span> <span class='ocrx_word' id='word_1_423' title='bbox 988 4716 1030 4764; x_wconf 73' lang='lat' dir='ltr'><strong>lb.</strong></span> <span class='ocrx_word' id='word_1_424' title='bbox 1042 4716 1164 4765; x_wconf 76' lang='lat' dir='ltr'><strong>cottidiae</strong></span> <span class='ocrx_word' id='word_1_425' title='bbox 1178 4716 1223 4765; x_wconf 89' lang='lat' dir='ltr'><strong>Bi.</strong></span> <span class='ocrx_word' id='word_1_426' title='bbox 1235 4740 1265 4750; x_wconf 97' lang='lat'>-</span> <span class='ocrx_word' id='word_1_427' title='bbox 1278 4718 1365 4765; x_wconf 82' lang='lat' dir='ltr'><strong>imam</strong></span> <span class='ocrx_word' id='word_1_428' title='bbox 1377 4714 1399 4763; x_wconf 88' lang='lat'><strong>1.</strong></span> <span class='ocrx_word' id='word_1_429' title='bbox 1408 4737 1441 4750; x_wconf 90' lang='lat'>-</span> <span class='ocrx_word' id='word_1_430' title='bbox 1453 4717 1496 4765; x_wconf 77' lang='lat'><strong>20.</strong></span> <span class='ocrx_word' id='word_1_431' title='bbox 1510 4717 1611 4764; x_wconf 80' lang='lat' dir='ltr'><strong>retineo</strong></span> <span class='ocrx_word' id='word_1_432' title='bbox 1625 4729 1665 4777; x_wconf 90' lang='lat' dir='ltr'><strong>pr.</strong></span> 
     </span>
     <span class='ocr_line' id='line_1_45' title="bbox 344 4783 1667 4846; baseline -0.001 -13"><span class='ocrx_word' id='word_1_433' title='bbox 344 4783 382 4833; x_wconf 90' lang='grc' dir='ltr'><strong>Μ.</strong></span> <span class='ocrx_word' id='word_1_434' title='bbox 398 4809 427 4820; x_wconf 89' lang='grc'>-</span> <span class='ocrx_word' id='word_1_435' title='bbox 449 4787 537 4835; x_wconf 84' lang='lat' dir='ltr'><strong>Cicero</strong></span> <span class='ocrx_word' id='word_1_436' title='bbox 546 4791 570 4834; x_wconf 87' lang='lat' dir='ltr'><strong>et</strong></span> <span class='ocrx_word' id='word_1_437' title='bbox 579 4787 647 4835; x_wconf 84' lang='lat' dir='ltr'><strong>illos·</strong></span> <span class='ocrx_word' id='word_1_438' title='bbox 661 4787 722 4835; x_wconf 87' lang='lat' dir='ltr'><strong>Noli</strong></span> <span class='ocrx_word' id='word_1_439' title='bbox 733 4787 755 4835; x_wconf 93' lang='lat' dir='ltr'><strong>l.</strong></span> <span class='ocrx_word' id='word_1_440' title='bbox 772 4810 801 4821; x_wconf 94' lang='lat'><em>-</em></span> <span class='ocrx_word' id='word_1_441' title='bbox 822 4785 865 4832; x_wconf 78' lang='lat'><strong>21.</strong></span> <span class='ocrx_word' id='word_1_442' title='bbox 880 4783 1056 4846; x_wconf 70' lang='lat' dir='ltr'><strong>quefoaditus</strong></span> <span class='ocrx_word' id='word_1_443' title='bbox 1067 4787 1103 4836; x_wconf 91' lang='grc' dir='ltr'><strong>Μ.</strong></span> <span class='ocrx_word' id='word_1_444' title='bbox 1120 4810 1150 4821; x_wconf 91' lang='lat'>-</span> <span class='ocrx_word' id='word_1_445' title='bbox 1170 4787 1213 4834; x_wconf 68' lang='lat'><strong>22.</strong></span> <span class='ocrx_word' id='word_1_446' title='bbox 1229 4785 1326 4836; x_wconf 80' lang='lat' dir='ltr'><strong>Temen</strong></span> <span class='ocrx_word' id='word_1_447' title='bbox 1336 4787 1367 4836; x_wconf 87' lang='lat' dir='ltr'><strong>ll.</strong></span> <span class='ocrx_word' id='word_1_448' title='bbox 1384 4811 1411 4822; x_wconf 91' lang='grc'>-</span> <span class='ocrx_word' id='word_1_449' title='bbox 1432 4786 1476 4835; x_wconf 75' lang='grc'><strong>25.</strong></span> <span class='ocrx_word' id='word_1_450' title='bbox 1489 4787 1667 4834; x_wconf 71' lang='lat' dir='ltr'><strong>sementinum</strong></span> 
     </span>
     <span class='ocr_line' id='line_1_46' title="bbox 346 4853 1665 4918; baseline 0.001 -16"><span class='ocrx_word' id='word_1_451' title='bbox 346 4855 366 4902; x_wconf 95' lang='lat' dir='ltr'><strong>l.</strong></span> <span class='ocrx_word' id='word_1_452' title='bbox 381 4877 408 4890; x_wconf 90' lang='lat'>-</span> <span class='ocrx_word' id='word_1_453' title='bbox 429 4856 473 4903; x_wconf 75' lang='lat'><strong>27.</strong></span> <span class='ocrx_word' id='word_1_454' title='bbox 488 4857 612 4904; x_wconf 75' lang='lat' dir='ltr'><strong>callidior</strong></span> <span class='ocrx_word' id='word_1_455' title='bbox 625 4857 699 4906; x_wconf 84' lang='lat' dir='ltr'><strong>lllBl.</strong></span> <span class='ocrx_word' id='word_1_456' title='bbox 714 4881 745 4892; x_wconf 87' lang='lat'><em>-</em></span> <span class='ocrx_word' id='word_1_457' title='bbox 765 4856 808 4904; x_wconf 74' lang='lat' dir='ltr'><strong>BB.</strong></span> <span class='ocrx_word' id='word_1_458' title='bbox 823 4855 936 4916; x_wconf 76' lang='lat' dir='ltr'><strong>epistola</strong></span> <span class='ocrx_word' id='word_1_459' title='bbox 948 4869 1005 4904; x_wconf 89' lang='lat' dir='ltr'><strong>om.</strong></span> <span class='ocrx_word' id='word_1_460' title='bbox 1016 4856 1067 4905; x_wconf 87' lang='grc' dir='ltr'><strong>ΜΙ.</strong></span> <span class='ocrx_word' id='word_1_461' title='bbox 1081 4882 1114 4890; x_wconf 94' lang='grc'>-</span> <span class='ocrx_word' id='word_1_462' title='bbox 1133 4871 1186 4906; x_wconf 82' lang='lat' dir='ltr'><strong>non</strong></span> <span class='ocrx_word' id='word_1_463' title='bbox 1198 4870 1251 4906; x_wconf 88' lang='lat' dir='ltr'><strong>om.</strong></span> <span class='ocrx_word' id='word_1_464' title='bbox 1264 4857 1285 4904; x_wconf 93' lang='lat' dir='ltr'><strong>l.</strong></span> <span class='ocrx_word' id='word_1_465' title='bbox 1304 4881 1327 4890; x_wconf 95' lang='lat'><em>-</em></span> <span class='ocrx_word' id='word_1_466' title='bbox 1350 4856 1393 4905; x_wconf 79' lang='grc'><strong>34.</strong></span> <span class='ocrx_word' id='word_1_467' title='bbox 1408 4853 1505 4918; x_wconf 76' lang='lat' dir='ltr'><strong>nostri]</strong></span> <span class='ocrx_word' id='word_1_468' title='bbox 1518 4856 1593 4906; x_wconf 81' lang='lat' dir='ltr'><strong>Nevii</strong></span> <span class='ocrx_word' id='word_1_469' title='bbox 1608 4855 1665 4903; x_wconf 92' lang='lat' dir='ltr'><strong>l.-</strong></span> 
     </span>
     <span class='ocr_line' id='line_1_47' title="bbox 345 4923 1667 4988; baseline 0.001 -15"><span class='ocrx_word' id='word_1_470' title='bbox 345 4924 390 4973; x_wconf 79' lang='lat' dir='ltr'><strong>oo.</strong></span> <span class='ocrx_word' id='word_1_471' title='bbox 417 4939 474 4985; x_wconf 84' lang='lat' dir='ltr'><strong>rep.</strong></span> <span class='ocrx_word' id='word_1_472' title='bbox 499 4935 631 4974; x_wconf 79' lang='lat' dir='ltr'><strong>comtum</strong></span> <span class='ocrx_word' id='word_1_473' title='bbox 649 4927 686 4978; x_wconf 92' lang='grc' dir='ltr'><strong>Μ.</strong></span> <span class='ocrx_word' id='word_1_474' title='bbox 716 4949 746 4958; x_wconf 87' lang='grc'>-</span> <span class='ocrx_word' id='word_1_475' title='bbox 783 4923 914 4974; x_wconf 79' lang='lat' dir='ltr'><strong>scribendi</strong></span> <span class='ocrx_word' id='word_1_476' title='bbox 932 4927 1044 4980; x_wconf 82' lang='lat' dir='ltr'><strong>(omisso</strong></span> <span class='ocrx_word' id='word_1_477' title='bbox 1063 4925 1143 4988; x_wconf 84' lang='lat' dir='ltr'><strong>curn)</strong></span> <span class='ocrx_word' id='word_1_478' title='bbox 1162 4927 1204 4984; x_wconf 88' lang='grc' dir='ltr'><strong>Μ,</strong></span> <span class='ocrx_word' id='word_1_479' title='bbox 1233 4941 1298 4974; x_wconf 84' lang='lat' dir='ltr'><strong>cura</strong></span> <span class='ocrx_word' id='word_1_480' title='bbox 1320 4925 1453 4975; x_wconf 77' lang='lat' dir='ltr'><strong>scribendi</strong></span> <span class='ocrx_word' id='word_1_481' title='bbox 1471 4926 1508 4983; x_wconf 87' lang='lat' dir='ltr'><strong>ll,</strong></span> <span class='ocrx_word' id='word_1_482' title='bbox 1535 4925 1667 4975; x_wconf 75' lang='lat' dir='ltr'><strong>scribendi</strong></span> 
     </span>
     <span class='ocr_line' id='line_1_48' title="bbox 345 4994 1667 5059; baseline 0.004 -18"><span class='ocrx_word' id='word_1_483' title='bbox 345 5007 428 5042; x_wconf 80' lang='lat' dir='ltr'><strong>roura</strong></span> <span class='ocrx_word' id='word_1_484' title='bbox 441 4995 462 5043; x_wconf 94' lang='lat' dir='ltr'><strong>l.</strong></span> <span class='ocrx_word' id='word_1_485' title='bbox 486 4996 594 5045; x_wconf 87' lang='lat' dir='ltr'><strong>Videtur</strong></span> <span class='ocrx_word' id='word_1_486' title='bbox 607 4997 737 5046; x_wconf 75' lang='lat' dir='ltr'><strong>excidisse</strong></span> <span class='ocrx_word' id='word_1_487' title='bbox 750 4995 910 5046; x_wconf 80' lang='lat' dir='ltr'><strong>uocabulum</strong></span> <span class='ocrx_word' id='word_1_488' title='bbox 925 4994 1074 5055; x_wconf 87' lang='lat' dir='ltr'><strong>Graecum,</strong></span> <span class='ocrx_word' id='word_1_489' title='bbox 1090 4997 1162 5047; x_wconf 80' lang='lat' dir='ltr'><strong>cario</strong></span> <span class='ocrx_word' id='word_1_490' title='bbox 1176 5009 1248 5045; x_wconf 84' lang='lat' dir='ltr'><strong>nune</strong></span> <span class='ocrx_word' id='word_1_491' title='bbox 1261 4996 1424 5059; x_wconf 83' lang='lat' dir='ltr'><strong>suppletum.</strong></span> <span class='ocrx_word' id='word_1_492' title='bbox 1440 4995 1490 5046; x_wconf 78' lang='lat' dir='ltr'><strong>Ou-</strong></span> <span class='ocrx_word' id='word_1_493' title='bbox 1507 5021 1534 5032; x_wconf 88' lang='grc'>-</span> <span class='ocrx_word' id='word_1_494' title='bbox 1556 4997 1600 5045; x_wconf 78' lang='grc'><strong>37.</strong></span> <span class='ocrx_word' id='word_1_495' title='bbox 1618 5009 1667 5059; x_wconf 82' lang='lat' dir='ltr'><strong>po·</strong></span> 
     </span>
     <span class='ocr_line' id='line_1_49' title="bbox 346 5064 1648 5130; baseline 0.001 -20"><span class='ocrx_word' id='word_1_496' title='bbox 346 5064 450 5126; x_wconf 79' lang='lat' dir='ltr'><strong>rifieoto</strong></span> <span class='ocrx_word' id='word_1_497' title='bbox 468 5065 535 5124; x_wconf 80' lang='lat' dir='ltr'><strong>itit,</strong></span> <span class='ocrx_word' id='word_1_498' title='bbox 553 5069 707 5130; x_wconf 75' lang='lat' dir='ltr'><strong>pacificatur</strong></span> <span class='ocrx_word' id='word_1_499' title='bbox 726 5067 747 5115; x_wconf 93' lang='lat' dir='ltr'><strong>l.</strong></span> <span class='ocrx_word' id='word_1_500' title='bbox 783 5066 915 5123; x_wconf 78' lang='lat' dir='ltr'><strong>(Correxit</strong></span> <span class='ocrx_word' id='word_1_501' title='bbox 933 5066 1092 5122; x_wconf 84' lang='lat' dir='ltr'><strong>Manutius.)</strong></span> <span class='ocrx_word' id='word_1_502' title='bbox 1115 5092 1141 5103; x_wconf 93' lang='lat'><em>-</em></span> <span class='ocrx_word' id='word_1_503' title='bbox 1182 5065 1369 5118; x_wconf 84' lang='lat' dir='ltr'><strong>liberiolobll.</strong></span> <span class='ocrx_word' id='word_1_504' title='bbox 1391 5092 1422 5103; x_wconf 90' lang='lat'>-</span> <span class='ocrx_word' id='word_1_505' title='bbox 1457 5064 1648 5116; x_wconf 74' lang='lat' dir='ltr'><strong>armatiani.</strong></span> 
     </span>
    </p>
   </div>
   <div class='ocr_carea' id='block_1_13' title="bbox 0 0 1843 5892">
    <p class='ocr_par' dir='ltr' id='par_1_19' title="bbox 0 0 1843 5892">
     <span class='ocr_line' id='line_1_50' title="bbox 0 0 1843 5892; baseline 0 0"><span class='ocrx_word' id='word_1_506' title='bbox 0 0 1843 5892; x_wconf 95' lang='lat' dir='ltr'><strong> </strong></span> 
     </span>
    </p>
   </div>
  </div>
 </body>
</html>
