3628 5876
614 455 688 518 HM
710 455 750 521 Χ.
793 459 852 523 ΕΡ.
873 459 925 523 29.
946 457 997 521 30.
1021 457 1073 523 tt.
1440 463 1501 528 185

177 613 232 682 hst
252 635 357 702 neque
378 613 453 680 scirl
473 613 599 681 volebat
619 637 654 681 su
683 616 822 702 legiones
843 615 975 697 hahere3
1010 627 1130 685 Mutum
1152 619 1326 708 equitatum
1346 631 1378 688 et
1398 623 1500 689 lesem

177 721 371 777 armaturam
393 708 585 776 ostendebat.
638 714 843 799 Posteaquam
865 711 943 778 sidit
963 733 997 778 se
1019 712 1119 780 inrito
1140 714 1296 800 legionem
1317 715 1365 780 ire
1384 721 1501 794 Pansa,

177 807 268 892 sequi
291 827 325 872 se
347 806 425 873 duas
447 804 587 889 legiones
614 804 704 870 iussit
725 805 872 872 tironum.
922 811 1128 895 Posteaquam
1148 808 1306 896 angustias
1327 809 1449 896 paludis
1470 821 1503 878 et

178 897 330 966 silvarum
361 899 553 972 transiimus,
587 899 670 964 acies
698 909 746 965 est
771 906 921 966 instructa
949 923 968 966 a
996 900 1088 968 nohis
1120 901 1285 969 duodecim
1314 903 1502 972 cohortium.

178 999 211 1060 3.
237 991 382 1058 Nondum
413 1001 563 1058 venerant
591 992 731 1079 legiones
758 992 859 1072 duae;
893 1003 1022 1080 repente
1051 997 1204 1063 Antonius
1239 997 1271 1062 in
1303 996 1400 1062 aciem
1430 1017 1527 1065 suast

178 1087 286 1175 copias
315 1087 355 1153 de
382 1087 453 1152 vico
481 1085 630 1172 produxit
659 1097 690 1153 et
714 1087 780 1153 sine
802 1109 891 1154 mora
913 1090 1082 1154 concurrit.
1139 1088 1245 1156 Primo
1266 1089 1309 1155 ita
1329 1099 1501 1177 pugnatum

178 1191 243 1256 est,
265 1191 301 1247 ut
321 1181 425 1246 acrius
447 1200 509 1245 nou
531 1189 637 1266 posset
659 1201 699 1246 ex
720 1191 853 1267 utraque
867 1191 955 1268 parte
968 1182 1119 1268 pugnari;
1141 1183 1200 1249 etsi
1215 1182 1375 1250 dexterius
1390 1205 1500 1261 consu,

107 1337 111 1346 ,
176 1275 211 1341 in
244 1295 309 1361 quo
341 1295 402 1360 ego
432 1294 520 1339 eram
549 1295 621 1342 usna
642 1276 772 1341 Martiae
795 1275 925 1361 legionis
946 1275 1129 1342 cohortibus
1150 1285 1236 1353 octo,
1259 1277 1377 1365 impetu
1398 1280 1503 1366 primo

177 1368 342 1454 fugaverat
362 1368 518 1454 legionem
540 1388 650 1434 xxxv.
671 1369 814 1444 Antonii,
837 1383 873 1435 ut
893 1370 1024 1456 amplius
1045 1375 1174 1458 passus*
1195 1371 1277 1437 ultra
1299 1373 1413 1450 aciem,
1436 1395 1501 1461 quo

177 1461 250 1528 loco
272 1470 416 1536 steterat,
438 1462 636 1548 processerit.
684 1467 792 1550 ltaque
813 1483 885 1528 curn
905 1463 1027 1552 equites
1048 1474 1190 1532 nostrum
1213 1487 1312 1533 comu
1333 1469 1499 1535 circumire
1514 1485 1540 1524 tt

177 1556 308 1632 vellent,
344 1555 487 1641 recipcre
515 1579 566 1624 me
595 1557 686 1644 coepi
715 1566 747 1623 et
772 1558 873 1623 levem
902 1569 1091 1625 armaturam
1119 1579 1281 1646 opponere
1319 1567 1501 1631 Maurorum

177 1650 352 1737 equitibus,
390 1671 430 1716 ne
458 1672 586 1718 aversos
613 1660 739 1718 nostros
768 1649 1023 1737 aggrederentur.
1079 1654 1208 1720 Interim
1236 1653 1330 1721 video
1358 1677 1501 1724 measse

177 1745 262 1810 inter
282 1743 473 1810 Antonianos
496 1743 727 1830 Antoniumque
748 1753 820 1832 post
841 1765 891 1811 me
913 1766 982 1812 esse
1004 1747 1172 1834 aliquanto.
1226 1753 1364 1834 Repente
1385 1771 1500 1837 equum

178 1839 293 1904 immisi
316 1838 355 1904 ad
377 1859 446 1904 eam
466 1839 622 1924 legionem
643 1839 796 1914 tironum,
831 1861 911 1928 quae
932 1839 1078 1906 veniebat
1098 1863 1139 1908 ex
1167 1842 1276 1908 matris
1304 1853 1392 1912 scuto
1420 1845 1503 1910 reie-

177 1941 240 1998 cto.
295 1933 459 1998 Antoniani
487 1953 537 1998 me
564 1933 704 2020 insequi;
740 1934 839 2002 nostri
865 1933 927 2020 pila
950 1935 1071 2000 coicere
1092 1935 1183 2003 velle.
1239 1941 1285 2004 lta
1307 1941 1413 2003 nescio
1434 1957 1499 2024 quo
1513 1951 1540 1992 ¹·

178 2025 243 2090 lato
266 2047 335 2090 sum
357 2038 518 2100 servatus,
545 2027 628 2114 quod
651 2048 720 2093 sum
742 2031 805 2093 cito
826 2049 845 2093 a
867 2029 984 2094 nostris
1004 2030 1158 2114 cognitus.
1206 2035 1238 2096 1.
1259 2035 1294 2096 ln
1314 2031 1382 2118 ipsa
1396 2029 1500 2097 hemi·

178 2119 239 2194 lia,
269 2118 322 2186 uhi
345 2120 460 2186 cohors
482 2122 620 2188 Caesaris
642 2120 799 2208 praetoria
821 2131 903 2198 crat,
932 2122 988 2189 diu
1005 2133 1176 2209 pugnatum
1197 2134 1254 2191 est.
1297 2129 1404 2193 Cornu
1425 2125 1500 2190 sini·

178 2219 313 2290 sterius,
350 2215 436 2303 quod
457 2224 525 2283 erat
546 2213 716 2290 infirmius,
754 2214 810 2280 uhi
831 2215 962 2281 Martiae
989 2215 1121 2301 legionis
1143 2215 1222 2281 duae
1243 2217 1390 2284 cohortes
1412 2225 1501 2284 erant

178 2317 210 2374 et
237 2308 352 2374 cohors
380 2310 557 2395 praetoria,
594 2309 706 2395 pedem
739 2309 860 2375 referre
887 2317 1072 2397 coeperunt,
1108 2309 1195 2396 quod
1216 2309 1255 2376 ah
1278 2311 1418 2399 equitatu
1439 2312 1501 2378 cir·

176 2402 390 2476 cumihantur,
420 2425 484 2491 quo
510 2403 561 2469 vel
581 2402 751 2488 plurimum
773 2404 855 2469 valet
874 2404 1036 2471 Antonius.
1080 2407 1157 2470 Cum
1179 2425 1289 2471 omnes
1310 2426 1344 2472 se
1365 2405 1538 2492 rumpis-⁸⁹

177 2509 247 2564 sent
268 2497 369 2562 nostri
389 2496 537 2572 ordines,
572 2497 715 2584 recipcre
735 2517 786 2562 mo
808 2497 996 2564 novissimus
1017 2498 1108 2586 coepi
1129 2496 1169 2564 ad
1189 2509 1300 2564 castra.
1348 2499 1500 2565 Antonius

177 2601 336 2678 tamquam
372 2591 474 2656 victor
494 2600 595 2657 casua
616 2591 736 2677 putavit
757 2612 791 2657 se
812 2613 904 2678 posse
926 2611 1050 2678 capere.
1105 2595 1177 2670 Quo
1199 2614 1269 2658 cum
1292 2593 1392 2667 venit,
1414 2613 1501 2658 com·

177 2686 286 2774 plures
307 2684 352 2750 ihi
374 2685 478 2751 amisit
498 2705 556 2752 nec
577 2685 641 2771 egit
661 2686 842 2773 quidquam.
890 2686 1003 2752 Audita
1024 2707 1061 2752 re
1082 2686 1204 2752 Hirtius
1224 2707 1296 2752 cum
1317 2683 1501 2752 cohortihua

177 2779 290 2865 viginti
322 2779 477 2844 veteranis
505 2779 649 2845 redeunti
669 2780 805 2846 Antonio
825 2781 858 2845 iu
880 2801 935 2846 sua
958 2790 1058 2845 castra
1080 2780 1219 2845 occurrit
1240 2780 1409 2866 copiasque
1431 2778 1500 2846 eius

176 2893 289 2940 omnes
321 2872 436 2938 delevit
466 2871 648 2961 fugavitque
671 2873 783 2940 eodem
804 2874 897 2948 loco,
933 2873 990 2940 uhi
1011 2884 1079 2939 erat
1099 2882 1286 2959 pugnatum,
1321 2872 1362 2939 ad
1382 2878 1500 2939 Forum
1509 2885 1539 2928 ¹³

178 2969 352 3036 Gallorum.
403 2969 556 3034 Antonius
582 2988 653 3033 cum
676 2967 832 3055 equitibus
854 2968 932 3033 hora
953 2967 1054 3033 noctis
1081 2977 1191 3055 quarta
1213 2988 1247 3034 se
1268 2968 1301 3032 iu
1322 2975 1424 3032 castra
1444 2987 1501 3032 sua

176 3063 217 3128 ad
238 3062 389 3128 Mutinam
411 3062 540 3148 recepit.
583 3065 613 3126 5.
635 3061 755 3129 Hirtius
777 3061 809 3127 in
831 3082 867 3126 ea
889 3071 989 3130 castra
1010 3060 1119 3135 rediit,
1141 3058 1225 3125 unde
1246 3065 1345 3126 Pausa
1366 3060 1499 3132 exierat,

177 3156 233 3223 uhi
255 3155 333 3221 duas
361 3154 500 3240 legiones
527 3155 715 3241 reliquerat,
751 3175 832 3242 quac
853 3153 892 3220 ah
914 3155 1050 3220 Antonio
1071 3163 1160 3218 erant
1181 3161 1388 3241 oppugnatae.
1446 3151 1499 3218 Sic

177 3259 300 3338 partem
332 3249 484 3314 maiorem
516 3269 644 3314 suarum
670 3247 833 3336 copiarum
860 3248 1013 3315 Antonius
1041 3247 1145 3314 amisit
1166 3258 1395 3313 veteranarum.
1437 3249 1502 3312 Nec

177 3345 210 3410 id
232 3353 336 3409 tamen
357 3347 424 3409 sine
446 3343 550 3430 aliqua
571 3342 690 3408 iactura
712 3343 888 3408 cohortium
910 3340 1140 3429 praetoriarum
1161 3353 1338 3407 nostrarum
1351 3349 1383 3405 ct
1403 3339 1539 3425 legio-⁸⁰

177 3437 226 3502 nis
248 3437 378 3504 Martiae
401 3436 470 3503 lieri
500 3436 612 3524 potuit.
655 3437 787 3523 Aquilae
814 3436 914 3510 duae,
937 3435 1024 3522 signa
1046 3435 1206 3521 sexaginta
1228 3443 1298 3501 sunt
1320 3435 1416 3500 relata
1437 3439 1500 3500 nn·

176 3530 267 3598 tonii.
310 3535 371 3598 ltes
391 3529 473 3597 hena
494 3540 580 3617 gesta
599 3540 656 3596 est.
698 3538 734 3597 Α.
757 3530 787 3598 d.
808 3550 873 3598 xu.
894 3527 1048 3597 Kalendas
1068 3529 1181 3606 Maias,
1205 3549 1245 3595 ex
1267 3527 1389 3594 castris.

626 3702 739 3765 xxxa.
782 3698 831 3785 (s.
857 3701 889 3764 u.
912 3701 944 3766 c.
967 3701 1053 3780 711.)

467 3779 526 3924 (u.
547 3834 698 3897 ssnsus
719 3831 865 3896 sonnio
888 3833 1072 3898 cscsnons
1094 3833 1126 3897 s.
1147 3815 1213 3931 n.)

264 3962 294 4023 1.
315 3955 444 4022 Minium
465 3953 581 4020 mirum
602 3952 660 4018 tihi
681 3950 775 4018 dehet
794 3951 896 4018 videri
916 3950 994 4018 nihil
1015 3972 1066 4017 me
1085 3949 1245 4038 scripsisse
1261 3949 1300 4018 de
1314 3973 1351 4018 re
1365 3950 1499 4040 publica,
1511 3968 1540 4008 ⁸⁵

176 4061 383 4140 posteaquam
412 4049 490 4115 itum
519 4056 567 4114 est
594 4047 634 4113 ad
662 4067 760 4112 arma.
809 4049 885 4112 Nam
913 4045 1008 4112 saltus
1031 4043 1278 4120 Castulonensis,
1300 4045 1354 4133 qui
1376 4067 1503 4133 semper

177 4147 278 4212 tenuit
310 4153 435 4210 nostros
463 4140 662 4216 tabellarios,
699 4139 757 4206 etsi
777 4160 860 4206 nuuc
879 4136 1147 4227 frequentioribus
1167 4139 1337 4205 latrociniis
1358 4137 1503 4204 infestior

176 4239 277 4306 lactus
300 4246 363 4312 est,
386 4245 491 4301 tamen
511 4255 708 4322 nequaquam
730 4242 814 4299 tanta
834 4233 867 4300 iu
888 4254 978 4300 mora
999 4241 1065 4309 est,
1088 4242 1202 4320 quanta
1224 4232 1280 4320 qui
1301 4233 1378 4299 locis
1399 4233 1503 4300 omni·

176 4331 237 4399 hus
259 4329 405 4418 dispositi
426 4328 466 4395 ah
488 4334 621 4414 uhaque
642 4335 731 4414 parte
752 4335 931 4393 scrutantur
951 4323 1131 4392 tabellarios
1153 4334 1184 4390 et
1204 4325 1349 4392 retinent.
1392 4332 1501 4412 ltaque

176 4427 239 4493 nisi
259 4445 340 4491 nave
361 4423 499 4510 perlatae
529 4422 650 4488 litterae
682 4429 802 4496 essent,
838 4420 967 4486 omnino
994 4419 1164 4494 nescirem,
1199 4416 1276 4506 quid
1301 4418 1371 4484 istic
1400 4417 1540 4484 lieretsu

177 4525 265 4586 Nunc
284 4539 363 4584 vero
385 4526 493 4584 nactus
515 4516 712 4582 occasionem
732 4523 935 4602 posteaquam
953 4513 1094 4600 navigari
1115 4521 1259 4600 coeptum
1282 4518 1344 4589 est,
1365 4510 1501 4598 cupidis·

246 4739 276 4791 4.
295 4738 450 4789 sramssmus
468 4736 524 4786 Vas
543 4737 686 4787 trusssissssss
703 4734 746 4796 M,
765 4736 935 4786 transivimus
953 4734 983 4785 11.
1005 4758 1036 4771 -
1056 4734 1083 4785 5.
1102 4747 1160 4784 essm
1177 4739 1281 4797 rspsnts
1300 4732 1447 4785 Manutius.
1469 4755 1501 4770 -

178 4810 205 4862 8.
231 4824 279 4877 spo
303 4823 376 4860 sauss
401 4806 447 4860 Ms
474 4821 547 4860 uum
572 4806 603 4857 ll.
634 4831 668 4840 -
704 4807 732 4858 1.
757 4803 858 4869 possus]
883 4805 986 4855 Excidit
1004 4817 1144 4855 numerus.
1166 4829 1194 4842 -
1234 4805 1277 4854 10.
1297 4803 1431 4853 Mrsusstss
1449 4802 1502 4855 Ma

179 4883 288 4932 etrcutrs
314 4879 346 4930 li.
378 4903 409 4916 -
447 4880 490 4932 15.
509 4879 604 4930 sotem
620 4877 662 4928 M:
680 4879 804 4927 cosss's'csrs
831 4875 862 4925 a.
893 4899 920 4912 -
961 4876 1004 4927 11.
1024 4875 1229 4926 cirnsmidusstssr
1246 4872 1295 4924 M:
1323 4872 1502 4924 sircuthunusr

180 4951 262 5004 1.-
299 4951 344 5000 13.
362 4949 400 5000 151
417 4947 655 5000 5111111111-
690 4947 734 4997 25.
753 4947 1006 5012 fugauitquesodsm
1025 4945 1110 4996 codd.
1129 4944 1249 5007 aliquot:
1270 4944 1383 5009 11195511,
1403 4943 1501 4994 sudeus·

179 5035 227 5088 qus
251 5021 312 5073 MR.
345 5043 376 5057 -
412 5020 457 5072 27.
488 5019 556 5070 rsds't
581 5015 620 5067 M.
651 5041 685 5052 -
720 5018 764 5068 ³⁰.
792 5017 989 5080 prodonamus
1011 5013 1095 5067 (lodd-
1123 5015 1244 5079 aliquot:
1266 5013 1501 5078 praetorianorum

180 5091 238 5144 tta.
260 5117 288 5130 -
327 5089 373 5142 31.
391 5087 455 5154 aaa]
475 5103 532 5140 m.
550 5087 698 5140 Manutius.
721 5113 749 5126 -
787 5088 876 5140 status
892 5085 1078 5140 assumsit.
