<?xml version="1.0" encoding="UTF-8"?>
<!DOCTYPE html PUBLIC "-//W3C//DTD XHTML 1.0 Transitional//EN"
    "http://www.w3.org/TR/xhtml1/DTD/xhtml1-transitional.dtd">
<html xmlns="http://www.w3.org/1999/xhtml" xml:lang="en" lang="en">
 <head>
  <title>
</title>
<meta http-equiv="Content-Type" content="text/html;charset=utf-8" />
  <meta name='ocr-system' content='tesseract 3.04.00' />
  <meta name='ocr-capabilities' content='ocr_page ocr_carea ocr_par ocr_line ocrx_word'/>
</head>
<body>
  <div class='ocr_page' id='page_1' title='image "./mtulliiciceroni06baitgoog_0405.png"; bbox 0 0 3668 5924; ppageno 0'>
   <div class='ocr_carea' id='block_1_1' title="bbox 320 361 1168 435">
    <p class='ocr_par' dir='ltr' id='par_1_1' title="bbox 320 361 1168 435">
     <span class='ocr_line' id='line_1_1' title="bbox 320 361 1168 435; baseline -0.005 -7"><span class='ocrx_word' id='word_1_1' title='bbox 320 361 382 428; x_wconf 78' lang='grc'><strong>344</strong></span> <span class='ocrx_word' id='word_1_2' title='bbox 769 363 826 424; x_wconf 82' lang='grc' dir='ltr'><strong>ΕΡ.</strong></span> <span class='ocrx_word' id='word_1_3' title='bbox 849 363 901 424; x_wconf 83' lang='grc' dir='ltr'><strong>ΑΙ)</strong></span> <span class='ocrx_word' id='word_1_4' title='bbox 925 361 963 435; x_wconf 84' lang='lat' dir='ltr'><strong>Q.</strong></span> <span class='ocrx_word' id='word_1_5' title='bbox 985 361 1168 424; x_wconf 77' lang='lat' dir='ltr'><strong>FRATREM</strong></span> 
     </span>
    </p>
   </div>
   <div class='ocr_carea' id='block_1_2' title="bbox 198 515 1640 1185">
    <p class='ocr_par' dir='ltr' id='par_1_2' title="bbox 198 515 1640 1185">
     <span class='ocr_line' id='line_1_2' title="bbox 320 515 1639 606; baseline 0.004 -26"><span class='ocrx_word' id='word_1_6' title='bbox 320 515 442 593; x_wconf 77' lang='lat' dir='ltr'><strong>tuebar,</strong></span> <span class='ocrx_word' id='word_1_7' title='bbox 464 515 607 593; x_wconf 88' lang='lat' dir='ltr'><strong>addere;</strong></span> <span class='ocrx_word' id='word_1_8' title='bbox 638 538 824 604; x_wconf 91' lang='lat' dir='ltr'><strong>quamquam</strong></span> <span class='ocrx_word' id='word_1_9' title='bbox 852 539 889 582; x_wconf 92' lang='lat' dir='ltr'><strong>ea</strong></span> <span class='ocrx_word' id='word_1_10' title='bbox 916 515 1004 591; x_wconf 87' lang='lat' dir='ltr'><strong>villa,</strong></span> <span class='ocrx_word' id='word_1_11' title='bbox 1031 536 1112 602; x_wconf 91' lang='lat' dir='ltr'><strong>quae</strong></span> <span class='ocrx_word' id='word_1_12' title='bbox 1132 535 1214 580; x_wconf 91' lang='lat' dir='ltr'><strong>nuuc</strong></span> <span class='ocrx_word' id='word_1_13' title='bbox 1235 527 1298 592; x_wconf 88' lang='lat' dir='ltr'><strong>est,</strong></span> <span class='ocrx_word' id='word_1_14' title='bbox 1320 525 1476 606; x_wconf 87' lang='lat' dir='ltr'><strong>tamquam</strong></span> <span class='ocrx_word' id='word_1_15' title='bbox 1498 520 1639 606; x_wconf 76' lang='lat' dir='ltr'><strong>pbiloso</strong></span> 
     </span>
     <span class='ocr_line' id='line_1_3' title="bbox 318 607 1640 698; baseline 0.002 -22"><span class='ocrx_word' id='word_1_16' title='bbox 318 611 378 698; x_wconf 91' lang='lat' dir='ltr'><strong>pba</strong></span> <span class='ocrx_word' id='word_1_17' title='bbox 406 611 531 676; x_wconf 84' lang='lat' dir='ltr'><strong>videtur</strong></span> <span class='ocrx_word' id='word_1_18' title='bbox 557 633 642 684; x_wconf 88' lang='lat' dir='ltr'><strong>esse.</strong></span> <span class='ocrx_word' id='word_1_19' title='bbox 672 632 751 696; x_wconf 88' lang='lat' dir='ltr'><strong>quae</strong></span> <span class='ocrx_word' id='word_1_20' title='bbox 773 609 918 696; x_wconf 88' lang='lat' dir='ltr'><strong>obiurget</strong></span> <span class='ocrx_word' id='word_1_21' title='bbox 939 619 1112 674; x_wconf 88' lang='lat' dir='ltr'><strong>ceterarum</strong></span> <span class='ocrx_word' id='word_1_22' title='bbox 1136 607 1279 676; x_wconf 79' lang='lat' dir='ltr'><strong>villarum</strong></span> <span class='ocrx_word' id='word_1_23' title='bbox 1301 609 1460 676; x_wconf 89' lang='lat' dir='ltr'><strong>insaniam.</strong></span> <span class='ocrx_word' id='word_1_24' title='bbox 1503 619 1640 679; x_wconf 89' lang='lat' dir='ltr'><strong>Verum-</strong></span> 
     </span>
     <span class='ocr_line' id='line_1_4' title="bbox 318 702 1639 790; baseline 0.002 -20"><span class='ocrx_word' id='word_1_25' title='bbox 318 707 420 770; x_wconf 87' lang='lat' dir='ltr'><strong>tamen</strong></span> <span class='ocrx_word' id='word_1_26' title='bbox 448 704 524 771; x_wconf 90' lang='lat' dir='ltr'><strong>illud</strong></span> <span class='ocrx_word' id='word_1_27' title='bbox 551 705 690 770; x_wconf 89' lang='lat' dir='ltr'><strong>additum</strong></span> <span class='ocrx_word' id='word_1_28' title='bbox 712 703 885 770; x_wconf 86' lang='lat' dir='ltr'><strong>delectabit.</strong></span> <span class='ocrx_word' id='word_1_29' title='bbox 928 703 1108 790; x_wconf 89' lang='lat' dir='ltr'><strong>Topiarium</strong></span> <span class='ocrx_word' id='word_1_30' title='bbox 1130 702 1270 782; x_wconf 84' lang='lat' dir='ltr'><strong>laudavi;</strong></span> <span class='ocrx_word' id='word_1_31' title='bbox 1294 705 1335 770; x_wconf 93' lang='lat' dir='ltr'><strong>ita</strong></span> <span class='ocrx_word' id='word_1_32' title='bbox 1356 706 1461 771; x_wconf 93' lang='lat' dir='ltr'><strong>omnia</strong></span> <span class='ocrx_word' id='word_1_33' title='bbox 1482 707 1639 772; x_wconf 83' lang='lat' dir='ltr'><strong>convesti-</strong></span> 
     </span>
     <span class='ocr_line' id='line_1_5' title="bbox 319 795 1637 887; baseline 0.002 -23"><span class='ocrx_word' id='word_1_34' title='bbox 319 803 362 865; x_wconf 86' lang='lat' dir='ltr'><strong>vit</strong></span> <span class='ocrx_word' id='word_1_35' title='bbox 384 798 514 872; x_wconf 78' lang='lat' dir='ltr'><strong>hedera,</strong></span> <span class='ocrx_word' id='word_1_36' title='bbox 538 821 598 885; x_wconf 90' lang='lat' dir='ltr'><strong>qua</strong></span> <span class='ocrx_word' id='word_1_37' title='bbox 613 798 711 864; x_wconf 91' lang='lat' dir='ltr'><strong>basim</strong></span> <span class='ocrx_word' id='word_1_38' title='bbox 729 799 832 872; x_wconf 88' lang='lat' dir='ltr'><strong>villae,</strong></span> <span class='ocrx_word' id='word_1_39' title='bbox 855 819 916 884; x_wconf 91' lang='lat' dir='ltr'><strong>qua</strong></span> <span class='ocrx_word' id='word_1_40' title='bbox 938 795 1175 861; x_wconf 89' lang='lat' dir='ltr'><strong>intercolumnia</strong></span> <span class='ocrx_word' id='word_1_41' title='bbox 1190 795 1423 874; x_wconf 81' lang='lat' dir='ltr'><strong>ambulationis,</strong></span> <span class='ocrx_word' id='word_1_42' title='bbox 1445 812 1480 866; x_wconf 94' lang='lat' dir='ltr'><strong>ut</strong></span> <span class='ocrx_word' id='word_1_43' title='bbox 1499 799 1637 887; x_wconf 90' lang='lat' dir='ltr'><strong>denique</strong></span> 
     </span>
     <span class='ocr_line' id='line_1_6' title="bbox 296 889 1637 978; baseline 0.004 -21"><span class='ocrx_word' id='word_1_44' title='bbox 296 892 362 957; x_wconf 73' lang='lat' dir='ltr'><strong>sitii</strong></span> <span class='ocrx_word' id='word_1_45' title='bbox 383 892 500 978; x_wconf 88' lang='lat' dir='ltr'><strong>palliati</strong></span> <span class='ocrx_word' id='word_1_46' title='bbox 520 893 684 978; x_wconf 77' lang='lat' dir='ltr'><strong>topiariam</strong></span> <span class='ocrx_word' id='word_1_47' title='bbox 706 891 810 957; x_wconf 87' lang='lat' dir='ltr'><strong>facere</strong></span> <span class='ocrx_word' id='word_1_48' title='bbox 833 891 996 956; x_wconf 91' lang='lat' dir='ltr'><strong>videantur</strong></span> <span class='ocrx_word' id='word_1_49' title='bbox 1017 897 1048 954; x_wconf 90' lang='lat' dir='ltr'><strong>et</strong></span> <span class='ocrx_word' id='word_1_50' title='bbox 1069 889 1216 956; x_wconf 79' lang='lat' dir='ltr'><strong>hederam</strong></span> <span class='ocrx_word' id='word_1_51' title='bbox 1237 891 1384 958; x_wconf 86' lang='lat' dir='ltr'><strong>vendere.</strong></span> <span class='ocrx_word' id='word_1_52' title='bbox 1426 899 1490 959; x_wconf 92' lang='lat' dir='ltr'><strong>lam</strong></span> <span class='ocrx_word' id='word_1_53' title='bbox 1511 899 1637 962; x_wconf 78' lang='grc' dir='ltr'><em>ἀποδυ-</em></span> 
     </span>
     <span class='ocr_line' id='line_1_7' title="bbox 297 977 1638 1070; baseline 0.001 -18"><span class='ocrx_word' id='word_1_54' title='bbox 297 977 414 1070; x_wconf 76' lang='grc' dir='ltr'>’τηριῳ</span> <span class='ocrx_word' id='word_1_55' title='bbox 442 986 518 1052; x_wconf 83' lang='grc' dir='ltr'>ιιίΙιίΙ</span> <span class='ocrx_word' id='word_1_56' title='bbox 545 987 659 1061; x_wconf 87' lang='lat' dir='ltr'><strong>alsius,</strong></span> <span class='ocrx_word' id='word_1_57' title='bbox 695 986 770 1052; x_wconf 91' lang='lat' dir='ltr'><strong>nibil</strong></span> <span class='ocrx_word' id='word_1_58' title='bbox 797 985 980 1052; x_wconf 89' lang='lat' dir='ltr'><strong>muscosius.</strong></span> <span class='ocrx_word' id='word_1_59' title='bbox 1037 989 1065 1054; x_wconf 88' lang='lat'><strong>6.</strong></span> <span class='ocrx_word' id='word_1_60' title='bbox 1094 983 1198 1050; x_wconf 87' lang='lat' dir='ltr'><strong>Habes</strong></span> <span class='ocrx_word' id='word_1_61' title='bbox 1227 984 1293 1049; x_wconf 89' lang='lat' dir='ltr'><strong>fere</strong></span> <span class='ocrx_word' id='word_1_62' title='bbox 1323 985 1362 1051; x_wconf 91' lang='lat' dir='ltr'><strong>de</strong></span> <span class='ocrx_word' id='word_1_63' title='bbox 1383 985 1478 1053; x_wconf 89' lang='lat' dir='ltr'><strong>rebus</strong></span> <span class='ocrx_word' id='word_1_64' title='bbox 1499 988 1638 1054; x_wconf 79' lang='lat' dir='ltr'><strong>rusticis.</strong></span> 
     </span>
     <span class='ocr_line' id='line_1_8' title="bbox 198 1071 1635 1185; baseline 0.001 -40"><span class='ocrx_word' id='word_1_65' title='bbox 198 1079 213 1133; x_wconf 44' lang='grc' dir='ltr'><strong>’ν</strong></span> <span class='ocrx_word' id='word_1_66' title='bbox 318 1079 470 1145; x_wconf 85' lang='lat' dir='ltr'><strong>Urbanam</strong></span> <span class='ocrx_word' id='word_1_67' title='bbox 493 1081 714 1167; x_wconf 85' lang='lat' dir='ltr'><strong>expolitionem</strong></span> <span class='ocrx_word' id='word_1_68' title='bbox 726 1077 828 1168; x_wconf 65' lang='lat' dir='ltr'><strong>(afflet</strong></span> <span class='ocrx_word' id='word_1_69' title='bbox 849 1079 932 1145; x_wconf 91' lang='lat' dir='ltr'><strong>illam</strong></span> <span class='ocrx_word' id='word_1_70' title='bbox 954 1079 1080 1166; x_wconf 90' lang='lat' dir='ltr'><strong>quidem</strong></span> <span class='ocrx_word' id='word_1_71' title='bbox 1101 1090 1133 1145; x_wconf 92' lang='lat' dir='ltr'><strong>et</strong></span> <span class='ocrx_word' id='word_1_72' title='bbox 1152 1079 1333 1146; x_wconf 87' lang='lat' dir='ltr'><strong>Philotimus</strong></span> <span class='ocrx_word' id='word_1_73' title='bbox 1355 1090 1386 1145; x_wconf 91' lang='lat' dir='ltr'><strong>et</strong></span> <span class='ocrx_word' id='word_1_74' title='bbox 1407 1071 1548 1185; x_wconf 64' lang='lat' dir='ltr'><strong>Cincius)</strong></span> <span class='ocrx_word' id='word_1_75' title='bbox 1578 1080 1635 1146; x_wconf 88' lang='lat' dir='ltr'><strong>sed</strong></span> 
     </span>
    </p>
   </div>
   <div class='ocr_carea' id='block_1_3' title="bbox 275 1173 1635 4359">
    <p class='ocr_par' dir='ltr' id='par_1_3' title="bbox 275 1173 1635 4359">
     <span class='ocr_line' id='line_1_9' title="bbox 318 1173 1635 1261; baseline 0.003 -23"><span class='ocrx_word' id='word_1_76' title='bbox 318 1175 409 1238; x_wconf 89' lang='lat' dir='ltr'><strong>etiam</strong></span> <span class='ocrx_word' id='word_1_77' title='bbox 433 1175 499 1261; x_wconf 88' lang='lat' dir='ltr'><strong>ipse</strong></span> <span class='ocrx_word' id='word_1_78' title='bbox 521 1174 634 1241; x_wconf 90' lang='lat' dir='ltr'><strong>crebro</strong></span> <span class='ocrx_word' id='word_1_79' title='bbox 656 1174 825 1248; x_wconf 73' lang='lat' dir='ltr'><strong>intersim,</strong></span> <span class='ocrx_word' id='word_1_80' title='bbox 858 1173 943 1260; x_wconf 90' lang='lat' dir='ltr'><strong>quod</strong></span> <span class='ocrx_word' id='word_1_81' title='bbox 973 1182 1020 1238; x_wconf 89' lang='lat' dir='ltr'><strong>est</strong></span> <span class='ocrx_word' id='word_1_82' title='bbox 1049 1173 1136 1238; x_wconf 87' lang='lat' dir='ltr'><strong>laeile</strong></span> <span class='ocrx_word' id='word_1_83' title='bbox 1164 1173 1256 1240; x_wconf 88' lang='lat' dir='ltr'><strong>factu.</strong></span> <span class='ocrx_word' id='word_1_84' title='bbox 1306 1174 1517 1253; x_wconf 84' lang='lat' dir='ltr'><strong>Quamobrem</strong></span> <span class='ocrx_word' id='word_1_85' title='bbox 1543 1197 1580 1241; x_wconf 85' lang='lat' dir='ltr'><strong>ca</strong></span> <span class='ocrx_word' id='word_1_86' title='bbox 1603 1186 1635 1242; x_wconf 90' lang='lat' dir='ltr'><strong>te</strong></span> 
     </span>
     <span class='ocr_line' id='line_1_10' title="bbox 318 1268 678 1336; baseline 0.003 -3"><span class='ocrx_word' id='word_1_87' title='bbox 318 1289 393 1334; x_wconf 89' lang='lat' dir='ltr'><strong>cura</strong></span> <span class='ocrx_word' id='word_1_88' title='bbox 415 1268 578 1336; x_wconf 89' lang='lat' dir='ltr'><strong>liberatum</strong></span> <span class='ocrx_word' id='word_1_89' title='bbox 597 1270 678 1334; x_wconf 82' lang='lat' dir='ltr'><strong>sole.</strong></span> 
     </span>
     <span class='ocr_line' id='line_1_11' title="bbox 286 1360 1633 1449; baseline 0.003 -23"><span class='ocrx_word' id='word_1_90' title='bbox 286 1375 310 1415; x_wconf 79' lang='grc' dir='ltr'><strong>ιι</strong></span> <span class='ocrx_word' id='word_1_91' title='bbox 403 1367 455 1430; x_wconf 93' lang='lat' dir='ltr'><strong>lll.</strong></span> <span class='ocrx_word' id='word_1_92' title='bbox 487 1367 519 1428; x_wconf 86' lang='grc'><strong>7.</strong></span> <span class='ocrx_word' id='word_1_93' title='bbox 539 1368 585 1428; x_wconf 86' lang='lat' dir='ltr'><strong>De</strong></span> <span class='ocrx_word' id='word_1_94' title='bbox 608 1365 757 1428; x_wconf 88' lang='lat' dir='ltr'><strong>Cicerone</strong></span> <span class='ocrx_word' id='word_1_95' title='bbox 780 1360 865 1449; x_wconf 90' lang='lat' dir='ltr'><strong>quod</strong></span> <span class='ocrx_word' id='word_1_96' title='bbox 886 1382 936 1426; x_wconf 89' lang='lat' dir='ltr'><strong>me</strong></span> <span class='ocrx_word' id='word_1_97' title='bbox 958 1381 1082 1448; x_wconf 90' lang='lat' dir='ltr'><strong>semper</strong></span> <span class='ocrx_word' id='word_1_98' title='bbox 1102 1383 1215 1447; x_wconf 87' lang='lat' dir='ltr'><strong>rogas,</strong></span> <span class='ocrx_word' id='word_1_99' title='bbox 1240 1361 1370 1446; x_wconf 81' lang='lat' dir='ltr'><strong>ignosco</strong></span> <span class='ocrx_word' id='word_1_100' title='bbox 1392 1363 1537 1449; x_wconf 88' lang='lat' dir='ltr'><strong>equidem</strong></span> <span class='ocrx_word' id='word_1_101' title='bbox 1558 1365 1633 1439; x_wconf 90' lang='lat' dir='ltr'><strong>tibi,</strong></span> 
     </span>
     <span class='ocr_line' id='line_1_12' title="bbox 318 1455 1635 1544; baseline 0.006 -24"><span class='ocrx_word' id='word_1_102' title='bbox 318 1455 372 1520; x_wconf 90' lang='lat' dir='ltr'><strong>sed</strong></span> <span class='ocrx_word' id='word_1_103' title='bbox 401 1464 434 1520; x_wconf 94' lang='lat' dir='ltr'><strong>tu</strong></span> <span class='ocrx_word' id='word_1_104' title='bbox 456 1477 581 1542; x_wconf 92' lang='lat' dir='ltr'><strong>quoque</strong></span> <span class='ocrx_word' id='word_1_105' title='bbox 608 1457 685 1522; x_wconf 92' lang='lat' dir='ltr'><strong>mibi</strong></span> <span class='ocrx_word' id='word_1_106' title='bbox 716 1456 811 1522; x_wconf 78' lang='lat' dir='ltr'><strong>selim</strong></span> <span class='ocrx_word' id='word_1_107' title='bbox 832 1455 984 1540; x_wconf 79' lang='lat' dir='ltr'><strong>ignoscas.</strong></span> <span class='ocrx_word' id='word_1_108' title='bbox 1038 1461 1105 1521; x_wconf 90' lang='lat' dir='ltr'><strong>Non</strong></span> <span class='ocrx_word' id='word_1_109' title='bbox 1134 1456 1217 1522; x_wconf 89' lang='lat' dir='ltr'><strong>enim</strong></span> <span class='ocrx_word' id='word_1_110' title='bbox 1238 1456 1376 1523; x_wconf 90' lang='lat' dir='ltr'><strong>concedo</strong></span> <span class='ocrx_word' id='word_1_111' title='bbox 1398 1457 1476 1533; x_wconf 88' lang='lat' dir='ltr'><strong>tibi,</strong></span> <span class='ocrx_word' id='word_1_112' title='bbox 1508 1459 1578 1544; x_wconf 89' lang='lat' dir='ltr'><strong>plus</strong></span> <span class='ocrx_word' id='word_1_113' title='bbox 1599 1472 1635 1528; x_wconf 93' lang='lat' dir='ltr'><strong>ut</strong></span> 
     </span>
     <span class='ocr_line' id='line_1_13' title="bbox 318 1549 1634 1639; baseline 0.004 -26"><span class='ocrx_word' id='word_1_114' title='bbox 318 1549 404 1614; x_wconf 91' lang='lat' dir='ltr'><strong>illum</strong></span> <span class='ocrx_word' id='word_1_115' title='bbox 432 1571 532 1626; x_wconf 90' lang='lat' dir='ltr'><strong>ames,</strong></span> <span class='ocrx_word' id='word_1_116' title='bbox 569 1573 662 1638; x_wconf 88' lang='lat' dir='ltr'><strong>quam</strong></span> <span class='ocrx_word' id='word_1_117' title='bbox 692 1550 760 1637; x_wconf 88' lang='lat' dir='ltr'><strong>ipse</strong></span> <span class='ocrx_word' id='word_1_118' title='bbox 788 1570 869 1614; x_wconf 88' lang='lat' dir='ltr'><strong>amo.</strong></span> <span class='ocrx_word' id='word_1_119' title='bbox 926 1554 1027 1636; x_wconf 81' lang='lat' dir='ltr'><strong>Atque</strong></span> <span class='ocrx_word' id='word_1_120' title='bbox 1055 1549 1175 1616; x_wconf 91' lang='lat' dir='ltr'><strong>utinam</strong></span> <span class='ocrx_word' id='word_1_121' title='bbox 1202 1550 1251 1616; x_wconf 89' lang='lat' dir='ltr'><strong>bia</strong></span> <span class='ocrx_word' id='word_1_122' title='bbox 1278 1550 1388 1616; x_wconf 90' lang='lat' dir='ltr'><strong>diebus</strong></span> <span class='ocrx_word' id='word_1_123' title='bbox 1417 1552 1449 1616; x_wconf 92' lang='lat' dir='ltr'><strong>in</strong></span> <span class='ocrx_word' id='word_1_124' title='bbox 1475 1553 1634 1639; x_wconf 81' lang='lat' dir='ltr'><strong>Arpinati,</strong></span> 
     </span>
     <span class='ocr_line' id='line_1_14' title="bbox 318 1642 1634 1730; baseline 0.003 -22"><span class='ocrx_word' id='word_1_125' title='bbox 318 1642 403 1728; x_wconf 92' lang='lat' dir='ltr'><strong>quod</strong></span> <span class='ocrx_word' id='word_1_126' title='bbox 435 1653 466 1708; x_wconf 91' lang='lat' dir='ltr'><strong>et</strong></span> <span class='ocrx_word' id='word_1_127' title='bbox 496 1645 563 1730; x_wconf 90' lang='lat' dir='ltr'><strong>ipse</strong></span> <span class='ocrx_word' id='word_1_128' title='bbox 591 1645 732 1730; x_wconf 86' lang='lat' dir='ltr'><strong>cupierat</strong></span> <span class='ocrx_word' id='word_1_129' title='bbox 757 1653 789 1709; x_wconf 88' lang='lat' dir='ltr'><strong>et</strong></span> <span class='ocrx_word' id='word_1_130' title='bbox 816 1664 875 1727; x_wconf 90' lang='lat' dir='ltr'><strong>ego</strong></span> <span class='ocrx_word' id='word_1_131' title='bbox 907 1664 970 1708; x_wconf 90' lang='lat' dir='ltr'><strong>non</strong></span> <span class='ocrx_word' id='word_1_132' title='bbox 998 1643 1120 1716; x_wconf 91' lang='lat' dir='ltr'><strong>miuus,</strong></span> <span class='ocrx_word' id='word_1_133' title='bbox 1152 1664 1274 1710; x_wconf 92' lang='lat' dir='ltr'><strong>mecum</strong></span> <span class='ocrx_word' id='word_1_134' title='bbox 1302 1644 1429 1710; x_wconf 76' lang='lat' dir='ltr'><strong>inisset!</strong></span> <span class='ocrx_word' id='word_1_135' title='bbox 1474 1645 1566 1723; x_wconf 86' lang='lat' dir='ltr'><strong>Quod</strong></span> <span class='ocrx_word' id='word_1_136' title='bbox 1593 1645 1634 1712; x_wconf 91' lang='lat' dir='ltr'><strong>ad</strong></span> 
     </span>
     <span class='ocr_line' id='line_1_15' title="bbox 318 1735 1635 1823; baseline 0.002 -20"><span class='ocrx_word' id='word_1_137' title='bbox 318 1742 540 1823; x_wconf 89' lang='lat' dir='ltr'><strong>Pomponiam:</strong></span> <span class='ocrx_word' id='word_1_138' title='bbox 574 1739 599 1805; x_wconf 90' lang='lat' dir='ltr'><strong>si</strong></span> <span class='ocrx_word' id='word_1_139' title='bbox 622 1737 677 1803; x_wconf 91' lang='lat' dir='ltr'><strong>tibi</strong></span> <span class='ocrx_word' id='word_1_140' title='bbox 699 1738 842 1813; x_wconf 84' lang='lat' dir='ltr'><strong>videtur,</strong></span> <span class='ocrx_word' id='word_1_141' title='bbox 877 1735 995 1812; x_wconf 82' lang='lat' dir='ltr'><strong>scribas</strong></span> <span class='ocrx_word' id='word_1_142' title='bbox 1017 1737 1127 1815; x_wconf 82' lang='lat' dir='ltr'><strong>velim;</strong></span> <span class='ocrx_word' id='word_1_143' title='bbox 1157 1759 1226 1802; x_wconf 91' lang='lat' dir='ltr'><strong>cum</strong></span> <span class='ocrx_word' id='word_1_144' title='bbox 1248 1738 1354 1822; x_wconf 87' lang='lat' dir='ltr'><strong>aliquo</strong></span> <span class='ocrx_word' id='word_1_145' title='bbox 1375 1738 1549 1812; x_wconf 86' lang='lat' dir='ltr'><strong>exibimus,</strong></span> <span class='ocrx_word' id='word_1_146' title='bbox 1583 1751 1635 1806; x_wconf 91' lang='lat' dir='ltr'><strong>eat</strong></span> 
     </span>
     <span class='ocr_line' id='line_1_16' title="bbox 285 1831 1633 1920; baseline 0.003 -24"><span class='ocrx_word' id='word_1_147' title='bbox 285 1831 480 1898; x_wconf 67' lang='lat' dir='ltr'><strong>¹³nobiscum</strong></span> <span class='ocrx_word' id='word_1_148' title='bbox 502 1854 695 1920; x_wconf 90' lang='lat' dir='ltr'><strong>puerumque</strong></span> <span class='ocrx_word' id='word_1_149' title='bbox 717 1832 817 1899; x_wconf 88' lang='lat' dir='ltr'><strong>ducat.</strong></span> <span class='ocrx_word' id='word_1_150' title='bbox 860 1832 1018 1898; x_wconf 85' lang='lat' dir='ltr'><strong>Clamores</strong></span> <span class='ocrx_word' id='word_1_151' title='bbox 1040 1832 1187 1903; x_wconf 83' lang='lat' dir='ltr'><strong>efficiam,</strong></span> <span class='ocrx_word' id='word_1_152' title='bbox 1209 1836 1236 1897; x_wconf 88' lang='lat' dir='ltr'><strong>si</strong></span> <span class='ocrx_word' id='word_1_153' title='bbox 1257 1853 1327 1897; x_wconf 90' lang='lat' dir='ltr'><strong>eum</strong></span> <span class='ocrx_word' id='word_1_154' title='bbox 1349 1854 1471 1900; x_wconf 90' lang='lat' dir='ltr'><strong>mecum</strong></span> <span class='ocrx_word' id='word_1_155' title='bbox 1493 1834 1633 1900; x_wconf 90' lang='lat' dir='ltr'><strong>babuero</strong></span> 
     </span>
     <span class='ocr_line' id='line_1_17' title="bbox 317 1924 1633 2015; baseline 0.005 -26"><span class='ocrx_word' id='word_1_156' title='bbox 317 1925 446 1990; x_wconf 88' lang='lat' dir='ltr'><strong>otiosus.</strong></span> <span class='ocrx_word' id='word_1_157' title='bbox 490 1932 565 1992; x_wconf 75' lang='lat' dir='ltr'><strong>Nam</strong></span> <span class='ocrx_word' id='word_1_158' title='bbox 588 1933 703 1992; x_wconf 84' lang='lat' dir='ltr'><strong>Romae</strong></span> <span class='ocrx_word' id='word_1_159' title='bbox 725 1925 900 2012; x_wconf 90' lang='lat' dir='ltr'><strong>respirandi</strong></span> <span class='ocrx_word' id='word_1_160' title='bbox 921 1947 984 1991; x_wconf 91' lang='lat' dir='ltr'><strong>non</strong></span> <span class='ocrx_word' id='word_1_161' title='bbox 1006 1934 1053 1990; x_wconf 90' lang='lat' dir='ltr'><strong>est</strong></span> <span class='ocrx_word' id='word_1_162' title='bbox 1078 1924 1175 1991; x_wconf 90' lang='lat' dir='ltr'><strong>locus.</strong></span> <span class='ocrx_word' id='word_1_163' title='bbox 1218 1925 1252 1991; x_wconf 91' lang='lat' dir='ltr'><strong>ld</strong></span> <span class='ocrx_word' id='word_1_164' title='bbox 1275 1948 1325 1990; x_wconf 91' lang='lat' dir='ltr'><strong>me</strong></span> <span class='ocrx_word' id='word_1_165' title='bbox 1345 1927 1406 1992; x_wconf 89' lang='lat' dir='ltr'><strong>scis</strong></span> <span class='ocrx_word' id='word_1_166' title='bbox 1427 1937 1516 1995; x_wconf 90' lang='lat' dir='ltr'><strong>antea</strong></span> <span class='ocrx_word' id='word_1_167' title='bbox 1537 1930 1633 2015; x_wconf 86' lang='lat' dir='ltr'><strong>gratis</strong></span> 
     </span>
     <span class='ocr_line' id='line_1_18' title="bbox 318 2018 1633 2109; baseline 0.005 -27"><span class='ocrx_word' id='word_1_168' title='bbox 318 2019 372 2084; x_wconf 92' lang='lat' dir='ltr'><strong>tibi</strong></span> <span class='ocrx_word' id='word_1_169' title='bbox 404 2042 471 2085; x_wconf 90' lang='lat' dir='ltr'><strong>esse</strong></span> <span class='ocrx_word' id='word_1_170' title='bbox 494 2021 673 2106; x_wconf 91' lang='lat' dir='ltr'><strong>pollicitum.</strong></span> <span class='ocrx_word' id='word_1_171' title='bbox 722 2019 805 2098; x_wconf 89' lang='lat' dir='ltr'><strong>Quid</strong></span> <span class='ocrx_word' id='word_1_172' title='bbox 828 2040 908 2084; x_wconf 90' lang='lat' dir='ltr'><strong>nune</strong></span> <span class='ocrx_word' id='word_1_173' title='bbox 930 2028 1035 2106; x_wconf 86' lang='lat' dir='ltr'><strong>putas,</strong></span> <span class='ocrx_word' id='word_1_174' title='bbox 1064 2028 1147 2084; x_wconf 89' lang='lat' dir='ltr'><strong>tanta</strong></span> <span class='ocrx_word' id='word_1_175' title='bbox 1168 2018 1244 2084; x_wconf 90' lang='lat' dir='ltr'><strong>mibi</strong></span> <span class='ocrx_word' id='word_1_176' title='bbox 1265 2018 1321 2084; x_wconf 89' lang='lat' dir='ltr'><strong>abs</strong></span> <span class='ocrx_word' id='word_1_177' title='bbox 1343 2029 1373 2084; x_wconf 90' lang='lat' dir='ltr'><strong>te</strong></span> <span class='ocrx_word' id='word_1_178' title='bbox 1394 2023 1538 2088; x_wconf 89' lang='lat' dir='ltr'><strong>mercede</strong></span> <span class='ocrx_word' id='word_1_179' title='bbox 1560 2044 1633 2109; x_wconf 92' lang='lat' dir='ltr'><strong>pro-</strong></span> 
     </span>
     <span class='ocr_line' id='line_1_19' title="bbox 319 2112 1630 2203; baseline 0 -23"><span class='ocrx_word' id='word_1_180' title='bbox 319 2115 437 2199; x_wconf 72' lang='lat' dir='ltr'><strong>posita?</strong></span> <span class='ocrx_word' id='word_1_181' title='bbox 480 2119 510 2179; x_wconf 89' lang='lat'><strong>8.</strong></span> <span class='ocrx_word' id='word_1_182' title='bbox 535 2115 632 2180; x_wconf 75' lang='lat' dir='ltr'><strong>Venio</strong></span> <span class='ocrx_word' id='word_1_183' title='bbox 655 2135 736 2180; x_wconf 92' lang='lat' dir='ltr'><strong>nunc</strong></span> <span class='ocrx_word' id='word_1_184' title='bbox 757 2113 794 2179; x_wconf 89' lang='lat' dir='ltr'><strong>ad</strong></span> <span class='ocrx_word' id='word_1_185' title='bbox 817 2124 885 2178; x_wconf 86' lang='lat' dir='ltr'><strong>tuas</strong></span> <span class='ocrx_word' id='word_1_186' title='bbox 907 2114 1041 2190; x_wconf 63' lang='lat' dir='ltr'><strong>litteram</strong></span> <span class='ocrx_word' id='word_1_187' title='bbox 1071 2135 1148 2197; x_wconf 89' lang='lat' dir='ltr'><strong>quas</strong></span> <span class='ocrx_word' id='word_1_188' title='bbox 1176 2112 1318 2198; x_wconf 91' lang='lat' dir='ltr'><strong>pluribus</strong></span> <span class='ocrx_word' id='word_1_189' title='bbox 1344 2116 1483 2202; x_wconf 90' lang='lat' dir='ltr'><strong>epistolis</strong></span> <span class='ocrx_word' id='word_1_190' title='bbox 1511 2117 1630 2203; x_wconf 88' lang='lat' dir='ltr'><strong>accepi,</strong></span> 
     </span>
     <span class='ocr_line' id='line_1_20' title="bbox 317 2205 1632 2296; baseline 0.002 -24"><span class='ocrx_word' id='word_1_191' title='bbox 317 2206 392 2272; x_wconf 92' lang='lat' dir='ltr'><strong>dum</strong></span> <span class='ocrx_word' id='word_1_192' title='bbox 421 2229 489 2272; x_wconf 91' lang='lat' dir='ltr'><strong>sum</strong></span> <span class='ocrx_word' id='word_1_193' title='bbox 521 2209 552 2272; x_wconf 94' lang='lat' dir='ltr'><strong>in</strong></span> <span class='ocrx_word' id='word_1_194' title='bbox 581 2208 731 2293; x_wconf 80' lang='lat' dir='ltr'><strong>Arpinati.</strong></span> <span class='ocrx_word' id='word_1_195' title='bbox 788 2213 863 2272; x_wconf 89' lang='lat' dir='ltr'><strong>Nam</strong></span> <span class='ocrx_word' id='word_1_196' title='bbox 885 2207 962 2271; x_wconf 93' lang='lat' dir='ltr'><strong>mibi</strong></span> <span class='ocrx_word' id='word_1_197' title='bbox 983 2228 1046 2272; x_wconf 92' lang='lat' dir='ltr'><strong>uno</strong></span> <span class='ocrx_word' id='word_1_198' title='bbox 1069 2205 1119 2274; x_wconf 89' lang='lat' dir='ltr'><strong>die</strong></span> <span class='ocrx_word' id='word_1_199' title='bbox 1142 2217 1204 2272; x_wconf 90' lang='lat' dir='ltr'><strong>tres</strong></span> <span class='ocrx_word' id='word_1_200' title='bbox 1225 2216 1296 2273; x_wconf 87' lang='lat' dir='ltr'><strong>sunt</strong></span> <span class='ocrx_word' id='word_1_201' title='bbox 1321 2209 1478 2282; x_wconf 84' lang='lat' dir='ltr'><strong>redditae,</strong></span> <span class='ocrx_word' id='word_1_202' title='bbox 1513 2219 1544 2275; x_wconf 89' lang='lat' dir='ltr'><strong>et</strong></span> <span class='ocrx_word' id='word_1_203' title='bbox 1564 2211 1632 2296; x_wconf 90' lang='lat' dir='ltr'><strong>qui-</strong></span> 
     </span>
     <span class='ocr_line' id='line_1_21' title="bbox 281 2299 1632 2389; baseline 0.001 -23"><span class='ocrx_word' id='word_1_204' title='bbox 281 2300 405 2375; x_wconf 81' lang='lat' dir='ltr'><strong>¹⁰dem,</strong></span> <span class='ocrx_word' id='word_1_205' title='bbox 436 2309 468 2366; x_wconf 94' lang='lat' dir='ltr'><strong>ut</strong></span> <span class='ocrx_word' id='word_1_206' title='bbox 497 2300 695 2376; x_wconf 87' lang='lat' dir='ltr'><strong>videbantur,</strong></span> <span class='ocrx_word' id='word_1_207' title='bbox 727 2301 838 2366; x_wconf 90' lang='lat' dir='ltr'><strong>eodem</strong></span> <span class='ocrx_word' id='word_1_208' title='bbox 866 2299 921 2366; x_wconf 91' lang='lat' dir='ltr'><strong>abs</strong></span> <span class='ocrx_word' id='word_1_209' title='bbox 950 2312 980 2366; x_wconf 91' lang='lat' dir='ltr'><strong>te</strong></span> <span class='ocrx_word' id='word_1_210' title='bbox 1008 2299 1096 2364; x_wconf 89' lang='lat' dir='ltr'><strong>datae</strong></span> <span class='ocrx_word' id='word_1_211' title='bbox 1118 2312 1279 2388; x_wconf 89' lang='lat' dir='ltr'><strong>tempore;</strong></span> <span class='ocrx_word' id='word_1_212' title='bbox 1310 2324 1371 2368; x_wconf 91' lang='lat' dir='ltr'><strong>una</strong></span> <span class='ocrx_word' id='word_1_213' title='bbox 1398 2302 1540 2389; x_wconf 90' lang='lat' dir='ltr'><strong>pluribus</strong></span> <span class='ocrx_word' id='word_1_214' title='bbox 1563 2325 1632 2368; x_wconf 90' lang='lat' dir='ltr'><strong>ver-</strong></span> 
     </span>
     <span class='ocr_line' id='line_1_22' title="bbox 318 2393 1630 2484; baseline 0.004 -25"><span class='ocrx_word' id='word_1_215' title='bbox 318 2393 382 2467; x_wconf 91' lang='lat' dir='ltr'><strong>bis,</strong></span> <span class='ocrx_word' id='word_1_216' title='bbox 411 2395 442 2458; x_wconf 89' lang='lat' dir='ltr'><strong>ia</strong></span> <span class='ocrx_word' id='word_1_217' title='bbox 464 2415 524 2480; x_wconf 91' lang='lat' dir='ltr'><strong>qua</strong></span> <span class='ocrx_word' id='word_1_218' title='bbox 547 2395 682 2479; x_wconf 90' lang='lat' dir='ltr'><strong>primum</strong></span> <span class='ocrx_word' id='word_1_219' title='bbox 711 2408 791 2470; x_wconf 89' lang='lat' dir='ltr'><strong>erat,</strong></span> <span class='ocrx_word' id='word_1_220' title='bbox 821 2394 906 2483; x_wconf 95' lang='lat' dir='ltr'><strong>quod</strong></span> <span class='ocrx_word' id='word_1_221' title='bbox 935 2395 1092 2481; x_wconf 85' lang='lat' dir='ltr'><strong>antiquior</strong></span> <span class='ocrx_word' id='word_1_222' title='bbox 1118 2394 1185 2460; x_wconf 91' lang='lat' dir='ltr'><strong>dies</strong></span> <span class='ocrx_word' id='word_1_223' title='bbox 1214 2394 1246 2459; x_wconf 93' lang='lat' dir='ltr'><strong>in</strong></span> <span class='ocrx_word' id='word_1_224' title='bbox 1268 2400 1327 2460; x_wconf 91' lang='lat' dir='ltr'><strong>tuis</strong></span> <span class='ocrx_word' id='word_1_225' title='bbox 1349 2394 1457 2462; x_wconf 83' lang='lat' dir='ltr'><strong>luisset</strong></span> <span class='ocrx_word' id='word_1_226' title='bbox 1478 2398 1630 2484; x_wconf 87' lang='lat' dir='ltr'><strong>adscripta</strong></span> 
     </span>
     <span class='ocr_line' id='line_1_23' title="bbox 317 2487 1630 2575; baseline 0.002 -21"><span class='ocrx_word' id='word_1_227' title='bbox 317 2487 428 2554; x_wconf 87' lang='lat' dir='ltr'><strong>litteris</strong></span> <span class='ocrx_word' id='word_1_228' title='bbox 463 2510 555 2574; x_wconf 88' lang='lat' dir='ltr'><strong>qnam</strong></span> <span class='ocrx_word' id='word_1_229' title='bbox 590 2489 622 2554; x_wconf 88' lang='lat' dir='ltr'><strong>in</strong></span> <span class='ocrx_word' id='word_1_230' title='bbox 655 2489 804 2556; x_wconf 88' lang='lat' dir='ltr'><strong>Caesaris.</strong></span> <span class='ocrx_word' id='word_1_231' title='bbox 859 2489 894 2555; x_wconf 94' lang='lat' dir='ltr'><strong>ld</strong></span> <span class='ocrx_word' id='word_1_232' title='bbox 927 2489 998 2554; x_wconf 87' lang='lat' dir='ltr'><strong>lacit</strong></span> <span class='ocrx_word' id='word_1_233' title='bbox 1030 2488 1149 2574; x_wconf 92' lang='lat' dir='ltr'><strong>Oppius</strong></span> <span class='ocrx_word' id='word_1_234' title='bbox 1178 2508 1399 2575; x_wconf 90' lang='lat' dir='ltr'><strong>nonnunquam</strong></span> <span class='ocrx_word' id='word_1_235' title='bbox 1432 2493 1630 2566; x_wconf 87' lang='lat' dir='ltr'><strong>necessario,</strong></span> 
     </span>
     <span class='ocr_line' id='line_1_24' title="bbox 317 2581 1629 2672; baseline 0.004 -26"><span class='ocrx_word' id='word_1_236' title='bbox 317 2592 372 2656; x_wconf 90' lang='lat' dir='ltr'><strong>ut,</strong></span> <span class='ocrx_word' id='word_1_237' title='bbox 405 2603 475 2646; x_wconf 86' lang='lat' dir='ltr'><strong>curn</strong></span> <span class='ocrx_word' id='word_1_238' title='bbox 504 2581 680 2649; x_wconf 86' lang='lat' dir='ltr'><strong>tabellarios</strong></span> <span class='ocrx_word' id='word_1_239' title='bbox 707 2583 902 2650; x_wconf 87' lang='lat' dir='ltr'><strong>constituerit</strong></span> <span class='ocrx_word' id='word_1_240' title='bbox 929 2583 1053 2647; x_wconf 91' lang='lat' dir='ltr'><strong>mittere</strong></span> <span class='ocrx_word' id='word_1_241' title='bbox 1087 2582 1266 2665; x_wconf 87' lang='lat' dir='ltr'><strong>litterasque</strong></span> <span class='ocrx_word' id='word_1_242' title='bbox 1293 2582 1425 2650; x_wconf 90' lang='lat' dir='ltr'><strong>anobis</strong></span> <span class='ocrx_word' id='word_1_243' title='bbox 1460 2586 1629 2672; x_wconf 89' lang='lat' dir='ltr'><strong>acceperit,</strong></span> 
     </span>
     <span class='ocr_line' id='line_1_25' title="bbox 317 2675 1632 2763; baseline 0.002 -21"><span class='ocrx_word' id='word_1_244' title='bbox 317 2675 418 2763; x_wconf 91' lang='lat' dir='ltr'><strong>aliqua</strong></span> <span class='ocrx_word' id='word_1_245' title='bbox 441 2697 476 2740; x_wconf 90' lang='lat' dir='ltr'><strong>re</strong></span> <span class='ocrx_word' id='word_1_246' title='bbox 498 2697 579 2742; x_wconf 89' lang='lat' dir='ltr'><strong>nova</strong></span> <span class='ocrx_word' id='word_1_247' title='bbox 599 2677 786 2762; x_wconf 86' lang='lat' dir='ltr'><strong>impediatur</strong></span> <span class='ocrx_word' id='word_1_248' title='bbox 807 2689 838 2743; x_wconf 91' lang='lat' dir='ltr'><strong>et</strong></span> <span class='ocrx_word' id='word_1_249' title='bbox 858 2676 1035 2742; x_wconf 89' lang='lat' dir='ltr'><strong>necessario</strong></span> <span class='ocrx_word' id='word_1_250' title='bbox 1057 2677 1174 2752; x_wconf 87' lang='lat' dir='ltr'><strong>serius,</strong></span> <span class='ocrx_word' id='word_1_251' title='bbox 1203 2697 1295 2762; x_wconf 91' lang='lat' dir='ltr'><strong>quam</strong></span> <span class='ocrx_word' id='word_1_252' title='bbox 1317 2679 1533 2752; x_wconf 90' lang='lat' dir='ltr'><strong>constituerat,</strong></span> <span class='ocrx_word' id='word_1_253' title='bbox 1562 2679 1632 2745; x_wconf 90' lang='lat' dir='ltr'><strong>mit·</strong></span> 
     </span>
     <span class='ocr_line' id='line_1_26' title="bbox 280 2769 1631 2858; baseline 0.004 -25"><span class='ocrx_word' id='word_1_254' title='bbox 280 2780 378 2844; x_wconf 79' lang='lat' dir='ltr'><strong>astat,</strong></span> <span class='ocrx_word' id='word_1_255' title='bbox 408 2791 508 2856; x_wconf 88' lang='lat' dir='ltr'><strong>neque</strong></span> <span class='ocrx_word' id='word_1_256' title='bbox 538 2791 594 2836; x_wconf 92' lang='lat' dir='ltr'><strong>nos</strong></span> <span class='ocrx_word' id='word_1_257' title='bbox 622 2770 699 2836; x_wconf 91' lang='lat' dir='ltr'><strong>datis</strong></span> <span class='ocrx_word' id='word_1_258' title='bbox 729 2771 789 2836; x_wconf 91' lang='lat' dir='ltr'><strong>iam</strong></span> <span class='ocrx_word' id='word_1_259' title='bbox 819 2771 956 2858; x_wconf 90' lang='lat' dir='ltr'><strong>epistolis</strong></span> <span class='ocrx_word' id='word_1_260' title='bbox 986 2769 1067 2834; x_wconf 88' lang='lat' dir='ltr'><strong>diem</strong></span> <span class='ocrx_word' id='word_1_261' title='bbox 1090 2771 1273 2835; x_wconf 89' lang='lat' dir='ltr'><strong>commutari</strong></span> <span class='ocrx_word' id='word_1_262' title='bbox 1300 2793 1454 2839; x_wconf 89' lang='lat' dir='ltr'><strong>curemus.</strong></span> <span class='ocrx_word' id='word_1_263' title='bbox 1497 2777 1527 2838; x_wconf 88' lang='grc'><strong>9.</strong></span> <span class='ocrx_word' id='word_1_264' title='bbox 1549 2774 1631 2838; x_wconf 87' lang='lat' dir='ltr'><strong>Scri-</strong></span> 
     </span>
     <span class='ocr_line' id='line_1_27' title="bbox 317 2863 1631 2953; baseline 0 -21"><span class='ocrx_word' id='word_1_265' title='bbox 317 2864 365 2932; x_wconf 88' lang='lat' dir='ltr'><strong>bis</strong></span> <span class='ocrx_word' id='word_1_266' title='bbox 392 2865 430 2929; x_wconf 92' lang='lat' dir='ltr'><strong>de</strong></span> <span class='ocrx_word' id='word_1_267' title='bbox 453 2865 592 2932; x_wconf 88' lang='lat' dir='ltr'><strong>Caesaris</strong></span> <span class='ocrx_word' id='word_1_268' title='bbox 621 2887 744 2934; x_wconf 90' lang='lat' dir='ltr'><strong>summo</strong></span> <span class='ocrx_word' id='word_1_269' title='bbox 773 2865 805 2930; x_wconf 93' lang='lat' dir='ltr'><strong>in</strong></span> <span class='ocrx_word' id='word_1_270' title='bbox 827 2888 884 2931; x_wconf 89' lang='lat' dir='ltr'><strong>nos</strong></span> <span class='ocrx_word' id='word_1_271' title='bbox 906 2885 1023 2930; x_wconf 87' lang='lat' dir='ltr'><strong>amoro.</strong></span> <span class='ocrx_word' id='word_1_272' title='bbox 1073 2867 1161 2929; x_wconf 90' lang='lat' dir='ltr'><strong>Hunc</strong></span> <span class='ocrx_word' id='word_1_273' title='bbox 1183 2873 1215 2928; x_wconf 90' lang='lat' dir='ltr'><strong>et</strong></span> <span class='ocrx_word' id='word_1_274' title='bbox 1235 2874 1268 2930; x_wconf 92' lang='lat' dir='ltr'><strong>tu</strong></span> <span class='ocrx_word' id='word_1_275' title='bbox 1290 2863 1411 2932; x_wconf 83' lang='lat' dir='ltr'><strong>fovebis</strong></span> <span class='ocrx_word' id='word_1_276' title='bbox 1433 2876 1464 2932; x_wconf 92' lang='lat' dir='ltr'><strong>et</strong></span> <span class='ocrx_word' id='word_1_277' title='bbox 1485 2887 1541 2931; x_wconf 89' lang='lat' dir='ltr'><strong>nos</strong></span> <span class='ocrx_word' id='word_1_278' title='bbox 1563 2867 1631 2953; x_wconf 88' lang='lat' dir='ltr'><strong>qui-</strong></span> 
     </span>
     <span class='ocr_line' id='line_1_28' title="bbox 316 2957 1632 3046; baseline 0 -22"><span class='ocrx_word' id='word_1_279' title='bbox 316 2960 498 3046; x_wconf 85' lang='lat' dir='ltr'><strong>buscunque</strong></span> <span class='ocrx_word' id='word_1_280' title='bbox 520 2957 691 3044; x_wconf 86' lang='lat' dir='ltr'><strong>poterimus</strong></span> <span class='ocrx_word' id='word_1_281' title='bbox 712 2958 806 3025; x_wconf 90' lang='lat' dir='ltr'><strong>rebus</strong></span> <span class='ocrx_word' id='word_1_282' title='bbox 823 2958 1015 3044; x_wconf 79' lang='lat' dir='ltr'><strong>augebimus.</strong></span> <span class='ocrx_word' id='word_1_283' title='bbox 1059 2962 1104 3022; x_wconf 89' lang='lat' dir='ltr'><strong>Do</strong></span> <span class='ocrx_word' id='word_1_284' title='bbox 1126 2958 1289 3044; x_wconf 89' lang='lat' dir='ltr'><strong>Pompeio,</strong></span> <span class='ocrx_word' id='word_1_285' title='bbox 1312 2969 1344 3024; x_wconf 91' lang='lat' dir='ltr'><strong>et</strong></span> <span class='ocrx_word' id='word_1_286' title='bbox 1365 2959 1444 3024; x_wconf 85' lang='lat' dir='ltr'><strong>lacio</strong></span> <span class='ocrx_word' id='word_1_287' title='bbox 1466 2959 1632 3044; x_wconf 89' lang='lat' dir='ltr'><strong>diligenter</strong></span> 
     </span>
     <span class='ocr_line' id='line_1_29' title="bbox 316 3051 1631 3140; baseline 0 -22"><span class='ocrx_word' id='word_1_288' title='bbox 316 3063 347 3118; x_wconf 90' lang='lat' dir='ltr'><strong>et</strong></span> <span class='ocrx_word' id='word_1_289' title='bbox 376 3053 482 3118; x_wconf 81' lang='lat' dir='ltr'><strong>sariam</strong></span> <span class='ocrx_word' id='word_1_290' title='bbox 512 3053 596 3139; x_wconf 89' lang='lat' dir='ltr'><strong>quod</strong></span> <span class='ocrx_word' id='word_1_291' title='bbox 625 3074 743 3118; x_wconf 92' lang='lat' dir='ltr'><strong>mones.</strong></span> <span class='ocrx_word' id='word_1_292' title='bbox 787 3054 879 3132; x_wconf 85' lang='lat' dir='ltr'><strong>Quod</strong></span> <span class='ocrx_word' id='word_1_293' title='bbox 908 3052 962 3118; x_wconf 90' lang='lat' dir='ltr'><strong>tibi</strong></span> <span class='ocrx_word' id='word_1_294' title='bbox 984 3072 1052 3117; x_wconf 88' lang='lat' dir='ltr'><strong>mea</strong></span> <span class='ocrx_word' id='word_1_295' title='bbox 1074 3051 1239 3137; x_wconf 88' lang='lat' dir='ltr'><strong>permissio</strong></span> <span class='ocrx_word' id='word_1_296' title='bbox 1262 3053 1429 3120; x_wconf 91' lang='lat' dir='ltr'><strong>mansionis</strong></span> <span class='ocrx_word' id='word_1_297' title='bbox 1452 3064 1521 3120; x_wconf 89' lang='lat' dir='ltr'><strong>tuae</strong></span> <span class='ocrx_word' id='word_1_298' title='bbox 1543 3063 1631 3140; x_wconf 87' lang='lat' dir='ltr'><strong>grata</strong></span> 
     </span>
     <span class='ocr_line' id='line_1_30' title="bbox 315 3145 1629 3234; baseline 0 -22"><span class='ocrx_word' id='word_1_299' title='bbox 315 3160 376 3220; x_wconf 88' lang='lat' dir='ltr'><strong>est.</strong></span> <span class='ocrx_word' id='word_1_300' title='bbox 409 3147 441 3212; x_wconf 90' lang='lat' dir='ltr'><strong>id</strong></span> <span class='ocrx_word' id='word_1_301' title='bbox 464 3167 541 3231; x_wconf 86' lang='lat' dir='ltr'><strong>ego,</strong></span> <span class='ocrx_word' id='word_1_302' title='bbox 575 3168 697 3213; x_wconf 87' lang='lat' dir='ltr'><strong>summo</strong></span> <span class='ocrx_word' id='word_1_303' title='bbox 720 3168 791 3212; x_wconf 89' lang='lat' dir='ltr'><strong>meo</strong></span> <span class='ocrx_word' id='word_1_304' title='bbox 813 3147 922 3213; x_wconf 91' lang='lat' dir='ltr'><strong>dolore</strong></span> <span class='ocrx_word' id='word_1_305' title='bbox 944 3155 975 3211; x_wconf 89' lang='lat' dir='ltr'><strong>et</strong></span> <span class='ocrx_word' id='word_1_306' title='bbox 996 3145 1167 3219; x_wconf 84' lang='lat' dir='ltr'><strong>desiderio,</strong></span> <span class='ocrx_word' id='word_1_307' title='bbox 1203 3154 1304 3212; x_wconf 64' lang='lat' dir='ltr'><strong>umen</strong></span> <span class='ocrx_word' id='word_1_308' title='bbox 1326 3169 1366 3212; x_wconf 82' lang='lat' dir='ltr'><strong>ex</strong></span> <span class='ocrx_word' id='word_1_309' title='bbox 1387 3158 1476 3234; x_wconf 90' lang='lat' dir='ltr'><strong>parte</strong></span> <span class='ocrx_word' id='word_1_310' title='bbox 1497 3147 1629 3232; x_wconf 88' lang='lat' dir='ltr'><strong>gaudeo.</strong></span> 
     </span>
     <span class='ocr_line' id='line_1_31' title="bbox 278 3237 1629 3328; baseline 0.006 -28"><span class='ocrx_word' id='word_1_311' title='bbox 278 3246 350 3307; x_wconf 73' lang='lat' dir='ltr'><strong>coln</strong></span> <span class='ocrx_word' id='word_1_312' title='bbox 372 3240 574 3328; x_wconf 78' lang='lat' dir='ltr'><strong>Hippodamia</strong></span> <span class='ocrx_word' id='word_1_313' title='bbox 597 3251 627 3306; x_wconf 91' lang='lat' dir='ltr'><strong>et</strong></span> <span class='ocrx_word' id='word_1_314' title='bbox 649 3241 803 3308; x_wconf 91' lang='lat' dir='ltr'><strong>nonnullis</strong></span> <span class='ocrx_word' id='word_1_315' title='bbox 825 3241 894 3306; x_wconf 86' lang='lat' dir='ltr'><strong>aliis</strong></span> <span class='ocrx_word' id='word_1_316' title='bbox 916 3237 1108 3305; x_wconf 88' lang='lat' dir='ltr'><strong>arcessendis</strong></span> <span class='ocrx_word' id='word_1_317' title='bbox 1131 3238 1206 3323; x_wconf 91' lang='lat' dir='ltr'><strong>quid</strong></span> <span class='ocrx_word' id='word_1_318' title='bbox 1228 3240 1363 3324; x_wconf 84' lang='lat' dir='ltr'><strong>cogites,</strong></span> <span class='ocrx_word' id='word_1_319' title='bbox 1396 3263 1458 3307; x_wconf 92' lang='lat' dir='ltr'><strong>non</strong></span> <span class='ocrx_word' id='word_1_320' title='bbox 1480 3242 1629 3326; x_wconf 88' lang='lat' dir='ltr'><strong>intelligo.</strong></span> 
     </span>
     <span class='ocr_line' id='line_1_32' title="bbox 314 3331 1629 3422; baseline 0.002 -22"><span class='ocrx_word' id='word_1_321' title='bbox 314 3340 412 3400; x_wconf 90' lang='lat' dir='ltr'><strong>Nemo</strong></span> <span class='ocrx_word' id='word_1_322' title='bbox 433 3335 564 3400; x_wconf 92' lang='lat' dir='ltr'><strong>istorum</strong></span> <span class='ocrx_word' id='word_1_323' title='bbox 587 3343 651 3410; x_wconf 88' lang='lat' dir='ltr'><strong>cst,</strong></span> <span class='ocrx_word' id='word_1_324' title='bbox 674 3335 749 3420; x_wconf 91' lang='lat' dir='ltr'><strong>quin</strong></span> <span class='ocrx_word' id='word_1_325' title='bbox 770 3333 825 3401; x_wconf 85' lang='lat' dir='ltr'><strong>abs</strong></span> <span class='ocrx_word' id='word_1_326' title='bbox 840 3346 869 3401; x_wconf 91' lang='lat' dir='ltr'><strong>te</strong></span> <span class='ocrx_word' id='word_1_327' title='bbox 885 3355 1011 3407; x_wconf 91' lang='lat' dir='ltr'><strong>munus,</strong></span> <span class='ocrx_word' id='word_1_328' title='bbox 1034 3332 1121 3397; x_wconf 88' lang='lat' dir='ltr'><strong>fundi</strong></span> <span class='ocrx_word' id='word_1_329' title='bbox 1143 3331 1313 3399; x_wconf 90' lang='lat' dir='ltr'><strong>suburbani</strong></span> <span class='ocrx_word' id='word_1_330' title='bbox 1328 3334 1439 3410; x_wconf 89' lang='lat' dir='ltr'><strong>instar,</strong></span> <span class='ocrx_word' id='word_1_331' title='bbox 1462 3345 1629 3422; x_wconf 83' lang='lat' dir='ltr'><strong>exspectet.</strong></span> 
     </span>
     <span class='ocr_line' id='line_1_33' title="bbox 314 3426 1629 3516; baseline 0.002 -24"><span class='ocrx_word' id='word_1_332' title='bbox 314 3426 493 3498; x_wconf 85' lang='lat' dir='ltr'><strong>Trebatium</strong></span> <span class='ocrx_word' id='word_1_333' title='bbox 522 3450 599 3493; x_wconf 89' lang='lat' dir='ltr'><strong>vero</strong></span> <span class='ocrx_word' id='word_1_334' title='bbox 625 3449 729 3494; x_wconf 89' lang='lat' dir='ltr'><strong>meum</strong></span> <span class='ocrx_word' id='word_1_335' title='bbox 761 3427 845 3516; x_wconf 91' lang='lat' dir='ltr'><strong>quod</strong></span> <span class='ocrx_word' id='word_1_336' title='bbox 874 3430 933 3494; x_wconf 88' lang='lat' dir='ltr'><strong>isto</strong></span> <span class='ocrx_word' id='word_1_337' title='bbox 961 3427 1146 3501; x_wconf 91' lang='lat' dir='ltr'><strong>admisceas,</strong></span> <span class='ocrx_word' id='word_1_338' title='bbox 1177 3427 1253 3492; x_wconf 88' lang='lat' dir='ltr'><strong>nibil</strong></span> <span class='ocrx_word' id='word_1_339' title='bbox 1283 3437 1339 3494; x_wconf 90' lang='lat' dir='ltr'><strong>est.</strong></span> <span class='ocrx_word' id='word_1_340' title='bbox 1386 3434 1454 3513; x_wconf 88' lang='lat' dir='ltr'><strong>Ego</strong></span> <span class='ocrx_word' id='word_1_341' title='bbox 1481 3429 1568 3495; x_wconf 93' lang='lat' dir='ltr'><strong>illum</strong></span> <span class='ocrx_word' id='word_1_342' title='bbox 1589 3428 1629 3494; x_wconf 90' lang='lat' dir='ltr'><strong>ad</strong></span> 
     </span>
     <span class='ocr_line' id='line_1_34' title="bbox 316 3520 1628 3608; baseline 0.001 -21"><span class='ocrx_word' id='word_1_343' title='bbox 316 3525 478 3588; x_wconf 86' lang='lat' dir='ltr'><strong>Caesarem</strong></span> <span class='ocrx_word' id='word_1_344' title='bbox 506 3522 590 3600; x_wconf 92' lang='lat' dir='ltr'><strong>misi;</strong></span> <span class='ocrx_word' id='word_1_345' title='bbox 618 3522 673 3608; x_wconf 93' lang='lat' dir='ltr'><strong>qui</strong></span> <span class='ocrx_word' id='word_1_346' title='bbox 702 3522 778 3587; x_wconf 93' lang='lat' dir='ltr'><strong>mibi</strong></span> <span class='ocrx_word' id='word_1_347' title='bbox 806 3523 867 3588; x_wconf 90' lang='lat' dir='ltr'><strong>iam</strong></span> <span class='ocrx_word' id='word_1_348' title='bbox 898 3520 1054 3588; x_wconf 80' lang='lat' dir='ltr'><strong>satisfecit.</strong></span> <span class='ocrx_word' id='word_1_349' title='bbox 1099 3521 1131 3586; x_wconf 91' lang='lat' dir='ltr'><strong>Si</strong></span> <span class='ocrx_word' id='word_1_350' title='bbox 1152 3520 1212 3606; x_wconf 91' lang='lat' dir='ltr'><strong>ipsi</strong></span> <span class='ocrx_word' id='word_1_351' title='bbox 1235 3522 1350 3597; x_wconf 88' lang='lat' dir='ltr'><strong>minus,</strong></span> <span class='ocrx_word' id='word_1_352' title='bbox 1373 3535 1530 3608; x_wconf 86' lang='lat' dir='ltr'><strong>praestare</strong></span> <span class='ocrx_word' id='word_1_353' title='bbox 1553 3523 1628 3588; x_wconf 92' lang='lat' dir='ltr'><strong>nibil</strong></span> 
     </span>
     <span class='ocr_line' id='line_1_35' title="bbox 314 3611 1628 3702; baseline 0.003 -24"><span class='ocrx_word' id='word_1_354' title='bbox 314 3614 431 3690; x_wconf 88' lang='lat' dir='ltr'><strong>debco;</strong></span> <span class='ocrx_word' id='word_1_355' title='bbox 462 3627 552 3702; x_wconf 88' lang='lat' dir='ltr'><strong>teque</strong></span> <span class='ocrx_word' id='word_1_356' title='bbox 581 3615 654 3681; x_wconf 89' lang='lat' dir='ltr'><strong>item</strong></span> <span class='ocrx_word' id='word_1_357' title='bbox 675 3615 714 3683; x_wconf 86' lang='lat' dir='ltr'><strong>ab</strong></span> <span class='ocrx_word' id='word_1_358' title='bbox 737 3639 775 3682; x_wconf 91' lang='lat' dir='ltr'><strong>co</strong></span> <span class='ocrx_word' id='word_1_359' title='bbox 798 3614 920 3681; x_wconf 87' lang='lat' dir='ltr'><strong>vindico</strong></span> <span class='ocrx_word' id='word_1_360' title='bbox 943 3624 974 3679; x_wconf 90' lang='lat' dir='ltr'><strong>et</strong></span> <span class='ocrx_word' id='word_1_361' title='bbox 993 3611 1104 3680; x_wconf 90' lang='lat' dir='ltr'><strong>libero.</strong></span> <span class='ocrx_word' id='word_1_362' title='bbox 1160 3614 1253 3693; x_wconf 85' lang='lat' dir='ltr'><strong>Quod</strong></span> <span class='ocrx_word' id='word_1_363' title='bbox 1274 3613 1384 3680; x_wconf 89' lang='lat' dir='ltr'><strong>scribis</strong></span> <span class='ocrx_word' id='word_1_364' title='bbox 1406 3626 1436 3681; x_wconf 91' lang='lat' dir='ltr'><strong>te</strong></span> <span class='ocrx_word' id='word_1_365' title='bbox 1458 3640 1475 3683; x_wconf 92' lang='lat' dir='ltr'><strong>a</strong></span> <span class='ocrx_word' id='word_1_366' title='bbox 1498 3622 1628 3684; x_wconf 90' lang='lat' dir='ltr'><strong>Caesare</strong></span> 
     </span>
     <span class='ocr_line' id='line_1_36' title="bbox 277 3707 1629 3797; baseline 0.005 -27"><span class='ocrx_word' id='word_1_367' title='bbox 277 3708 453 3796; x_wconf 75' lang='lat' dir='ltr'><strong>saquotidie</strong></span> <span class='ocrx_word' id='word_1_368' title='bbox 482 3710 550 3795; x_wconf 91' lang='lat' dir='ltr'><strong>plus</strong></span> <span class='ocrx_word' id='word_1_369' title='bbox 578 3710 680 3796; x_wconf 88' lang='lat' dir='ltr'><strong>diligi,</strong></span> <span class='ocrx_word' id='word_1_370' title='bbox 710 3709 926 3776; x_wconf 88' lang='lat' dir='ltr'><strong>immortaliter</strong></span> <span class='ocrx_word' id='word_1_371' title='bbox 948 3708 1079 3794; x_wconf 88' lang='lat' dir='ltr'><strong>gaudeo.</strong></span> <span class='ocrx_word' id='word_1_372' title='bbox 1121 3707 1251 3774; x_wconf 89' lang='lat' dir='ltr'><strong>Balbum</strong></span> <span class='ocrx_word' id='word_1_373' title='bbox 1273 3731 1364 3784; x_wconf 83' lang='lat' dir='ltr'><strong>vero,</strong></span> <span class='ocrx_word' id='word_1_374' title='bbox 1398 3710 1450 3797; x_wconf 93' lang='lat' dir='ltr'><strong>qui</strong></span> <span class='ocrx_word' id='word_1_375' title='bbox 1473 3720 1520 3776; x_wconf 88' lang='lat' dir='ltr'><strong>est</strong></span> <span class='ocrx_word' id='word_1_376' title='bbox 1540 3711 1629 3777; x_wconf 90' lang='lat' dir='ltr'><strong>istius</strong></span> 
     </span>
     <span class='ocr_line' id='line_1_37' title="bbox 314 3802 1627 3889; baseline 0.001 -20"><span class='ocrx_word' id='word_1_377' title='bbox 314 3805 381 3878; x_wconf 87' lang='lat' dir='ltr'><strong>rei,</strong></span> <span class='ocrx_word' id='word_1_378' title='bbox 415 3804 675 3889; x_wconf 88' lang='lat' dir='ltr'><strong>quemadmodum</strong></span> <span class='ocrx_word' id='word_1_379' title='bbox 699 3803 825 3880; x_wconf 89' lang='lat' dir='ltr'><strong>scribis,</strong></span> <span class='ocrx_word' id='word_1_380' title='bbox 849 3803 992 3876; x_wconf 86' lang='lat' dir='ltr'><strong>adiutor,</strong></span> <span class='ocrx_word' id='word_1_381' title='bbox 1014 3803 1045 3868; x_wconf 90' lang='lat' dir='ltr'><strong>in</strong></span> <span class='ocrx_word' id='word_1_382' title='bbox 1068 3803 1167 3868; x_wconf 90' lang='lat' dir='ltr'><strong>oculis</strong></span> <span class='ocrx_word' id='word_1_383' title='bbox 1189 3802 1268 3868; x_wconf 88' lang='lat' dir='ltr'><strong>fero.</strong></span> <span class='ocrx_word' id='word_1_384' title='bbox 1311 3802 1501 3870; x_wconf 90' lang='lat' dir='ltr'><strong>Trebonium</strong></span> <span class='ocrx_word' id='word_1_385' title='bbox 1524 3826 1627 3870; x_wconf 87' lang='lat' dir='ltr'><strong>meum</strong></span> 
     </span>
     <span class='ocr_line' id='line_1_38' title="bbox 313 3894 1626 3986; baseline 0.002 -24"><span class='ocrx_word' id='word_1_386' title='bbox 313 3921 331 3962; x_wconf 91' lang='lat' dir='ltr'><strong>a</strong></span> <span class='ocrx_word' id='word_1_387' title='bbox 360 3909 390 3963; x_wconf 89' lang='lat' dir='ltr'><strong>te</strong></span> <span class='ocrx_word' id='word_1_388' title='bbox 418 3898 516 3964; x_wconf 84' lang='lat' dir='ltr'><strong>amari</strong></span> <span class='ocrx_word' id='word_1_389' title='bbox 547 3909 639 3986; x_wconf 89' lang='lat' dir='ltr'><strong>teque</strong></span> <span class='ocrx_word' id='word_1_390' title='bbox 666 3898 705 3964; x_wconf 90' lang='lat' dir='ltr'><strong>ab</strong></span> <span class='ocrx_word' id='word_1_391' title='bbox 733 3899 787 3964; x_wconf 94' lang='lat' dir='ltr'><strong>illo</strong></span> <span class='ocrx_word' id='word_1_392' title='bbox 821 3896 1011 3983; x_wconf 83' lang='lat' dir='ltr'><strong>pergaudeo.</strong></span> <span class='ocrx_word' id='word_1_393' title='bbox 1067 3901 1114 3961; x_wconf 88' lang='lat'><strong>10.</strong></span> <span class='ocrx_word' id='word_1_394' title='bbox 1135 3901 1182 3960; x_wconf 88' lang='lat' dir='ltr'><strong>Do</strong></span> <span class='ocrx_word' id='word_1_395' title='bbox 1214 3894 1372 3962; x_wconf 91' lang='lat' dir='ltr'><strong>tribunatu</strong></span> <span class='ocrx_word' id='word_1_396' title='bbox 1394 3897 1479 3985; x_wconf 93' lang='lat' dir='ltr'><strong>quod</strong></span> <span class='ocrx_word' id='word_1_397' title='bbox 1501 3897 1626 3973; x_wconf 89' lang='lat' dir='ltr'><strong>scribis,</strong></span> 
     </span>
     <span class='ocr_line' id='line_1_39' title="bbox 313 3989 1627 4078; baseline 0.003 -24"><span class='ocrx_word' id='word_1_398' title='bbox 313 4012 372 4076; x_wconf 84' lang='lat' dir='ltr'><strong>ego</strong></span> <span class='ocrx_word' id='word_1_399' title='bbox 396 4012 471 4056; x_wconf 82' lang='lat' dir='ltr'><strong>sero</strong></span> <span class='ocrx_word' id='word_1_400' title='bbox 493 3993 674 4058; x_wconf 89' lang='lat' dir='ltr'><strong>nominatim</strong></span> <span class='ocrx_word' id='word_1_401' title='bbox 695 3991 790 4078; x_wconf 91' lang='lat' dir='ltr'><strong>petivi</strong></span> <span class='ocrx_word' id='word_1_402' title='bbox 812 3991 935 4063; x_wconf 86' lang='lat' dir='ltr'><strong>Curtio,</strong></span> <span class='ocrx_word' id='word_1_403' title='bbox 959 3998 990 4054; x_wconf 91' lang='lat' dir='ltr'><strong>et</strong></span> <span class='ocrx_word' id='word_1_404' title='bbox 1010 3989 1085 4056; x_wconf 94' lang='lat' dir='ltr'><strong>mibi</strong></span> <span class='ocrx_word' id='word_1_405' title='bbox 1107 3989 1174 4075; x_wconf 91' lang='lat' dir='ltr'><strong>ipse</strong></span> <span class='ocrx_word' id='word_1_406' title='bbox 1190 3994 1302 4056; x_wconf 89' lang='lat' dir='ltr'><strong>Caesar</strong></span> <span class='ocrx_word' id='word_1_407' title='bbox 1323 3991 1503 4058; x_wconf 90' lang='lat' dir='ltr'><strong>nominatim</strong></span> <span class='ocrx_word' id='word_1_408' title='bbox 1519 3996 1627 4059; x_wconf 88' lang='lat' dir='ltr'><strong>Curtio</strong></span> 
     </span>
     <span class='ocr_line' id='line_1_40' title="bbox 290 4082 1627 4172; baseline 0.002 -24"><span class='ocrx_word' id='word_1_409' title='bbox 290 4095 453 4170; x_wconf 85' lang='lat' dir='ltr'><strong>paratum</strong></span> <span class='ocrx_word' id='word_1_410' title='bbox 485 4107 553 4152; x_wconf 88' lang='lat' dir='ltr'><strong>esse</strong></span> <span class='ocrx_word' id='word_1_411' title='bbox 581 4086 741 4172; x_wconf 89' lang='lat' dir='ltr'><strong>rescripsit</strong></span> <span class='ocrx_word' id='word_1_412' title='bbox 769 4106 930 4171; x_wconf 89' lang='lat' dir='ltr'><strong>meamque</strong></span> <span class='ocrx_word' id='word_1_413' title='bbox 958 4082 991 4148; x_wconf 94' lang='lat' dir='ltr'><strong>in</strong></span> <span class='ocrx_word' id='word_1_414' title='bbox 1020 4082 1161 4169; x_wconf 90' lang='lat' dir='ltr'><strong>rogando</strong></span> <span class='ocrx_word' id='word_1_415' title='bbox 1190 4082 1407 4149; x_wconf 84' lang='lat' dir='ltr'><strong>verecundiam</strong></span> <span class='ocrx_word' id='word_1_416' title='bbox 1441 4083 1627 4170; x_wconf 83' lang='lat' dir='ltr'><strong>obiurgavit.</strong></span> 
     </span>
     <span class='ocr_line' id='line_1_41' title="bbox 275 4175 1628 4265; baseline 0.005 -27"><span class='ocrx_word' id='word_1_417' title='bbox 275 4177 345 4242; x_wconf 78' lang='lat' dir='ltr'><strong>asi</strong></span> <span class='ocrx_word' id='word_1_418' title='bbox 368 4177 418 4241; x_wconf 90' lang='lat' dir='ltr'><strong>cui</strong></span> <span class='ocrx_word' id='word_1_419' title='bbox 442 4187 602 4264; x_wconf 88' lang='lat' dir='ltr'><strong>praeterea</strong></span> <span class='ocrx_word' id='word_1_420' title='bbox 623 4180 796 4265; x_wconf 74' lang='lat' dir='ltr'><strong>petiero-</strong></span> <span class='ocrx_word' id='word_1_421' title='bbox 824 4177 856 4244; x_wconf 91' lang='lat' dir='ltr'><strong>id</strong></span> <span class='ocrx_word' id='word_1_422' title='bbox 876 4176 959 4265; x_wconf 92' lang='lat' dir='ltr'><strong>quod</strong></span> <span class='ocrx_word' id='word_1_423' title='bbox 982 4175 1075 4242; x_wconf 89' lang='lat' dir='ltr'><strong>etiam</strong></span> <span class='ocrx_word' id='word_1_424' title='bbox 1100 4179 1201 4262; x_wconf 88' lang='lat' dir='ltr'><strong>Oppio</strong></span> <span class='ocrx_word' id='word_1_425' title='bbox 1223 4177 1306 4252; x_wconf 83' lang='lat' dir='ltr'><strong>dixi,</strong></span> <span class='ocrx_word' id='word_1_426' title='bbox 1330 4187 1364 4244; x_wconf 94' lang='grc' dir='ltr'><strong>ιιι</strong></span> <span class='ocrx_word' id='word_1_427' title='bbox 1384 4178 1423 4242; x_wconf 91' lang='lat' dir='ltr'><strong>ad</strong></span> <span class='ocrx_word' id='word_1_428' title='bbox 1445 4179 1530 4245; x_wconf 90' lang='lat' dir='ltr'><strong>illum</strong></span> <span class='ocrx_word' id='word_1_429' title='bbox 1551 4179 1628 4246; x_wconf 88' lang='lat' dir='ltr'><strong>scri·</strong></span> 
     </span>
     <span class='ocr_line' id='line_1_42' title="bbox 312 4269 1626 4359; baseline 0.003 -25"><span class='ocrx_word' id='word_1_430' title='bbox 312 4269 400 4335; x_wconf 88' lang='lat' dir='ltr'><strong>beret</strong></span> <span class='ocrx_word' id='word_1_431' title='bbox 422 4307 479 4345; x_wconf 85' lang='lat'><strong>-,</strong></span> <span class='ocrx_word' id='word_1_432' title='bbox 515 4271 605 4337; x_wconf 87' lang='lat' dir='ltr'><strong>facile</strong></span> <span class='ocrx_word' id='word_1_433' title='bbox 635 4273 736 4359; x_wconf 90' lang='lat' dir='ltr'><strong>patiar</strong></span> <span class='ocrx_word' id='word_1_434' title='bbox 766 4271 841 4338; x_wconf 89' lang='lat' dir='ltr'><strong>mibi</strong></span> <span class='ocrx_word' id='word_1_435' title='bbox 879 4270 1005 4356; x_wconf 87' lang='lat' dir='ltr'><strong>negari,</strong></span> <span class='ocrx_word' id='word_1_436' title='bbox 1039 4270 1185 4356; x_wconf 91' lang='lat' dir='ltr'><strong>quoniam</strong></span> <span class='ocrx_word' id='word_1_437' title='bbox 1212 4270 1276 4343; x_wconf 93' lang='lat' dir='ltr'><strong>illi,</strong></span> <span class='ocrx_word' id='word_1_438' title='bbox 1312 4272 1367 4358; x_wconf 95' lang='lat' dir='ltr'><strong>qui</strong></span> <span class='ocrx_word' id='word_1_439' title='bbox 1399 4272 1475 4336; x_wconf 88' lang='lat' dir='ltr'><strong>mibi</strong></span> <span class='ocrx_word' id='word_1_440' title='bbox 1504 4273 1626 4338; x_wconf 88' lang='lat' dir='ltr'><strong>molesti</strong></span> 
     </span>
    </p>
   </div>
   <div class='ocr_carea' id='block_1_4' title="bbox 308 4433 1626 5053">
    <p class='ocr_par' dir='ltr' id='par_1_4' title="bbox 308 4433 1626 5053">
     <span class='ocr_line' id='line_1_43' title="bbox 379 4433 1625 4506; baseline 0 -14"><span class='ocrx_word' id='word_1_441' title='bbox 379 4433 404 4492; x_wconf 74' lang='lat'><strong>1&#39;.</strong></span> <span class='ocrx_word' id='word_1_442' title='bbox 431 4443 595 4506; x_wconf 80' lang='lat' dir='ltr'><strong>pdiioeopiia</strong></span> <span class='ocrx_word' id='word_1_443' title='bbox 619 4443 691 4496; x_wconf 80' lang='lat' dir='ltr'><strong>Mitt.</strong></span> <span class='ocrx_word' id='word_1_444' title='bbox 724 4471 755 4480; x_wconf 88' lang='lat'><em>-</em></span> <span class='ocrx_word' id='word_1_445' title='bbox 803 4445 828 4494; x_wconf 96' lang='grc'><strong>3.</strong></span> <span class='ocrx_word' id='word_1_446' title='bbox 849 4443 998 4493; x_wconf 71' lang='lat' dir='ltr'><strong>renuntiati</strong></span> <span class='ocrx_word' id='word_1_447' title='bbox 1017 4441 1093 4492; x_wconf 70' lang='lat' dir='ltr'><strong>matt</strong></span> <span class='ocrx_word' id='word_1_448' title='bbox 1122 4441 1249 4490; x_wconf 81' lang='lat' dir='ltr'><strong>conuertit</strong></span> <span class='ocrx_word' id='word_1_449' title='bbox 1276 4441 1305 4491; x_wconf 80' lang='lat' dir='ltr'><strong>u.</strong></span> <span class='ocrx_word' id='word_1_450' title='bbox 1335 4469 1361 4478; x_wconf 97' lang='lat'>-</span> <span class='ocrx_word' id='word_1_451' title='bbox 1400 4442 1427 4492; x_wconf 88' lang='lat' dir='ltr'><strong>o.</strong></span> <span class='ocrx_word' id='word_1_452' title='bbox 1447 4441 1526 4492; x_wconf 82' lang='lat' dir='ltr'><strong>altius</strong></span> <span class='ocrx_word' id='word_1_453' title='bbox 1551 4443 1573 4493; x_wconf 93' lang='lat' dir='ltr'><strong>l.</strong></span> <span class='ocrx_word' id='word_1_454' title='bbox 1594 4467 1625 4479; x_wconf 96' lang='lat'>-</span> 
     </span>
     <span class='ocr_line' id='line_1_44' title="bbox 309 4510 1626 4577; baseline 0.001 -17"><span class='ocrx_word' id='word_1_455' title='bbox 309 4511 335 4561; x_wconf 81' lang='grc'><strong>7.</strong></span> <span class='ocrx_word' id='word_1_456' title='bbox 354 4513 429 4563; x_wconf 84' lang='lat' dir='ltr'><strong>iilum</strong></span> <span class='ocrx_word' id='word_1_457' title='bbox 448 4516 604 4577; x_wconf 70' lang='lat' dir='ltr'><strong>Accedamus</strong></span> <span class='ocrx_word' id='word_1_458' title='bbox 623 4514 692 4576; x_wconf 87' lang='lat' dir='ltr'><strong>apud</strong></span> <span class='ocrx_word' id='word_1_459' title='bbox 712 4514 907 4577; x_wconf 83' lang='lat' dir='ltr'><strong>Malaspinam:</strong></span> <span class='ocrx_word' id='word_1_460' title='bbox 935 4513 978 4562; x_wconf 81' lang='lat' dir='ltr'><strong>ilie</strong></span> <span class='ocrx_word' id='word_1_461' title='bbox 997 4511 1090 4564; x_wconf 75' lang='lat' dir='ltr'><strong>Muta.</strong></span> <span class='ocrx_word' id='word_1_462' title='bbox 1113 4535 1144 4545; x_wconf 99' lang='lat'><em>-</em></span> <span class='ocrx_word' id='word_1_463' title='bbox 1181 4510 1223 4560; x_wconf 78' lang='lat'><strong>12.</strong></span> <span class='ocrx_word' id='word_1_464' title='bbox 1244 4513 1345 4561; x_wconf 80' lang='lat' dir='ltr'><strong>utinum</strong></span> <span class='ocrx_word' id='word_1_465' title='bbox 1362 4512 1426 4562; x_wconf 82' lang='lat' dir='ltr'><strong>mibi</strong></span> <span class='ocrx_word' id='word_1_466' title='bbox 1443 4512 1482 4561; x_wconf 81' lang='lat' dir='ltr'><strong>bis</strong></span> <span class='ocrx_word' id='word_1_467' title='bbox 1499 4512 1572 4563; x_wconf 85' lang='lat' dir='ltr'><strong>blltl.</strong></span> <span class='ocrx_word' id='word_1_468' title='bbox 1594 4539 1626 4548; x_wconf 89' lang='lat'><em>-</em></span> 
     </span>
     <span class='ocr_line' id='line_1_45' title="bbox 309 4579 1626 4647; baseline 0.001 -16"><span class='ocrx_word' id='word_1_469' title='bbox 309 4583 351 4632; x_wconf 90' lang='grc'><strong>15.</strong></span> <span class='ocrx_word' id='word_1_470' title='bbox 370 4580 459 4644; x_wconf 70' lang='lat' dir='ltr'><strong>eiurat]</strong></span> <span class='ocrx_word' id='word_1_471' title='bbox 479 4585 549 4634; x_wconf 75' lang='lat' dir='ltr'><strong>fort.</strong></span> <span class='ocrx_word' id='word_1_472' title='bbox 569 4585 669 4634; x_wconf 82' lang='lat' dir='ltr'><strong>educat.</strong></span> <span class='ocrx_word' id='word_1_473' title='bbox 707 4583 759 4634; x_wconf 86' lang='lat' dir='ltr'><strong>Cir.</strong></span> <span class='ocrx_word' id='word_1_474' title='bbox 781 4585 828 4647; x_wconf 80' lang='lat' dir='ltr'><strong>Ep.</strong></span> <span class='ocrx_word' id='word_1_475' title='bbox 848 4585 875 4634; x_wconf 90' lang='grc'><strong>3.</strong></span> <span class='ocrx_word' id='word_1_476' title='bbox 894 4579 923 4646; x_wconf 63' lang='lat'><strong>5.</strong></span> <span class='ocrx_word' id='word_1_477' title='bbox 944 4581 969 4632; x_wconf 73' lang='grc'><strong>3.</strong></span> <span class='ocrx_word' id='word_1_478' title='bbox 991 4583 1040 4633; x_wconf 84' lang='lat' dir='ltr'><strong>Oa.</strong></span> <span class='ocrx_word' id='word_1_479' title='bbox 1057 4606 1087 4617; x_wconf 94' lang='lat'><em>-</em></span> <span class='ocrx_word' id='word_1_480' title='bbox 1108 4581 1251 4631; x_wconf 81' lang='lat' dir='ltr'><strong>Clamorem</strong></span> <span class='ocrx_word' id='word_1_481' title='bbox 1270 4581 1300 4631; x_wconf 83' lang='lat' dir='ltr'><strong>a.</strong></span> <span class='ocrx_word' id='word_1_482' title='bbox 1323 4605 1353 4618; x_wconf 90' lang='lat'><em>-</em></span> <span class='ocrx_word' id='word_1_483' title='bbox 1372 4583 1416 4633; x_wconf 84' lang='grc'><strong>16.</strong></span> <span class='ocrx_word' id='word_1_484' title='bbox 1435 4583 1531 4632; x_wconf 80' lang='lat' dir='ltr'><strong>otiosus</strong></span> <span class='ocrx_word' id='word_1_485' title='bbox 1550 4583 1626 4632; x_wconf 83' lang='lat' dir='ltr'><strong>Lam·</strong></span> 
     </span>
     <span class='ocr_line' id='line_1_46' title="bbox 309 4651 1623 4706; baseline 0.001 -5"><span class='ocrx_word' id='word_1_486' title='bbox 309 4653 402 4702; x_wconf 82' lang='lat' dir='ltr'><strong>binus:</strong></span> <span class='ocrx_word' id='word_1_487' title='bbox 429 4654 540 4706; x_wconf 72' lang='lat' dir='ltr'><strong>ationem</strong></span> <span class='ocrx_word' id='word_1_488' title='bbox 559 4653 653 4704; x_wconf 74' lang='lat' dir='ltr'><strong>atala.</strong></span> <span class='ocrx_word' id='word_1_489' title='bbox 675 4678 704 4690; x_wconf 93' lang='lat'>-</span> <span class='ocrx_word' id='word_1_490' title='bbox 743 4655 784 4704; x_wconf 78' lang='lat'><strong>17.</strong></span> <span class='ocrx_word' id='word_1_491' title='bbox 807 4655 854 4704; x_wconf 85' lang='lat' dir='ltr'><strong>tibi</strong></span> <span class='ocrx_word' id='word_1_492' title='bbox 872 4667 925 4704; x_wconf 90' lang='lat' dir='ltr'><strong>om.</strong></span> <span class='ocrx_word' id='word_1_493' title='bbox 946 4653 977 4701; x_wconf 86' lang='lat' dir='ltr'><strong>n.</strong></span> <span class='ocrx_word' id='word_1_494' title='bbox 999 4676 1029 4688; x_wconf 91' lang='lat'>-</span> <span class='ocrx_word' id='word_1_495' title='bbox 1065 4651 1190 4701; x_wconf 81' lang='lat' dir='ltr'><strong>mibioba</strong></span> <span class='ocrx_word' id='word_1_496' title='bbox 1208 4658 1232 4700; x_wconf 85' lang='lat' dir='ltr'><strong>te</strong></span> <span class='ocrx_word' id='word_1_497' title='bbox 1250 4651 1314 4700; x_wconf 79' lang='lat' dir='ltr'><strong>itta:</strong></span> <span class='ocrx_word' id='word_1_498' title='bbox 1340 4653 1386 4701; x_wconf 83' lang='lat' dir='ltr'><strong>obs</strong></span> <span class='ocrx_word' id='word_1_499' title='bbox 1407 4653 1510 4702; x_wconf 87' lang='lat' dir='ltr'><strong>temiid</strong></span> <span class='ocrx_word' id='word_1_500' title='bbox 1529 4653 1571 4702; x_wconf 78' lang='lat' dir='ltr'><strong>tit.</strong></span> <span class='ocrx_word' id='word_1_501' title='bbox 1595 4679 1623 4688; x_wconf 99' lang='lat'>-</span> 
     </span>
     <span class='ocr_line' id='line_1_47' title="bbox 310 4723 1626 4790; baseline -0.001 -18"><span class='ocrx_word' id='word_1_502' title='bbox 310 4723 350 4772; x_wconf 86' lang='grc'><strong>13.</strong></span> <span class='ocrx_word' id='word_1_503' title='bbox 370 4725 484 4786; x_wconf 78' lang='lat' dir='ltr'><strong>equidem</strong></span> <span class='ocrx_word' id='word_1_504' title='bbox 504 4724 526 4777; x_wconf 85' lang='lat' dir='ltr'><strong>l.</strong></span> <span class='ocrx_word' id='word_1_505' title='bbox 556 4748 586 4758; x_wconf 90' lang='lat'><em>-</em></span> <span class='ocrx_word' id='word_1_506' title='bbox 624 4724 846 4786; x_wconf 67' lang='lat' dir='ltr'><strong>2⁵2.1ipptucltl.</strong></span> <span class='ocrx_word' id='word_1_507' title='bbox 879 4749 908 4759; x_wconf 99' lang='lat'>-</span> <span class='ocrx_word' id='word_1_508' title='bbox 945 4723 988 4773; x_wconf 71' lang='lat'><strong>25.</strong></span> <span class='ocrx_word' id='word_1_509' title='bbox 1008 4735 1088 4786; x_wconf 81' lang='lat' dir='ltr'><strong>aeqrcc</strong></span> <span class='ocrx_word' id='word_1_510' title='bbox 1105 4735 1150 4770; x_wconf 86' lang='lat' dir='ltr'><strong>voa</strong></span> <span class='ocrx_word' id='word_1_511' title='bbox 1169 4745 1179 4756; x_wconf 92' lang='lat'>·</span> <span class='ocrx_word' id='word_1_512' title='bbox 1196 4747 1207 4756; x_wconf 95' lang='lat'>-</span> <span class='ocrx_word' id='word_1_513' title='bbox 1225 4724 1318 4771; x_wconf 77' lang='lat' dir='ltr'><strong>curctis</strong></span> <span class='ocrx_word' id='word_1_514' title='bbox 1336 4723 1367 4790; x_wconf 72' lang='lat' dir='ltr'><strong>n.</strong></span> <span class='ocrx_word' id='word_1_515' title='bbox 1400 4749 1431 4760; x_wconf 87' lang='lat'><em>-</em></span> <span class='ocrx_word' id='word_1_516' title='bbox 1468 4729 1626 4772; x_wconf 81' lang='lat' dir='ltr'><strong>commutan-</strong></span> 
     </span>
     <span class='ocr_line' id='line_1_48' title="bbox 308 4791 1625 4854; baseline 0 -14"><span class='ocrx_word' id='word_1_517' title='bbox 308 4794 369 4841; x_wconf 89' lang='lat' dir='ltr'><strong>dum</strong></span> <span class='ocrx_word' id='word_1_518' title='bbox 385 4793 542 4844; x_wconf 84' lang='lat' dir='ltr'><strong>Lambinus.</strong></span> <span class='ocrx_word' id='word_1_519' title='bbox 565 4818 594 4828; x_wconf 92' lang='lat'>-</span> <span class='ocrx_word' id='word_1_520' title='bbox 632 4793 676 4844; x_wconf 72' lang='lat'><strong>26.</strong></span> <span class='ocrx_word' id='word_1_521' title='bbox 696 4794 772 4843; x_wconf 82' lang='lat' dir='ltr'><strong>lianc</strong></span> <span class='ocrx_word' id='word_1_522' title='bbox 790 4801 819 4844; x_wconf 86' lang='grc' dir='ltr'><strong>ιιι</strong></span> <span class='ocrx_word' id='word_1_523' title='bbox 838 4794 869 4843; x_wconf 84' lang='lat' dir='ltr'><strong>a.</strong></span> <span class='ocrx_word' id='word_1_524' title='bbox 891 4817 920 4830; x_wconf 88' lang='lat'><strong>·-</strong></span> <span class='ocrx_word' id='word_1_525' title='bbox 940 4793 982 4842; x_wconf 83' lang='grc'><strong>30.</strong></span> <span class='ocrx_word' id='word_1_526' title='bbox 1004 4791 1177 4853; x_wconf 80' lang='lat' dir='ltr'><strong>Hippodamia</strong></span> <span class='ocrx_word' id='word_1_527' title='bbox 1197 4791 1235 4840; x_wconf 74' lang='lat' dir='ltr'><strong>Vr</strong></span> <span class='ocrx_word' id='word_1_528' title='bbox 1256 4793 1421 4854; x_wconf 71' lang='lat' dir='ltr'><strong>Hippodame</strong></span> <span class='ocrx_word' id='word_1_529' title='bbox 1441 4791 1476 4851; x_wconf 82' lang='lat' dir='ltr'><strong>R,</strong></span> <span class='ocrx_word' id='word_1_530' title='bbox 1496 4792 1625 4854; x_wconf 75' lang='lat' dir='ltr'><strong>tippeda-</strong></span> 
     </span>
     <span class='ocr_line' id='line_1_49' title="bbox 308 4857 1621 4926; baseline 0.002 -18"><span class='ocrx_word' id='word_1_531' title='bbox 308 4863 356 4910; x_wconf 79' lang='lat' dir='ltr'><strong>raia</strong></span> <span class='ocrx_word' id='word_1_532' title='bbox 376 4863 418 4917; x_wconf 83' lang='grc' dir='ltr'><strong>ΙΕ.</strong></span> <span class='ocrx_word' id='word_1_533' title='bbox 451 4887 481 4898; x_wconf 94' lang='grc'>-</span> <span class='ocrx_word' id='word_1_534' title='bbox 518 4863 676 4914; x_wconf 79' lang='lat' dir='ltr'><strong>accersendis</strong></span> <span class='ocrx_word' id='word_1_535' title='bbox 694 4862 725 4913; x_wconf 85' lang='lat' dir='ltr'><strong>lt.</strong></span> <span class='ocrx_word' id='word_1_536' title='bbox 759 4887 788 4898; x_wconf 89' lang='lat'><em>-</em></span> <span class='ocrx_word' id='word_1_537' title='bbox 832 4863 875 4912; x_wconf 93' lang='grc'><strong>31.</strong></span> <span class='ocrx_word' id='word_1_538' title='bbox 895 4863 1003 4926; x_wconf 80' lang='lat' dir='ltr'><strong>quinos</strong></span> <span class='ocrx_word' id='word_1_539' title='bbox 1022 4859 1095 4920; x_wconf 80' lang='lat' dir='ltr'><strong>(non</strong></span> <span class='ocrx_word' id='word_1_540' title='bbox 1113 4874 1181 4910; x_wconf 88' lang='lat' dir='ltr'><strong>corr.</strong></span> <span class='ocrx_word' id='word_1_541' title='bbox 1203 4857 1259 4924; x_wconf 80' lang='grc'><strong>31.)</strong></span> <span class='ocrx_word' id='word_1_542' title='bbox 1280 4869 1303 4910; x_wconf 85' lang='lat' dir='ltr'><strong>te</strong></span> <span class='ocrx_word' id='word_1_543' title='bbox 1321 4864 1497 4925; x_wconf 71' lang='lat' dir='ltr'><strong>raiacussuadi</strong></span> <span class='ocrx_word' id='word_1_544' title='bbox 1516 4861 1564 4912; x_wconf 82' lang='lat' dir='ltr'><strong>bit.</strong></span> <span class='ocrx_word' id='word_1_545' title='bbox 1594 4888 1621 4897; x_wconf 93' lang='lat'>-</span> 
     </span>
     <span class='ocr_line' id='line_1_50' title="bbox 308 4931 1623 4996; baseline -0.001 -17"><span class='ocrx_word' id='word_1_546' title='bbox 308 4931 351 4980; x_wconf 93' lang='grc'><strong>33.</strong></span> <span class='ocrx_word' id='word_1_547' title='bbox 372 4935 432 4994; x_wconf 87' lang='lat' dir='ltr'><strong>quio</strong></span> <span class='ocrx_word' id='word_1_548' title='bbox 454 4933 566 4982; x_wconf 83' lang='lat' dir='ltr'><strong>llroestii</strong></span> <span class='ocrx_word' id='word_1_549' title='bbox 586 4945 694 4996; x_wconf 86' lang='lat' dir='ltr'><strong>operae.</strong></span> <span class='ocrx_word' id='word_1_550' title='bbox 717 4955 746 4966; x_wconf 93' lang='lat'><strong>·-</strong></span> <span class='ocrx_word' id='word_1_551' title='bbox 782 4932 825 4982; x_wconf 83' lang='grc'><strong>39.</strong></span> <span class='ocrx_word' id='word_1_552' title='bbox 845 4932 992 4995; x_wconf 68' lang='lat' dir='ltr'><strong>perscripsit</strong></span> <span class='ocrx_word' id='word_1_553' title='bbox 1011 4931 1031 4980; x_wconf 84' lang='lat' dir='ltr'><strong>n</strong></span> <span class='ocrx_word' id='word_1_554' title='bbox 1051 4937 1075 4980; x_wconf 89' lang='lat' dir='ltr'><strong>et</strong></span> <span class='ocrx_word' id='word_1_555' title='bbox 1096 4945 1134 4994; x_wconf 85' lang='lat' dir='ltr'><strong>pr.</strong></span> <span class='ocrx_word' id='word_1_556' title='bbox 1156 4931 1191 4980; x_wconf 86' lang='lat' dir='ltr'><strong>ll.</strong></span> <span class='ocrx_word' id='word_1_557' title='bbox 1216 4957 1244 4968; x_wconf 92' lang='lat'><strong>-·</strong></span> <span class='ocrx_word' id='word_1_558' title='bbox 1281 4931 1324 4982; x_wconf 80' lang='lat' dir='ltr'><strong>to.</strong></span> <span class='ocrx_word' id='word_1_559' title='bbox 1345 4933 1427 4996; x_wconf 76' lang='lat' dir='ltr'><strong>Appio</strong></span> <span class='ocrx_word' id='word_1_560' title='bbox 1447 4933 1491 4983; x_wconf 80' lang='lat' dir='ltr'><strong>nt.</strong></span> <span class='ocrx_word' id='word_1_561' title='bbox 1515 4957 1541 4967; x_wconf 94' lang='lat'><em>—</em></span> <span class='ocrx_word' id='word_1_562' title='bbox 1580 4931 1623 4982; x_wconf 78' lang='lat' dir='ltr'><strong>tt.</strong></span> 
     </span>
     <span class='ocr_line' id='line_1_51' title="bbox 309 5002 822 5053; baseline 0.012 -7"><span class='ocrx_word' id='word_1_563' title='bbox 309 5002 369 5048; x_wconf 75' lang='lat' dir='ltr'><strong>initii</strong></span> <span class='ocrx_word' id='word_1_564' title='bbox 389 5003 487 5052; x_wconf 80' lang='lat' dir='ltr'><strong>molesti</strong></span> <span class='ocrx_word' id='word_1_565' title='bbox 506 5003 549 5052; x_wconf 79' lang='lat' dir='ltr'><strong>bt:</strong></span> <span class='ocrx_word' id='word_1_566' title='bbox 573 5003 622 5052; x_wconf 82' lang='lat' dir='ltr'><strong>cidi</strong></span> <span class='ocrx_word' id='word_1_567' title='bbox 639 5002 739 5053; x_wconf 79' lang='lat' dir='ltr'><strong>molesti</strong></span> <span class='ocrx_word' id='word_1_568' title='bbox 757 5003 822 5052; x_wconf 81' lang='lat' dir='ltr'><strong>ltili.</strong></span> 
     </span>
    </p>
   </div>
   <div class='ocr_carea' id='block_1_5' title="bbox 0 0 1838 5924">
    <p class='ocr_par' dir='ltr' id='par_1_5' title="bbox 0 0 1838 5924">
     <span class='ocr_line' id='line_1_52' title="bbox 0 0 1838 5924; baseline 0 6"><span class='ocrx_word' id='word_1_569' title='bbox 0 0 1838 5924; x_wconf 95' lang='lat' dir='ltr'><strong> </strong></span> 
     </span>
    </p>
   </div>
  </div>
 </body>
</html>
