3668 5924
338 373 401 438 ets
835 374 893 436 ΕΡ.
915 375 966 438 ΑΙ)
988 375 1160 440 A'l'TlCUbl
1191 373 1194 378 ’

339 530 516 597 laborarent
552 535 666 598 εἴδωλα
705 531 736 595 in
771 530 940 616 angustum
977 552 1059 598 nunc
1094 531 1129 599 fit
1162 531 1265 619 lepide
1299 531 1352 600 illa
1388 537 1518 614 ἔκχυσις
1553 537 1664 604 radio-

338 647 419 692 rum.
476 629 584 690 Cetera
614 625 641 690 si
669 623 928 709 reprehenderis,
962 646 1025 692 uon
1057 625 1139 693 leros
1168 627 1316 702 tacitum,
1349 627 1460 694 nisisi
1489 629 1568 714 quid
1597 632 1663 697 erit

218 783 222 799 ,
339 718 507 793 eiusmodi,
535 717 620 804 quod
649 717 716 783 sine
744 727 870 804 sumptu
898 719 1014 804 corrigi
1045 722 1153 806 possit.
1207 725 1235 788 3.
1265 719 1366 787 Venio
1394 743 1476 788 nuuc
1503 723 1545 791 ad
1570 746 1662 792 men-

215 871 220 883 ,
338 835 403 878 scm
431 811 610 878 Ianuarium
640 821 672 877 et
703 809 742 876 ad
768 813 951 878 ὑπόστασιν
983 823 1121 880 nostrum
1151 833 1187 880 ao
1215 822 1402 890 πολιτείαν,
1432 815 1465 882 iu
1492 838 1555 904 qua
1582 821 1660 884 Σο-

202 902 208 915 ’
317 913 496 987 capessenda
523 911 567 982 ὲίς
594 908 762 992 ἑκάτεροι,
791 905 847 972 sed
873 915 976 972 tamen
1005 907 1044 973 ad
1073 918 1267 984 extremum,
1295 918 1331 974 ut
1351 908 1395 974 illi
1416 909 1571 987 solebant,
1600 914 1660 994 τὴν

337 1003 552 1088 οἶριόκουσαν.
607 1005 661 1066 Est
688 1021 740 1065 res
769 1021 842 1064 saue
873 1001 976 1087 magni
1005 1001 1135 1068 consilii.
1188 1007 1265 1068 llam
1292 1012 1346 1068 aut
1365 1001 1489 1068 fortiter
1508 1005 1659 1070 resisten-

337 1096 412 1161 dum
438 1104 486 1160 cst
512 1094 575 1179 legi
603 1095 761 1180 agrariam
791 1093 824 1158 in
851 1115 916 1180 quo
945 1102 992 1160 est
1020 1095 1172 1183 quaedam
1194 1095 1370 1171 dimicatio,
1402 1095 1458 1162 sed
1477 1097 1569 1184 plena
1589 1099 1658 1166 lau-

336 1190 400 1257 dis:
432 1199 484 1255 aut
512 1189 751 1277 quiescendum
782 1187 867 1275 quod
896 1198 943 1254 cst
968 1210 1030 1255 non
1058 1189 1207 1256 dissimile
1235 1199 1327 1277 atquc
1357 1190 1404 1256 iro
1437 1191 1470 1257 in
1492 1190 1655 1258 Solonium

212 1351 221 1383 a
336 1293 389 1351 aut
421 1284 566 1350 Antium:
605 1293 659 1349 aut
691 1284 783 1348 ctiam
815 1282 1039 1361 adiuvandum
1068 1283 1155 1370 quod
1182 1305 1200 1350 a
1228 1305 1279 1350 mc
1307 1283 1395 1350 aiunt
1416 1287 1579 1350 Caesarem
1610 1285 1656 1350 sie

186 1353 218 1444 i?
303 1383 535 1464 reexspectare,
564 1386 599 1443 ut
626 1398 689 1443 non
718 1375 848 1442 dubitet.
901 1381 977 1442 Nam
1006 1377 1064 1443 suit
1093 1376 1175 1464 apud
1202 1399 1252 1443 me
1274 1379 1449 1454 Cornelium
1480 1377 1563 1468 bunc
1583 1377 1656 1444 dieo

337 1472 484 1547 Balbum,
522 1471 662 1539 Caesaris
689 1469 886 1536 familiarem.
941 1475 970 1537 ls
1003 1469 1175 1538 affirmabat
1205 1473 1293 1538 illum
1325 1469 1471 1538 omuibus
1499 1471 1534 1536 iu
1559 1471 1656 1538 rebus

335 1588 408 1633 mco
436 1576 468 1631 et
495 1565 636 1652 Pompeii
664 1559 795 1630 consilio
825 1585 956 1630 usumm
983 1564 1190 1652 daturumque
1218 1586 1368 1652 operam,
1402 1574 1439 1631 ut
1464 1583 1537 1629 cum
1564 1568 1656 1629 Pom-

336 1661 409 1745 peio
432 1663 576 1727 Crassum
598 1661 813 1745 coniungeret.
856 1659 915 1724 llic
936 1667 1007 1724 sunt
1028 1658 1120 1725 baec:
1142 1659 1320 1725 coniunctio
1341 1658 1419 1725 mibi
1440 1681 1560 1728 summa
1582 1683 1654 1728 cum

335 1753 509 1841 Pompei0;
539 1753 566 1819 si
592 1753 707 1840 placet,
738 1753 830 1818 etiam
856 1773 928 1818 cum
958 1757 1105 1832 Caesare;
1134 1753 1254 1819 reditus
1281 1754 1314 1819 in
1341 1752 1469 1838 gratiam
1498 1777 1569 1821 cum
1597 1755 1655 1820 ini-

302 1849 438 1925 ramicis,
460 1869 523 1935 pax
544 1869 615 1913 cum
638 1846 851 1920 multitudiue,
885 1847 1053 1912 senectutis
1074 1846 1184 1914 otium.
1241 1846 1302 1914 Sed
1323 1868 1373 1912 me
1394 1853 1564 1924 satanicis
1584 1870 1654 1914 mea

335 1943 387 2009 illa
408 1949 602 2017 commovet,
625 1962 705 2028 quae
727 1950 775 2006 est
795 1939 828 2005 in
849 1937 931 2006 libro
954 1960 1006 2006 us.

460 2087 577 2148 Interea
598 2102 724 2154 careus,
746 2102 819 2164 quos
835 2083 939 2164 prima
960 2092 1083 2164 aparte
1104 2085 1238 2149 iuuentae

462 2181 598 2259 (λιισσριιο
619 2178 691 2240 adeo
712 2178 814 2238 comui
833 2178 942 2239 virtute
962 2179 1118 2258 omissoque
1133 2181 1250 2258 petasii,

461 2273 527 2334 Hos
547 2272 641 2333 retine
661 2279 748 2352 atquae
768 2290 842 2352 cape
860 2271 976 2351 samam
996 2271 1150 2354 laudesque
1171 2273 1323 2337 booomm.

298 2415 419 2478 sollaec
440 2409 517 2476 mibi
538 2430 609 2474 cum
631 2408 664 2474 in
686 2429 726 2474 eo
747 2407 846 2482 libro,
874 2409 907 2473 iu
929 2429 991 2495 quo
1015 2409 1111 2476 multa
1132 2419 1203 2476 suut
1224 2413 1338 2499 scripta
1359 2416 1650 2504 ἀριστοκρατικῶς,

335 2501 847 2665 ξρρλρρρρίἀρρρρπρσοοεσιίρεοσίῑ,
877 2521 940 2568 noo
961 2501 1076 2589 opinor
1097 2524 1165 2572 csse
1187 2504 1409 2585 dubitandum,
1431 2510 1507 2596 quin
1528 2531 1653 2597 semper

460 2737 519 2815 Εἷς
541 2739 653 2814 οἰωνὸς
674 2737 808 2823 ἄριστος
829 2738 1014 2822 ἀμύνεσθαι
1035 2752 1109 2827 περὶ
1130 2740 1261 2827 πάτρης.

334 2880 398 2946 Sed
430 2880 506 2950 baec
534 2876 795 2944 ambulationibus
823 2877 1045 2965 Compitaliciis
1073 2901 1281 2949 reservemus.
1333 2888 1379 2950 lu
1405 2884 1507 2970 pridie
1529 2888 1650 2974 Compi-

296 2977 405 3042 sstalia
426 2981 593 3040 memento.
635 2973 794 3038 balineum
816 2971 933 3038 calfieri
954 2971 1087 3054 iubebo;
1109 2983 1141 3040 et
1162 2977 1366 3062 Pomponiam
1379 2979 1525 3046 Terentia
1545 2992 1648 3066 rogat:

333 3079 463 3136 matrem
484 3067 700 3152 adiungemus.
757 3068 976 3155 Θεοφράστου
998 3079 1070 3156 περὶ
1092 3072 1282 3155 φιλοτιμίας
1303 3071 1383 3138 aller
1403 3073 1481 3139 mibi
1501 3073 1541 3140 de
1561 3071 1649 3140 libris

209 3229 213 3240 ,
333 3164 442 3244 Quinti
462 3161 578 3228 fratris.

807 3305 859 3368 ll'.
900 3304 951 3382 (d.
977 3307 1008 3368 ll.
1030 3307 1062 3368 C.
1084 3307 1171 3376 695.)

810 3426 951 3490 CICERO
973 3427 1116 3491 ATTICO
1139 3429 1171 3492 S.

295 3566 322 3607 so
418 3543 445 3606 1.
466 3537 576 3604 Fecisti
606 3535 682 3602 mibi
704 3545 900 3622 pergratum,
932 3535 1017 3621 quod
1038 3536 1218 3623 Serapionis
1245 3537 1361 3606 librum
1388 3539 1428 3606 ad
1449 3561 1500 3606 mc
1521 3543 1645 3618 misisti.

332 3657 370 3700 ex
402 3653 465 3720 quo
494 3631 620 3717 quidem
649 3651 708 3714 ego
745 3665 785 3676 -
822 3628 907 3716 quod
935 3629 1018 3694 inter
1044 3651 1102 3696 nos
1130 3630 1222 3697 liceat
1250 3631 1355 3698 dicere
1388 3670 1428 3684 —
1454 3635 1645 3703 millesimam

332 3735 452 3815 partem
477 3727 531 3791 vix
553 3724 701 3809 intelligo.
755 3727 817 3788 Pro
839 3743 877 3788 eo
899 3721 956 3788 tibi
976 3732 1172 3810 praesentem
1193 3727 1358 3811 pecuniam
1378 3727 1458 3794 solvi
1478 3730 1645 3817 imperari,

331 3843 371 3886 ne
394 3831 426 3887 tu
448 3839 618 3904 expensum
641 3816 825 3882 muneribus
847 3817 957 3880 larres.
1000 3819 1205 3905 aequoniam
1222 3840 1423 3886 nummorum
1433 3825 1557 3890 mentio
1571 3824 1646 3890 lacta

332 3925 391 3988 est,
421 3912 533 3978 amabo
563 3921 609 3986 tc,
638 3931 730 3983 cura,
761 3921 796 3975 ut
816 3931 887 3975 cum
916 3910 1046 3986 Titinio,
1083 3932 1210 3999 quoquo
1240 3913 1335 3979 modo
1364 3915 1502 4001 poteris,
1540 3917 1647 3984 transi-

294 4030 397 4096 asgas.
452 4007 485 4072 si
512 4005 544 4071 in
572 4025 628 4081 eo,
661 4007 746 4094 quod
768 4004 965 4080 ostenderat,
999 4027 1063 4071 non
1084 4013 1160 4080 stat,
1191 4006 1268 4071 mibi
1288 4008 1424 4084 maxime
1444 4009 1560 4096 placet,
1592 4033 1646 4084 ca,

332 4123 411 4191 quae
440 4101 521 4166 male
548 4110 651 4186 empta
677 4114 764 4173 sunt,
792 4098 900 4174 reddi,
932 4098 957 4164 si
984 4099 1141 4166 voluntate
1164 4105 1354 4186 Pomponiae
1375 4099 1443 4168 fieri
1464 4105 1600 4189 poterit;
1621 4105 1647 4170 si

400 4259 425 4308 2.
444 4258 495 4307 nisi
520 4256 544 4304 si
569 4255 632 4320 quid
658 4255 736 4306 blllla
765 4255 818 4304 nisi
843 4255 905 4318 quid
931 4254 962 4304 B·
997 4277 1024 4288 -·
1061 4255 1090 4305 l.
1109 4250 1291 4306 recoloratur
1316 4256 1401 4307 llenr.
1425 4257 1585 4322 Stephanus.
1616 4285 1644 4298 -

329 4331 356 4382 5.
376 4331 417 4392 εἰς
443 4325 583 4396 ἑκάτερον
608 4337 663 4375 om.
691 4325 723 4374 ll.
752 4349 781 4361 -·
820 4324 846 4373 7.
866 4322 934 4389 pso]
963 4338 1041 4388 quum
1066 4325 1099 4374 lt.
1128 4349 1157 4362 -
1194 4325 1221 4374 3.
1240 4331 1287 4376 eut
1313 4328 1521 4391 acquiescendum
1545 4332 1582 4390 n,
1612 4330 1648 4381 ssd

330 4399 505 4466 mitescentium
533 4398 544 4447 l
570 4401 597 4446 et
622 4409 662 4458 pr.
687 4394 725 4444 ld.
760 4417 791 4428 -
826 4395 852 4445 3.
881 4395 916 4444 cd
935 4395 1078 4444 iucundum
1098 4394 1135 4445 bl.
1166 4419 1199 4430 -
1234 4394 1278 4446 aa.
1303 4395 1399 4460 stiam]
1426 4405 1450 4448 et
1472 4405 1528 4450 tom
1552 4401 1589 4450 bl.
1616 4423 1648 4437 -

331 4473 374 4521 15.
399 4466 552 4530 κατακλελς
579 4464 738 4515 Turnebus:
768 4479 941 4536 κατακριοις
966 4463 1008 4524 Μ,
1035 4461 1206 4534 aerumma
1223 4465 1268 4526 li,
1299 4463 1421 4530 κάτασις
1446 4467 1530 4520 Codd.
1559 4471 1646 4526 liosii.

329 4537 489 4600 κατάτασις
515 4552 576 4588 cum
605 4535 684 4584 Bosio
703 4534 733 4583 Ε.
766 4532 845 4595 (bluc
864 4532 1053 4605 κατάκριοις,
1085 4534 1161 4584 illino
1187 4531 1348 4601 κολλιόπης
1374 4550 1428 4598 mg.
1447 4536 1505 4602 M.)
1537 4564 1568 4576 -
1604 4542 1646 4592 18.

329 4610 425 4661 ideoE
453 4621 515 4658 cum
542 4607 631 4670 operis
659 4605 715 4653 lac.
744 4603 882 4654 Gronovii.
912 4631 939 4642 -
976 4609 1103 4669 immoque
1130 4619 1170 4668 pr.
1197 4605 1235 4656 Μ.
1264 4629 1297 4640 -
1332 4607 1375 4656 20.
1396 4609 1424 4656 iss
1443 4605 1485 4670 eo]
1513 4623 1569 4660 mee
1587 4611 1645 4663 Mn.

332 4705 360 4714 -
381 4681 424 4729 21.
443 4679 621 4740 perscripserit
641 4675 662 4724 1.
686 4697 712 4706 -
750 4673 794 4722 21.
816 4675 1002 4737 Compitaliciis
1020 4689 1075 4725 om.
1096 4676 1118 4726 l.
1150 4699 1181 4710 -
1218 4675 1262 4726 25.
1281 4683 1407 4727 memerato
1425 4685 1451 4728 te
1469 4692 1539 4730 corr.
1559 4682 1595 4731 bl.
1617 4706 1645 4716 -

330 4750 441 4816 calefieri
461 4749 504 4798 ltl.
524 4773 557 4782 -
593 4745 764 4806 Pomponiam
781 4745 835 4794 iem
856 4745 975 4796 Terentia
994 4745 1015 4796 l.
1037 4769 1068 4780 -
1107 4746 1243 4796 Terrentiu
1260 4745 1297 4796 bl.
1318 4769 1350 4782 -
1374 4747 1418 4797 26.
1438 4747 1588 4815 priorarum
1605 4753 1645 4812 bl,

391 4820 500 4880 νεικὶας
621 4815 688 4865 αυτὶ

330 4887 502 4952 φιλολογίας
518 4887 558 4937 orl
574 4873 727 4949 φιλό3ιλας
746 4896 800 4946 mg.
819 4883 861 4942 bl,
882 4883 1062 4948 φιλομα3ιας
1079 4885 1111 4935 lt.
1143 4910 1174 4922 -
1209 4885 1287 4951 offert
1306 4885 1328 4935 1.
1359 4911 1393 4921 -
1428 4887 1471 4938 31.
1490 4889 1574 4942 ds'cers
1591 4905 1645 4943 orn.

332 4957 400 5008 Cod.
420 4957 568 5006 llolmstad.
588 4961 615 5004 et
632 4955 725 5004 Ambr.
746 4954 789 5003 lii.
837 4951 891 5003 Csr.
912 4955 989 5004 lland
1009 4954 1088 5005 Ture.
1109 4955 1158 5006 lll.
1179 4969 1205 5018 p.
1223 4955 1285 5006 401.
1304 4977 1338 4990 -
1372 4956 1416 5007 33.
1438 4957 1484 5009 Ast
1501 4960 1514 5009 l
1532 4969 1559 5012 et
1576 4976 1645 5013 corr.

333 5027 370 5079 bl.
400 5049 430 5063 -
467 5027 509 5076 31.
525 5034 548 5076 te
566 5039 621 5075 om.
640 5025 662 5074 l.
695 5047 724 5060 -
762 5022 923 5084 Ticiniolll,
948 5023 1046 5075 Cicinio
1064 5025 1086 5075 1.
1110 5051 1142 5061 -
1177 5025 1221 5076 35.
1241 5039 1392 5090 psoseorr.
1411 5027 1448 5080 bl.
