3656 5868
688 423 763 486 Llll.
785 426 837 490 Vl.
879 425 939 490 ΕΡ.
961 427 991 489 2.
1013 427 1043 492 d.
1485 429 1528 494 89

203 585 238 643 et
258 576 403 676 alffl
419 575 502 642 ratio
529 597 565 644 ae
594 577 769 646 moderatio
793 580 901 676 ritae)
922 590 954 648 et
983 581 1080 649 babes
1107 586 1175 650 Ser.
1208 585 1397 673 Sulpicium,
1435 610 1529 677 quem
1589 581 1668 678 ’W

203 693 334 758 semper
357 672 449 737 unice
477 671 631 749 dilexisti,
654 674 708 760 qui
729 683 759 738 te
781 676 923 762 prolecto
944 686 976 741 et
993 675 1211 745 benevolentia
1238 689 1269 744 et
1288 682 1439 767 sapientia
1455 703 1530 748 cou-

204 768 345 840 solatur.
369 767 459 832 euius
477 769 504 833 si
526 789 665 835 essemus
686 771 953 837 etauctoritatem
974 781 1005 836 et
1030 772 1195 838 consilium
1214 775 1333 848 secuti,
1356 778 1453 862 togati
1473 797 1530 862 po-

204 861 269 926 tius
287 862 459 946 potentiam
483 884 576 949 quam
600 864 710 928 amati
729 864 893 930 victoriam
913 864 1115 932 subissemus.
1158 871 1189 933 7.
1213 868 1275 933 Sed
1294 869 1371 935 baec
1385 871 1528 956 longiora

204 955 340 1020 fortasse
370 955 512 1032 luerunt,
549 979 642 1044 quam
675 978 804 1024 necesse
824 958 899 1037 luit;
935 961 1008 1034 illa,
1045 981 1125 1047 quae
1144 961 1263 1027 maiora
1284 971 1369 1038 sunt,
1401 961 1552 1030 brevinsa

206 1069 376 1135 exponam.
426 1053 493 1135 Ego
520 1050 637 1126 babeo,
669 1051 720 1117 eui
742 1052 923 1139 plusquam
946 1053 1003 1118 tibi
1025 1053 1169 1130 debeam,
1210 1056 1384 1136 neminem
1415 1056 1529 1144 quibus

205 1153 328 1208 tantum
352 1141 520 1219 debebam,
550 1153 698 1231 quantum
721 1154 753 1211 tu
778 1147 940 1232 intelbgis,
964 1169 1019 1213 eos
1045 1148 1138 1214 buius
1158 1149 1235 1214 mibi
1257 1149 1333 1216 belli
1353 1171 1442 1216 casus
1467 1151 1531 1216 eri-

205 1237 287 1324 puit.
325 1227 402 1339 (Qui
425 1239 484 1304 sim
507 1247 611 1304 autem
636 1238 696 1304 boc
715 1249 875 1325 tempore,
896 1235 1063 1330 intelligo.)
1090 1241 1152 1306 Sed
1177 1243 1249 1329 quia
1274 1265 1367 1309 nemo
1394 1253 1441 1310 est
1466 1255 1529 1312 tam
1579 1219 1647 1298 ‘i

206 1332 358 1408 afflictus,
386 1332 480 1419 quin,
516 1333 543 1397 si
564 1331 641 1397 nibil
661 1332 745 1398 aliud
770 1333 892 1399 studeat
911 1333 971 1398 nisi
992 1334 1044 1408 id,
1074 1335 1160 1422 quod
1182 1337 1260 1421 agit,
1290 1340 1390 1423 possit
1414 1361 1529 1405 navare

206 1426 327 1514 aliquid
348 1434 379 1492 et
400 1419 653 1516 elliceredonme
675 1448 779 1491 meum
801 1427 985 1501 consilium,
1009 1448 1155 1514 operam,
1177 1419 1414 1536 studium)certe
1436 1433 1530 1498 velim
1543 1451 1569 1494 ao
1623 1437 1639 1512 ,3

210 1520 373 1586 existimes
394 1518 452 1584 tibi
474 1520 598 1606 tuisque
619 1509 820 1614 liberis(esse
842 1519 1004 1614 debitum.)
1589 1543 1649 1624 ,ᾗ

692 1657 1049 1745 nouem)

559 1774 1185 1852 umffimoammwn

297 1901 325 1960 l.
346 1899 423 1960 Peto
445 1902 526 1969 ate,
548 1915 656 1959 neme
680 1902 771 1980 putes
788 1893 948 1960 oblivione
963 1895 1009 1960 tui
1027 1896 1131 1962 rarius
1151 1897 1191 1962 ad
1214 1906 1244 1963 te
1265 1899 1414 1975 scribere,
1437 1923 1531 1987 quarn

209 1988 365 2064 solebam,
401 1988 456 2054 sed
479 1997 532 2054 aut
554 1988 705 2074 gravitate
729 1987 929 2061 valetudinis,
952 2011 1013 2075 qua
1041 1996 1144 2054 tamen
1171 1991 1234 2055 iam
1255 1992 1391 2076 paullum
1421 1995 1531 2060 videor
1542 2007 1568 2050 ¹⁵

209 2082 328 2158 levari,
351 2091 404 2148 aut
429 2081 514 2169 quod
538 2081 638 2146 absim
660 2080 700 2145 ab
721 2080 818 2156 urbe,
840 2091 893 2156 ut,
916 2082 970 2169 qui
991 2082 1030 2147 ad
1056 2091 1086 2148 te
1102 2083 1342 2170 proficiscatur,
1365 2088 1446 2152 scire
1467 2109 1530 2153 non

208 2177 340 2264 possim.
383 2180 489 2255 Quare
504 2177 598 2241 velim
614 2177 658 2242 ita
674 2185 821 2243 statutum
843 2174 972 2251 habeas,
995 2197 1046 2241 me
1064 2178 1110 2243 tui
1123 2179 1307 2244 memoriam
1323 2201 1393 2246 cum
1411 2205 1531 2249 summa

210 2271 429 2337 benevolentia
464 2279 571 2335 tenere
600 2279 731 2357 tuasque
762 2290 871 2335 omnes
900 2291 1038 2336 resnou
1069 2271 1184 2337 minori
1213 2271 1290 2337 mibi
1310 2295 1413 2351 ,curae
1438 2297 1531 2363 quam

212 2386 297 2431 meas
319 2385 398 2429 esse.
455 2368 485 2428 2.
509 2364 603 2441 Quod
624 2363 744 2430 maiore
767 2363 801 2428 in
823 2363 974 2428 varietate
1001 2373 1125 2431 versata
1147 2372 1195 2430 est
1224 2366 1325 2432 adhuc
1347 2377 1399 2434 tua
1422 2389 1530 2443 causa,

212 2479 305 2546 quam
332 2457 473 2524 homines
497 2466 551 2522 aut
572 2458 718 2523 volebant
740 2465 794 2523 aut
819 2456 1046 2542 opinabantur,
1070 2458 1146 2523 mibi
1174 2459 1288 2536 crede,
1321 2470 1452 2527 nonest
1472 2473 1570 2549 proto

212 2551 301 2616 malis
325 2560 503 2636 temporum
526 2550 611 2636 quod
630 2550 761 2616 moleste
783 2549 877 2614 seras.
920 2555 1052 2616 Necesse
1072 2559 1119 2616 est
1138 2553 1222 2617 enim
1243 2562 1296 2619 aut
1315 2555 1410 2620 armis
1424 2555 1533 2641 urgeri

213 2643 463 2731 rempublicam
488 2643 686 2730 sempiternis
705 2652 759 2709 aut
789 2642 837 2708 his
863 2643 974 2729 positis
995 2644 1133 2710 recreari
1159 2645 1327 2732 aliquando
1357 2657 1410 2714 aut
1430 2647 1534 2714 lundi-

213 2748 263 2803 tus
288 2737 430 2803 interire.
484 2738 516 2803 Si
539 2759 625 2803 arma
649 2736 812 2812 valebunt,
843 2757 900 2802 nec
929 2758 1004 2813 eos,
1039 2759 1057 2804 a
1084 2737 1198 2825 quibus
1220 2739 1394 2827 reciperis,
1427 2741 1533 2807 vereri

213 2831 309 2897 debes
334 2852 392 2896 nee
413 2850 489 2906 eos,
519 2853 599 2919 quos
621 2831 763 2909 adivisti;
793 2831 819 2896 si
841 2833 936 2897 armis
953 2841 1007 2897 aut
1031 2832 1215 2898 condicione
1235 2833 1345 2918 positis
1369 2841 1423 2898 aut
1448 2832 1534 2898 desa·

212 2925 361 3011 tigatione
381 2924 509 2990 abiectis
542 2933 596 2991 aut
615 2924 746 2991 victoria
771 2925 916 2992 detractis
942 2926 1051 2992 civitas
1079 2926 1298 3013 respiraverit,
1328 2935 1359 2991 et
1381 2926 1570 3010 dignitatem

214 3031 274 3104 tua
294 3019 357 3084 frui
381 3018 439 3084 tibi
459 3028 490 3084 et
515 3019 650 3085 fortunis
674 3018 795 3096 beebit;
828 3021 876 3084 sin
898 3019 1027 3085 omnino
1051 3019 1227 3085 interierint
1251 3019 1356 3084 omnia
1377 3019 1534 3105 fueritque
1630 2997 1655 3076 d

213 3115 241 3180 is
263 3113 379 3187 exitus,
402 3133 497 3199 quem
516 3113 577 3196 vir„
586 3111 861 3199 prudentissimus,
884 3118 925 3179 lll.
947 3112 1115 3185 Antonius,
1137 3113 1201 3177 iam
1219 3120 1285 3176 tum
1303 3112 1440 3186 timebat,
1462 3132 1533 3176 cum
1627 3101 1650 3192 ζ

215 3215 333 3272 tantum
352 3207 470 3272 instare
491 3206 646 3271 malorum
671 3204 900 3291 suspicabatur,
922 3206 1037 3270 misera
1055 3215 1103 3270 est
1123 3205 1176 3270 illa
1197 3204 1324 3290 quidem
1341 3204 1533 3280 consolatio,

214 3300 268 3366 tali
289 3300 473 3386 praesertim
496 3299 556 3364 cini
582 3309 614 3364 et
635 3299 726 3374 viro,
763 3299 818 3363 sed
840 3306 943 3364 tamen
962 3299 1158 3374 necessaria,
1181 3299 1257 3363 nibil
1275 3319 1343 3363 esse
1366 3297 1534 3384 praecipue

214 3395 360 3480 cuiquam
381 3393 549 3459 dolendum
576 3393 609 3458 in
629 3414 685 3468 eo,
720 3391 805 3478 quod
828 3391 946 3458 accidat
967 3391 1131 3457 universis.
1173 3396 1204 3457 3.
1228 3393 1316 3468 Quae
1334 3392 1382 3456 vis
1407 3391 1481 3470 insit
1501 3391 1571 3455 ino

214 3488 263 3554 his
297 3487 404 3573 paucis
440 3486 545 3552 verbis
569 3523 608 3534 -
631 3486 721 3572 plura
744 3486 825 3550 enim
852 3485 1072 3552 committenda
1099 3485 1250 3572 epistolae
1275 3506 1337 3550 non
1363 3493 1451 3549 erant
1472 3519 1533 3560 -,

214 3581 242 3646 si
272 3580 428 3656 attendes,
457 3581 543 3668 quod
569 3581 664 3655 lacis,
697 3578 839 3666 profecto
864 3580 958 3646 etiam
985 3581 1052 3646 sine
1078 3581 1156 3646 meis
1185 3579 1297 3644 litteris
1327 3578 1481 3663 intelliges
1503 3587 1534 3642 te

215 3673 333 3761 aliquid
354 3673 492 3751 babere,
515 3674 600 3761 quod
624 3694 751 3760 speres,
774 3673 867 3749 nibil,
889 3673 975 3761 qnod
999 3683 1053 3741 aut
1073 3674 1134 3741 boc
1161 3681 1214 3738 aut
1234 3673 1339 3758 aliquo
1360 3673 1409 3738 rei
1433 3670 1536 3758 publi·

214 3789 271 3832 cae
292 3775 374 3832 statu
396 3768 523 3847 timeas;
548 3767 653 3833 omnia
674 3767 701 3832 si
721 3766 914 3842 interierint,
946 3789 1017 3833 cum
1042 3767 1241 3853 superstitem
1266 3775 1296 3831 te
1320 3786 1389 3830 esse
1412 3764 1461 3830 rei
1478 3785 1536 3850 pu·

215 3859 315 3926 blicae
341 3883 380 3926 ne
406 3861 433 3926 si
455 3862 547 3927 liceat
574 3861 702 3949 quidem
723 3860 816 3935 velis,
850 3860 1010 3926 ferendam
1037 3882 1106 3926 esse
1135 3860 1311 3934 fortunam,
1350 3858 1572 3946 praesertimto

216 3975 296 4042 quae
314 3954 394 4019 absit
418 3975 435 4019 a
457 3955 556 4040 culpa.
601 3955 664 4020 Sed
684 3954 761 4019 haec
779 3954 937 4020 hactenus.
980 3961 1027 4019 Tu
1049 3954 1144 4019 velim
1167 3949 1285 4018 scribas
1306 3954 1344 4018 ad
1367 3973 1435 4027 me,
1459 3950 1535 4038 quid

217 4069 291 4133 agas
313 4056 346 4112 et
364 4047 420 4114 ubi
441 4048 566 4114 iuturus
589 4048 653 4125 sis,
689 4057 744 4124 ut,
777 4058 830 4114 aut
850 4069 914 4135 quo
936 4047 1071 4114 scribam
1100 4056 1154 4113 aut
1185 4065 1249 4133 quo
1277 4047 1416 4122 veniam,
1453 4043 1534 4109 scire

216 4161 345 4226 possam.

689 4262 1060 4350 monem)

581 4391 622 4452 M.
645 4387 788 4453 CICERO
811 4389 842 4452 S.
863 4392 901 4453 D.
922 4391 959 4452 Α.
981 4387 1209 4464 TonounTO.
1545 4396 1574 4438 ⁴⁰

303 4500 331 4562 l.
354 4496 578 4583 Superioribus
597 4497 708 4563 litteris
728 4498 947 4564 benevolentia
967 4498 1067 4583 magis
1088 4497 1256 4572 adductus,
1284 4517 1377 4584 quam
1400 4515 1463 4582 quo
1484 4515 1536 4560 ree

218 4589 259 4655 ita
281 4590 468 4675 postularet,
490 4590 535 4657 sui
558 4591 692 4676 longior.
733 4597 842 4679 Neque
863 4591 948 4657 enim
970 4591 1205 4657 confirmatione
1227 4600 1333 4656 nostra
1348 4588 1458 4674 egebat
1472 4587 1537 4654 vir·

220 4692 267 4748 tus
287 4693 339 4748 tua
347 4689 462 4772 (neque
485 4692 603 4770 cretea
625 4707 694 4750 mea
713 4707 807 4752 causa
828 4696 921 4773 atque
938 4679 1090 4777 fortuna)
1105 4694 1160 4761 ut,
1183 4685 1234 4752 cui
1248 4685 1309 4770 ipsi
1323 4684 1429 4750 omnia
1447 4681 1537 4748 dees·
1576 4648 1628 4734 ’ἰ
1638 4687 1648 4702 ’
1695 4657 1716 4746 l
1725 4664 1740 4750 ἶ

219 4786 301 4850 sent,
335 4777 467 4843 alterum
496 4779 724 4844 confirmarem.
777 4785 807 4845 2.
831 4785 898 4846 Hoc
919 4781 993 4845 item
1015 4789 1155 4867 tempore
1180 4779 1310 4844 brevior
1333 4799 1401 4844 esse
1424 4777 1534 4844 debeo.

286 4941 313 4991 ’1.
332 4943 408 4990 tutus
426 4942 489 4990 mtba‘
507 4942 550 4992 lle
570 4942 634 4991 nubi
651 4943 726 4992 butro
745 4943 775 4993 ll.
797 4967 827 4978 -
863 4945 889 4994 9.
909 4946 973 5006 quin
991 4944 1026 4993 V:
1046 4944 1091 5008 put
1108 4943 1167 4993 llll.
1186 4969 1221 4978 -
1237 4945 1319 5005 possit
1337 4943 1384 4993 ll:
1407 4957 1461 4992 non
1476 4956 1537 5006 poa·

218 5011 252 5057 att
272 5010 301 5059 ll.
323 5037 351 5046 -
391 5010 434 5060 lo.
452 5013 633 5076 proficiscatur
650 5013 695 5064 M:
713 5015 916 5078 proficiscuntur
933 5014 963 5063 ll.
986 5039 1016 5049 -
1052 5013 1097 5063 2³.
1115 5014 1239 5078 receperis
1257 5013 1295 5065 ti.
1322 5037 1353 5050 -
1389 5013 1434 5064 ild.
1453 5013 1537 5066 odian-

219 5080 315 5130 stilla
335 5081 461 5131 αόωυίιιι·
479 5081 509 5132 ll.
530 5107 559 5120 -
597 5081 642 5134 25.
661 5085 791 5149 dlpnttots
810 5090 857 5134 tuo
874 5084 917 5135 Ma
935 5085 1064 5149 dignitato
1083 5083 1113 5134 li.
