3680 5944
632 445 707 510 Llll.
728 445 794 508 vll.
837 447 895 510 ΕΡ.
920 447 969 509 18.
993 445 1041 508 19.
1064 445 1115 510 20.
1451 449 1517 512 529

195 605 370 696 praesidiis.
414 605 441 668 0
469 589 627 690 perditum
658 603 829 670 latroneml
862 603 959 668 ovix
979 602 1044 668 ullo
1066 602 1133 668 otio
1154 605 1413 692 compensandam
1439 607 1518 673 banc

195 707 243 768 rei
273 698 415 788 publicae
444 698 682 784 turpitudinem!
720 697 783 764 Sed
809 695 996 762 stomachari
1025 695 1218 773 desinamus,
1251 702 1387 785 tempori
1407 723 1517 790 parea·

195 815 282 870 mus,
305 813 376 858 cum
398 793 549 878 Pompeio
570 793 602 857 in
624 791 805 878 Hispaniam
828 809 946 854 eamus.
988 791 1073 853 llaec
1087 789 1174 875 optio
1189 791 1221 856 in
1236 793 1345 872 malis;
1368 797 1516 882 quoniam

195 887 280 954 illius
302 886 432 951 alterum
455 886 650 952 consulatum
672 907 690 950 a
712 906 748 950 re
770 883 892 972 publica
914 904 953 948 ne
974 882 1044 948 daia
1067 883 1194 971 quidem
1217 887 1380 953 occasione
1401 910 1517 976 reppu-

196 981 299 1048 limus.
349 979 411 1044 Sed
432 979 510 1044 baec
530 979 687 1046 hactenus.
729 984 759 1044 ³.
782 983 829 1043 De
849 976 1016 1066 Dionysio,
1044 976 1124 1063 sugit
1145 1001 1195 1045 me
1217 980 1255 1046 ad
1278 992 1307 1045 tc
1329 993 1419 1048 antea
1440 985 1541 1059 scri-⁵

196 1073 287 1148 bere:
316 1073 435 1139 sedita
457 1074 618 1140 constitui:
649 1081 832 1159 exspectare
853 1091 1004 1157 responsa
1027 1073 1182 1151 Caesaris,
1214 1085 1262 1152 ut,
1298 1083 1323 1142 si
1345 1078 1384 1144 ad
1405 1079 1516 1145 urbem

197 1167 393 1242 rediremus,
422 1165 467 1233 ibi
487 1187 545 1232 nos
567 1173 777 1253 exspectaret;
810 1167 856 1232 sin
879 1169 997 1232 tardius
1018 1167 1049 1233 id
1071 1166 1176 1241 fieret,
1199 1177 1264 1235 ium
1287 1191 1359 1236 eum
1381 1192 1519 1238 arcesse-

197 1282 314 1328 remus.
359 1261 495 1327 Omnino
517 1261 593 1348 qnid
613 1261 666 1328 ille
686 1259 789 1326 iacere
812 1259 957 1325 debuerit
977 1260 1009 1324 in
1030 1271 1135 1326 nostra
1151 1261 1203 1326 illa
1220 1263 1309 1347 luga,
1331 1265 1409 1352 quid
1424 1265 1518 1332 docto

198 1354 326 1421 bomine
355 1363 386 1419 et
413 1359 513 1422 amico
541 1355 670 1440 dignum
696 1355 806 1429 luerit.
842 1375 914 1422 cum
940 1355 1126 1441 praesertim
1152 1369 1280 1442 rogatus
1310 1369 1422 1425 esset.
1446 1409 1454 1426 .
1477 1411 1485 1426 .
1509 1411 1517 1427 .

199 1450 254 1516 sed
275 1450 352 1516 baec
374 1471 436 1516 non
458 1451 549 1517 nimis
571 1457 706 1540 exquiro
728 1472 745 1516 a
768 1453 903 1518 Graecis.
947 1455 994 1515 Tu
1014 1458 1115 1515 tamen
1130 1449 1268 1526 videbis,
1291 1452 1318 1518 si
1333 1452 1408 1525 erit,
1432 1453 1516 1540 qnod
1529 1487 1555 1527 m

199 1545 313 1617 nolim,
336 1545 557 1621 arcessendus,
580 1567 619 1611 ne
641 1545 765 1612 molesti
787 1543 883 1610 simus
905 1543 1014 1609 invito.
1057 1549 1088 1610 d.
1113 1545 1247 1622 Ouinius
1269 1544 1366 1632 iratist
1387 1545 1517 1624 laborat,

199 1649 234 1704 ut
256 1637 326 1713 tibi.
350 1637 436 1726 quod
458 1636 565 1714 debet,
597 1637 636 1704 ab
657 1638 787 1724 Egnatio
810 1637 924 1715 solvat;
952 1658 1010 1702 nec
1031 1639 1162 1723 Egnatio
1184 1639 1326 1705 voluntas
1354 1641 1442 1706 deest
1462 1663 1519 1707 nec

198 1753 310 1820 parum
331 1732 470 1818 locuples
492 1743 552 1810 est;
582 1733 637 1799 sed
659 1754 730 1798 cum
753 1733 812 1798 tale
833 1742 955 1816 tempus
976 1731 1029 1808 sit,
1053 1741 1088 1798 ut
1111 1733 1149 1810 Ο.
1171 1733 1365 1799 Titinius-
1388 1737 1519 1802 multum

199 1831 282 1890 enim
305 1834 351 1891 est
372 1825 535 1896 uobiscum
556 1861 597 1874 -·-
620 1825 765 1891 viaticum
787 1848 821 1891 se
841 1836 934 1912 neget
948 1823 1063 1890 babere
1081 1825 1228 1912 idemque
1242 1826 1436 1894 debitoribus
1454 1836 1519 1896 suis

200 1919 402 1995 denuntiarit,
426 1929 460 1985 ut
481 1919 592 1986 eodem
613 1919 723 1985 fenore
745 1929 928 1994 uterentur,
951 1930 1043 2006 atque
1066 1919 1125 1984 boo
1146 1919 1229 1985 idem
1252 1921 1345 1985 etiam
1368 1927 1401 1986 L.
1424 1923 1519 2009 Ligus
1530 1957 1556 1996 η

199 2011 311 2079 iecisse
333 2013 468 2088 dicatur,
501 2035 559 2080 nec
581 2014 640 2080 buc
661 2011 803 2099 iempo're
828 2021 880 2078 aut
903 2012 988 2079 domi
1009 2035 1152 2079 nummos
1175 2013 1311 2092 Quintus
1332 2015 1445 2082 babeat
1465 2029 1520 2085 aut

202 2107 329 2193 exigere
350 2107 390 2173 ab
412 2107 543 2192 Egnatio
565 2116 619 2174 aut
639 2127 802 2174 versuram
825 2127 956 2193 usquam
979 2106 1082 2172 lacere
1104 2107 1217 2193 possit,
1251 2109 1383 2176 miratur
1405 2122 1434 2176 te
1455 2134 1518 2176 non

200 2199 346 2266 babuisse
373 2202 528 2266 rationem
556 2200 649 2268 buius
676 2201 819 2288 publicae
857 2200 1054 2267 difficultatis.
1102 2205 1169 2286 Ego
1198 2211 1321 2278 autem,
1358 2205 1415 2270 etsi
1441 2205 1519 2270 illud

204 2298 451 2376 ψευὸησιόὸειον
472 2333 513 2344 -
540 2295 584 2361 ita
606 2296 690 2362 enim
710 2303 838 2382 putatur
859 2330 899 2341 —
921 2292 1074 2368 observo,
1098 2301 1180 2379 μηδὲ
1202 2301 1311 2375 δίκην,
1333 2297 1518 2383 praesertim

201 2390 233 2452 in
255 2399 301 2464 te,
324 2409 427 2476 aquo
449 2388 525 2455 nibil
547 2409 683 2476 unquam
705 2389 771 2454 vidi
791 2400 911 2454 temere
932 2385 1018 2465 lieri,
1041 2399 1145 2454 tamen
1166 2387 1250 2454 illius
1272 2389 1400 2474 quercla
1414 2411 1557 2465 move-20

200 2480 269 2549 bar.
311 2486 397 2560 Hoc,
420 2483 572 2570 quidquid
593 2494 656 2558 est,
678 2493 709 2550 te
731 2483 812 2550 seire
835 2483 932 2550 volui.

660 2627 744 2689 m.
787 2619 845 2705 (A.
871 2627 903 2688 n.
926 2625 958 2689 c.
980 2625 1074 2705 ros.)

688 2747 829 2812 CICERO
851 2747 995 2812 ATTICO
1017 2748 1049 2810 S.

285 2861 367 2929 Nihil
387 2857 505 2936 babeo,
527 2857 623 2946 quod·
635 2858 675 2923 ad
694 2867 726 2923 te
748 2855 891 2924 scribam.
936 2857 1123 2935 Quinetiam
1143 2879 1211 2923 eam
1227 2858 1403 2944 epistolem,
1427 2879 1520 2946 quam

203 2976 288 3022 cram
311 2953 525 3029 elucubratus,
559 2952 600 3019 ad
620 2962 650 3017 te
672 2973 735 3017 non
758 2949 841 3016 dedi.
883 2954 958 3014 Erat
979 2951 1063 3015 enim
1085 2952 1177 3038 plena
1199 2953 1266 3038 spei
1287 2951 1405 3028 bonae,
1435 2953 1560 3039 quodes

203 3059 235 3115 ct
262 3049 416 3114 contionis
443 3048 634 3114 voluntatem
662 3045 826 3110 audieram
853 3054 885 3108 ei
912 3044 1000 3109 illum
1022 3043 1258 3110 condicionibus
1279 3065 1411 3112 usurum
1433 3054 1523 3132 puta-

203 3142 293 3218 bam,
323 3142 507 3228 praesertim
536 3141 612 3207 suis.
653 3143 734 3205 Ecce
760 3136 817 3204 tibi
846 3157 898 3203 ιιι.
920 3141 998 3203 Non.
1027 3138 1118 3204 Febr.
1148 3159 1239 3203 mane
1267 3139 1374 3226 accepi
1403 3139 1522 3204 litteras

203 3245 288 3312 tuas,
310 3236 485 3311 Philotimi,
507 3235 632 3310 Furni,
659 3233 804 3301 Curionis
826 3231 866 3298 ad
886 3232 1054 3306 Furnium,
1076 3231 1189 3319 quibus
1207 3231 1318 3299 irridet
1331 3237 1366 3299 L.
1381 3233 1522 3301 Caesaris

203 3331 402 3418 legationem.
458 3331 554 3397 Plane
576 3327 720 3416 oppressi
742 3327 903 3405 uidemur3
938 3346 1011 3400 nec,
1034 3327 1111 3412 quid
1132 3327 1254 3394 consilii
1274 3327 1413 3413 capiam,
1437 3326 1522 3404 scio;

204 3445 262 3491 nec
283 3423 460 3490 mehercule
482 3423 521 3490 de
543 3445 593 3490 me
615 3421 744 3496 laboro:
767 3421 806 3488 de
833 3420 940 3508 pueris
965 3420 1042 3507 quid
1069 3442 1174 3508 agam,
1208 3443 1271 3488 non
1300 3419 1413 3488 babeo.
1467 3423 1560 3487 (la-er

204 3539 300 3606 puam
321 3530 425 3584 tamen
445 3515 667 3606 proficiscebar
688 3516 765 3581 baec
786 3513 940 3592 scribens,
975 3534 1038 3603 quo
1060 3515 1182 3582 lucilius
1204 3515 1243 3582 de
1264 3513 1406 3603 Pompeii
1427 3511 1522 3580 rebus

204 3632 438 3698 cognoscerem.

679 3757 746 3821 ιι.
790 3755 840 3834 (Α.
866 3755 898 3819 c.
921 3757 952 3819 c.
975 3751 1061 3838 τοι.)

689 3877 832 3944 CICERO
853 3877 996 3943 mleo
1020 3878 1051 3940 S.

294 3993 322 4055 1.
344 3989 615 4076 Breviloquentem
642 3990 705 4056 iam
737 4009 787 4054 me
812 3999 937 4089 'tempus
969 3986 1071 4074 ipsum
1100 3985 1181 4052 lacit.
1233 3990 1344 4051 Pacem
1366 3983 1449 4050 enim
1471 3984 1561 4054 de-ss

206 4085 346 4171 speravi3
368 4081 485 4150 bellum
507 4083 605 4149 nostri
626 4083 747 4150 nullum
763 4082 988 4149 administrant.
1033 4085 1113 4148 Cave
1135 4080 1219 4144 enim
1239 4088 1332 4165 putes
1354 4078 1524 4165 quidquam

286 4305 313 4352 1.
344 4317 360 4352 o
402 4310 465 4354 ante
494 4304 541 4353 uin
579 4316 635 4352 om.
668 4301 744 4353 lilii.
790 4299 943 4367 (insertum
972 4313 988 4348 e
1026 4297 1120 4354 xil.)
1150 4321 1184 4336 ·-
1235 4297 1260 4348 3.
1301 4297 1374 4358 optio
1410 4295 1525 4347 Grutaro

207 4379 317 4422 auctore
348 4373 521 4422 Schueizius:
551 4380 613 4436 opto
636 4371 733 4426 Mlllli.
764 4393 795 4407 -
831 4373 857 4421 ’1.
881 4371 1032 4421 redierimus
1056 4367 1088 4416 R.
1117 4393 1145 4404 -
1184 4367 1211 4418 8.
1242 4367 1340 4416 Omitto
1373 4379 1426 4428 mg.
1457 4367 1523 4416 Cod.

206 4443 328 4494 llemmii
347 4449 374 4493 et
393 4443 554 4506 Malasplna.
575 4469 606 4479 -
629 4442 760 4509 quodidie
778 4456 819 4504 pr.
838 4441 875 4491 Μ.
895 4465 928 4474 -
956 4439 981 4488 9.
1001 4439 1113 4487 omicron
1131 4451 1171 4500 pr.
1191 4437 1229 4490 Μ.
1251 4461 1277 4472 ·-
1310 4443 1374 4486 esset
1391 4437 1435 4485 sed
1453 4449 1524 4490 corr.

207 4513 247 4568 Μ.
266 4527 344 4563 esrem
361 4515 406 4563 red
425 4515 459 4562 iil
478 4519 504 4562 et
522 4527 562 4575 pr.
582 4512 627 4574 Μ,
648 4519 727 4572 meet,
747 4511 881 4572 reim-sed
898 4524 959 4560 euru
980 4521 1034 4570 mg.
1055 4507 1196 4558 Cratandrl
1216 4508 1245 4557 ll.
1278 4533 1309 4542 -
1347 4507 1389 4555 10.
1409 4507 1526 4556 beenon

206 4585 292 4632 minus
311 4582 332 4632 l.
355 4609 383 4620 -
422 4585 463 4633 11.
484 4585 648 4634 uremseodus
665 4597 696 4633 ne
713 4582 906 4632 molestissimus
922 4581 1053 4642 invitoque
1070 4579 1154 4642 fratre
1172 4578 1190 4627 l.
1209 4577 1255 4637 Μ,
1278 4577 1474 4626 arcessendum
1491 4579 1526 4626 sit

206 4653 400 4704 molestissimus
423 4655 569 4717 invitusque
594 4657 680 4719 [rotor
705 4653 723 4701 1.
754 4652 790 4710 it.
819 4650 982 4700 arcessendus
999 4663 1031 4700 ne
1054 4649 1231 4698 molestissimo
1254 4648 1385 4710 invitoque
1402 4647 1488 4710 [rom
1506 4647 1524 4694 l.

208 4723 229 4774 1.
258 4723 391 4778 (correrii
410 4719 565 4785 Victorius.)
587 4747 617 4759 -
655 4723 698 4773 13.
720 4722 750 4784 Q.
773 4721 885 4770 Ticiaiua
905 4721 926 4770 1.
951 4741 976 4755 -·
1016 4717 1058 4768 ll.
1078 4719 1208 4768 nobiscum
1227 4725 1264 4767 ert
1284 4717 1306 4765 l.
1328 4741 1355 4752 -
1394 4717 1436 4766 17.
1456 4718 1527 4767 extre

207 4791 296 4844 11-
334 4792 367 4856 te]
388 4801 412 4844 et
431 4794 452 4844 l.
474 4817 501 4830 -
538 4793 579 4844 19.
598 4795 691 4857 miloni
710 4793 731 4841 l.
751 4817 784 4826 -
819 4791 863 4840 20.
887 4786 970 4852 iiiior]
988 4789 1086 4838 nullius
1104 4788 1177 4838 Mlti.
1200 4811 1227 4824 -·
1264 4785 1308 4835 21.
1327 4784 1407 4834 volui.
1445 4787 1525 4846 Citra,

207 4863 384 4914 nivalensi.
413 4889 443 4901 -
481 4863 524 4913 21.
547 4865 627 4914 etiam
645 4877 702 4914 eom
720 4861 855 4925 epistolam
873 4860 955 4910 Mul:
984 4861 1063 4909 etium
1081 4859 1218 4919 epistelam
1236 4857 1273 4912 ll.
1303 4862 1331 4904 ut
1349 4857 1428 4904 tacite
1454 4856 1527 4907 dedit

208 4933 315 4984 Rosius.
337 4957 366 4969 -
403 4935 447 4983 25.
467 4934 588 4982 dederam
608 4947 646 4997 pr.
667 4933 705 4984 Μ.
729 4955 759 4968 -
797 4931 878 4981 bonor
895 4933 949 4993 spei
967 4931 1050 4979 lia-
1078 4929 1121 4978 26.
1142 4929 1274 4990 putabant
1293 4927 1466 4988 impreeertr'm
1485 4941 1524 4988 pr.

208 5003 247 5055 Μ.
269 5029 297 5040 -
337 5003 381 5054 2¹1.
401 5017 445 5053 ιιι.
466 5018 506 5066 pr.
526 5004 568 5054 M:
588 5017 644 5054 ιιιι.
664 5005 676 5053 1
695 5009 722 5054 et
740 5015 808 5052 corr.
827 5002 873 5058 Μ.
892 5003 921 5050 io
939 5001 975 5061 ll,
995 5013 1027 5049 ιι.
1048 4999 1166 5048 corrado
1185 5003 1294 5046 auctore
1313 4997 1343 5046 11.
1365 5019 1395 5031 -
1414 4995 1457 5045 18.
1477 4997 1528 5046 Fu-

209 5076 278 5123 m'um
297 5074 320 5124 l.
340 5099 374 5108 -
409 5076 519 5125 irrideat
539 5076 560 5126 l.
580 5101 610 5110 -
650 5074 694 5126 ³5.
730 5075 843 5125 maium
861 5073 892 5122 11.
916 5095 942 5104 -
980 5073 1066 5136 iprum
1084 5083 1139 5119 om.
1160 5081 1200 5131 pr.
1220 5067 1257 5118 Μ.

293 5201 366 5242 ciem
380 5199 403 5241 r.
418 5201 453 5242 ru.
1299 5163 1340 5226 :it
