3680 5944
318 463 381 528 542
806 458 866 522 ΕΡ.
887 458 940 522 ΑΙ)
961 457 1134 524 Arrlcuu

318 617 452 688 eundem
477 622 608 702 repente
636 613 747 680 timere
779 623 946 701 coeperat;
973 613 1189 681 condicionem
1218 613 1304 701 pacis
1332 614 1448 680 nullam
1468 613 1642 702 probarat;

316 713 394 780 nibil
422 711 462 776 ad
490 709 607 776 bellum
637 717 778 795 pararat3
804 708 917 775 urbem
947 709 1137 796 reliquerat;
1169 708 1316 775 Picenum
1344 709 1491 775 amiserat
1524 710 1643 796 culpa;

317 808 350 874 in
370 807 514 894 Apuliam
536 825 570 868 se
591 811 808 888 compegeram
838 801 902 869 ibat
928 801 960 867 in
990 803 1168 881 Graeciam
1197 823 1306 868 omnes
1333 823 1391 867 nos
1419 805 1644 888 ἀπροςφωνῆ-

318 929 407 979 τους,
441 907 590 986 expertes
619 898 667 962 sui
698 898 789 973 tanti,
829 905 892 962 tam
920 895 1059 961 inusitati
1089 896 1212 962 consilii
1240 894 1447 984 relinquebat.
1497 900 1528 962 2.
1555 901 1643 962 Ecce

296 993 424 1062 asubito
445 993 566 1060 litterae
586 991 717 1058 Domitii
738 992 778 1057 ad
799 991 902 1066 illum,
925 989 1023 1072 ipsius
1045 989 1085 1054 ad
1107 991 1259 1057 consules.
1301 991 1436 1056 Fulsisse
1457 990 1535 1080 mibi
1549 991 1643 1056 vide-

318 1088 469 1156 baturici
491 1088 593 1154 καλὸν
619 1087 658 1151 ad
680 1085 788 1152 oculos
811 1084 879 1150 eius
900 1092 931 1150 et
952 1084 1142 1150 exclamasse
1164 1085 1232 1159 ille,
1262 1084 1311 1150 vir
1331 1085 1386 1171 qui
1414 1105 1484 1150 esse
1511 1083 1639 1161 debuit,

487 1211 583 1296 Πρὸς
607 1211 698 1274 ταῦθ’
722 1208 742 1274 ὅ
763 1236 793 1274 τι
815 1207 876 1294 χρὴ
900 1216 956 1272 καὶ
978 1207 1222 1292 παλαμάσθω,

485 1307 559 1370 Καὶ
580 1309 646 1369 πᾶν
667 1305 715 1368 ἐπ’
738 1313 815 1388 ἐμοὶ
836 1307 1076 1367 τεκταινέσθω·

489 1399 538 1465 Τὸ
560 1399 623 1486 yoip
647 1394 682 1463 εὖ
701 1399 767 1482 μετ’
790 1401 880 1481 ἐμοῦ.

284 1527 359 1589 mAl
380 1523 433 1589 illa
453 1520 532 1596 tibi,
553 1520 660 1586 aeolici
681 1531 810 1606 χαίρειν
832 1522 877 1602 rui
898 1521 988 1601 καλῷ
1008 1515 1130 1593 diceba,
1151 1518 1254 1604 pergit
1276 1516 1487 1586 Brundisium.
1529 1516 1639 1584 Domi·

320 1617 397 1682 tium
425 1624 529 1681 autem
558 1614 645 1678 aiunt
671 1635 709 1678 re
737 1613 841 1678 audita
870 1623 902 1677 et
923 1633 993 1685 eos,
1030 1611 1085 1699 qui
1106 1632 1168 1676 una
1190 1621 1309 1686 essent,
1337 1633 1370 1676 se
1392 1611 1566 1678 tradidisse.
1610 1613 1637 1676 0

320 1732 387 1776 rem
410 1708 591 1795 lugubrem!
625 1713 733 1794 ltaque
754 1706 948 1774 intercludor
969 1705 1101 1780 dolore,
1127 1726 1191 1791 quo
1213 1705 1315 1771 minus
1337 1706 1376 1771 ad
1397 1714 1428 1770 te
1449 1705 1539 1791 plura
1562 1703 1640 1769 scri·

319 1804 403 1871 bam.
446 1809 528 1870 Tuas
552 1802 670 1869 litteras
693 1811 851 1890 exspecto.

786 1965 841 2028 rr.
884 1962 944 2044 (A.
971 1963 1003 2028 o.
1026 1963 1058 2026 c.
1080 1960 1174 2042 ⁷05.)

284 2128 311 2168 ra
586 2131 587 2138 ¹
704 2139 706 2143 -
802 2095 944 2162 CICERO
965 2093 1109 2158 ATTICO
1132 2093 1164 2161 S.

408 2223 437 2284 1.
458 2215 630 2302 Epistulam
661 2236 762 2281 meam
790 2214 876 2302 quod
902 2213 1116 2302 pervulgatam
1142 2209 1254 2278 scribis
1275 2233 1360 2287 esse,
1396 2233 1459 2280 non
1480 2213 1550 2282 sero
1572 2238 1638 2283 mo·

320 2317 408 2381 leste.
466 2309 667 2388 Quinetiam
690 2310 756 2395 ipse
786 2309 891 2375 multis
914 2309 986 2375 dedi
1008 2305 1255 2373 describendam.
1297 2311 1341 2372 Ea
1363 2307 1447 2374 enim
1469 2320 1500 2376 et
1520 2311 1641 2377 accide-

321 2416 396 2475 runt
416 2404 479 2471 iam
502 2411 534 2468 et
554 2402 750 2489 impendent,
772 2411 973 2469 attestatum
996 2423 1064 2467 esse
1086 2401 1200 2476 velim,
1224 2400 1263 2465 de
1285 2421 1361 2486 pace
1383 2400 1458 2489 quid
1478 2405 1641 2472 senserim.

322 2507 400 2569 Cum
433 2509 537 2564 autem
557 2497 595 2562 ad
618 2519 687 2562 eam
708 2496 869 2580 hortarer,
904 2518 976 2562 eum
1002 2495 1185 2582 praesertim
1213 2494 1388 2570 bominem,
1422 2518 1486 2564 non
1512 2500 1642 2566 videbar

283 2595 388 2663 anullo
410 2592 507 2659 modo
528 2590 650 2656 lacilius
672 2600 831 2664 moturus.
854 2612 947 2676 quam
969 2590 996 2656 si
1017 2590 1066 2666 id,
1090 2589 1175 2676 quod
1197 2610 1270 2654 eum
1287 2588 1450 2667 hortarer,
1473 2593 1642 2660 convenire

323 2693 390 2754 eius
412 2684 580 2773 sapientiae
602 2682 750 2751 dicerem.
804 2687 880 2750 Eam
904 2685 931 2750 si
952 2681 1282 2760 „admirabilem”
1309 2681 1392 2758 dixi,
1415 2706 1486 2751 cum
1509 2708 1579 2752 eum
1601 2687 1642 2752 ad

322 2783 454 2850 salutern
484 2779 607 2866 patriae
634 2777 800 2856 hortabar,
835 2800 898 2844 non
920 2801 988 2844 sum
1014 2778 1151 2853 veritus,
1184 2798 1224 2842 ne
1245 2777 1372 2843 viderer
1393 2779 1541 2845 assentari
1548 2829 1557 2854 ,
1591 2779 1642 2846 cui

322 2875 377 2941 tali
398 2874 431 2939 in
452 2894 488 2940 re
510 2871 654 2938 lubenter
675 2894 725 2938 me
747 2874 786 2938 ad
807 2873 902 2961 pedes
920 2871 1114 2940 abiecissem.
1158 2875 1228 2950 Qua
1249 2881 1352 2936 autem
1375 2882 1436 2946 est.
1461 2873 1642 2961 „aliquid

323 2970 539 3055 impertias
560 2968 800 3053 temporis”,
823 2988 886 3034 non
909 2977 955 3033 est
976 2967 1015 3033 de
1037 2989 1128 3055 pace,
1156 2965 1213 3032 sed
1234 2964 1272 3030 de
1294 2987 1345 3031 me
1366 2966 1436 3054 ipso
1458 2977 1489 3033 et
1510 2969 1549 3033 de
1570 2989 1642 3035 meo

284 3086 314 3132 aa
324 3065 428 3131 officio
449 3072 484 3127 ut
505 3059 624 3148 aliquid
645 3065 769 3148 cogitet.
811 3067 887 3127 Nam
909 3062 995 3148 quod
1016 3061 1165 3127 testificor
1185 3081 1237 3126 me
1256 3070 1416 3147 expertem
1439 3061 1513 3129 belli
1535 3063 1641 3136 luisse,

323 3157 382 3224 etsi
417 3156 451 3223 id
476 3177 512 3222 re
541 3164 740 3243 perspectum
770 3165 834 3230 est,
866 3166 969 3222 tamen
995 3176 1034 3222 eo
1067 3155 1192 3242 scripsi,
1226 3177 1290 3242 quo
1320 3156 1352 3221 in
1384 3158 1544 3224 suadendo
1573 3158 1643 3246 plus

323 3249 518 3318 auctoritatis
546 3246 696 3313 haberem
708 3271 717 3327 ;
752 3249 927 3336 eodemque
961 3251 1111 3336 pertinet,
1149 3249 1235 3337 quod
1270 3271 1393 3315 causam
1427 3253 1495 3318 eius
1530 3251 1642 3338 probo.

325 3351 356 3412 2.
379 3343 442 3410 Sed
463 3341 539 3432 quid
561 3343 637 3408 baec
658 3349 762 3408 nuncl
790 3343 909 3408 Utinam
932 3344 1049 3431 aliquid
1069 3343 1244 3431 proiectum
1266 3347 1363 3410 essetl
1406 3350 1469 3411 Nae
1490 3367 1550 3431 ego
1568 3347 1643 3412 istas

324 3440 443 3505 litteras
475 3438 508 3503 in
536 3437 682 3504 contione
710 3437 836 3502 recitari
868 3435 978 3517 velim;
1014 3438 1166 3525 siqnidem
1187 3439 1240 3504 ille
1262 3439 1329 3526 ipse
1351 3436 1390 3504 ad
1412 3438 1545 3505 eundem
1567 3440 1643 3504 scri-

286 3533 403 3600 aobens
418 3532 450 3597 in
466 3530 592 3620 publico
607 3531 772 3619 proposuit
789 3530 951 3617 epistolam
966 3531 1067 3607 illam,
1089 3533 1122 3597 in
1138 3541 1275 3619 quaest,
1299 3554 1398 3618 „pro
1420 3533 1498 3599 tuis
1520 3532 1643 3600 rebus

325 3626 451 3712 gestis
486 3625 793 3712 amplissimis’':
830 3624 1074 3711 amplioribusne
1109 3648 1203 3714 quarn
1238 3627 1323 3702 suis,
1359 3648 1451 3714 quam
1486 3626 1643 3693 Africani?

325 3724 371 3785 Ita
392 3727 559 3805 tempestas
580 3717 711 3784 serebat
754 3717 915 3803 Siquidem
938 3719 1031 3784 etiam
1053 3741 1109 3786 vos
1136 3719 1199 3785 duo
1221 3721 1298 3786 tales
1319 3719 1359 3785 ad
1381 3721 1522 3807 quintum
1543 3722 1643 3787 milia·

324 3813 425 3880 rium:
447 3812 553 3900 „quid
574 3829 658 3878 nunc
677 3813 780 3900 ipsum
799 3812 884 3876 unda
905 3833 939 3877 se
959 3813 1139 3900 recipienti,
1162 3813 1237 3900 quid
1258 3813 1372 3902 agenti,
1394 3815 1470 3901 qnid
1491 3819 1643 3880 acturol”

334 4031 338 4038 '
395 4033 422 4082 2.
439 4038 523 4096 porat
541 4031 580 4084 M·
604 4058 638 4068 -
673 4032 794 4082 Picenum
810 4043 860 4082 auo
876 4034 1001 4084 amiserat
1019 4040 1130 4084 auctora
1156 4035 1279 4086 Ernestio
1303 4033 1471 4086 Sebuelalns.
1508 4035 1644 4090 (Necessa-

327 4104 398 4154 rium
419 4107 542 4153 nonest.
562 4099 628 4164 On.)
655 4128 684 4139 -
722 4103 829 4152 miserat
848 4116 888 4165 pr.
908 4104 945 4154 Μ.
975 4127 1005 4140 -
1042 4105 1069 4155 3.
1088 4117 1354 4176 απροσηγορητους
1372 4105 1403 4156 a.
1428 4131 1462 4142 -
1496 4106 1523 4156 t.
1544 4105 1645 4168 experri

327 4189 368 4240 pr.
399 4173 437 4225 Μ.
466 4198 498 4209 -
536 4174 607 4222 tanti
637 4185 668 4222 oc
695 4178 750 4222 tom
776 4173 798 4222 l.
825 4197 859 4208 -
895 4174 922 4224 5.
941 4174 1071 4241 affulsisse
1098 4189 1129 4224 es
1155 4175 1196 4226 Pil
1216 4175 1416 4226 Commentario
1435 4177 1592 4226 Lambinus.
1613 4199 1642 4210 -

327 4245 354 4296 3.
374 4240 420 4306 oct]
441 4243 472 4295 ob
491 4241 597 4294 «Prisca
616 4243 809 4306 exemplaria.»
829 4241 904 4293 Pras.
924 4268 955 4279 -
991 4245 1054 4305 tlte,
1072 4247 1115 4295 vir
1132 4247 1177 4310 put
1194 4245 1327 4297 Orellinr:
1346 4247 1390 4297 tlte
1406 4249 1463 4308 atr,
1481 4248 1526 4310 put
1546 4246 1643 4308 Vulgo.

327 4337 361 4352 -
379 4315 407 4365 7.
425 4309 510 4365 ταῦθ’
531 4309 786 4364 Victoriusaaoa'tb’
805 4313 836 4364 E.
874 4311 1062 4375 (Horatbvvov
1091 4329 1252 4385 εστωτιχρη
1272 4333 1322 4366 και
1341 4314 1542 4381 παλαμασθων
1559 4315 1646 4382 δητεν

327 4401 396 4452 apoc
420 4399 476 4434 καν
499 4381 714 4435 τεκταινεσθων
731 4397 765 4434 το
784 4399 841 4456 γαρ
859 4397 928 4443 sape
951 4399 1043 4448 τεμου
1061 4383 1155 4435 πολλα
1177 4401 1290 4458 χαιρειν
1313 4402 1353 4438 τω
1375 4385 1473 4445 nalo.
1506 4387 1594 4437 verbis
1611 4387 1645 4436 At

326 4456 371 4506 itta
394 4454 442 4504 titt
459 4454 578 4515 omissis,
608 4450 654 4517 lt.)
683 4476 718 4486 -
754 4453 812 4503 πᾶν
837 4452 993 4504 Victoriana
1012 4455 1118 4518 primae
1147 4453 1230 4507 πάντ’
1256 4457 1286 4506 lt.
1312 4455 1376 4521 (δητ
1400 4472 1432 4507 εν
1454 4473 1521 4522 apoc
1539 4452 1588 4518 nt.)
1612 4479 1646 4494 -

328 4525 371 4576 10.
393 4524 441 4575 tibi
458 4537 513 4574 orn.
534 4525 557 4574 l.
589 4549 621 4560 -
657 4518 751 4584 dicam]
771 4525 860 4574 dicetis
878 4523 900 4572 l.
930 4547 962 4560 -·
1001 4526 1044 4576 11.
1064 4538 1089 4575 se
1107 4527 1217 4576 traduce
1242 4526 1286 4587 Μ,
1313 4526 1452 4577 tradidisse
1468 4539 1494 4576 sc
1512 4525 1534 4577 l.
1563 4551 1591 4563 -
1630 4539 1646 4574 o

327 4591 392 4659 rem]
414 4609 442 4645 eo
461 4608 502 4658 pr.
522 4592 562 4643 Μ.
583 4617 613 4630 -
652 4593 695 4643 12.
714 4594 871 4644 minorem.
890 4593 967 4645 Mill·
1004 4593 1150 4658 (Insertum
1169 4603 1210 4647 est
1228 4610 1243 4646 e
1261 4597 1334 4648 Bosii
1352 4595 1449 4656 cosa.)
1469 4620 1500 4633 -
1536 4596 1647 4646 scribom

327 4679 381 4716 noa
398 4665 489 4715 babeo·
528 4665 597 4714 Tuos
616 4664 638 4712 1.
659 4685 690 4699 -
726 4661 770 4712 16.
790 4677 841 4714 casa
858 4664 948 4714 scribis
965 4666 997 4716 lt.
1016 4691 1046 4701 -
1075 4665 1118 4718 17.
1135 4664 1186 4730 En]
1205 4681 1288 4717 mcum
1307 4680 1348 4732 pr.
1366 4665 1404 4716 Μ.
1424 4687 1458 4702 -
1500 4666 1545 4716 20.
1563 4674 1646 4716 motu-

327 4749 386 4786 rum
404 4735 436 4784 n.
456 4755 490 4770 -
530 4735 574 4794 tat,
594 4734 630 4785 nd
655 4733 724 4796 qaod
749 4731 812 4783 Aac.
840 4745 895 4784 sec.
925 4758 956 4771 -
992 4735 1035 4788 21.
1055 4749 1111 4786 cum
1129 4733 1196 4799 eam]
1222 4751 1296 4801 mem
1320 4751 1360 4802 pr.
1388 4737 1432 4797 Μ,
1459 4750 1511 4800 quo
1537 4751 1594 4788 eum
1612 4734 1646 4785 lil

328 4811 355 4856 et
378 4818 448 4856 corr·
474 4805 512 4856 Μ.
543 4829 572 4842 ·-
610 4803 655 4853 22.
683 4799 948 4868 mai1quotllosins‚
974 4807 1019 4869 poi
1037 4807 1088 4858 ΜΙ.
1121 4831 1152 4842 -
1188 4808 1229 4858 25,
1251 4803 1391 4870 expertem]
1410 4821 1443 4857 cn
1458 4815 1535 4869 parta
1555 4807 1587 4856 ll.
1615 4829 1645 4842 -

328 4875 373 4926 26.
393 4871 451 4937 etsi]
471 4875 549 4924 sill.
571 4896 601 4909 -
638 4872 681 4922 28.
701 4869 766 4935 Noc]
786 4887 832 4922 nec
849 4873 909 4924 llll.
941 4897 969 4908 -
1007 4875 1051 4926 31.
1071 4877 1241 4939 amplioribus
1257 4893 1368 4941 nsquam
1387 4891 1427 4941 pr.
1447 4875 1493 4933 Μ,
1511 4877 1647 4940 ampliori-

274 4993 280 5005 ,
326 4945 403 4995 barve
422 4958 501 5008 paam
518 4945 541 4994 ll
560 4951 584 4994 et
603 4957 673 4992 corr·
692 4943 730 4995 Μ.
753 4967 783 4979 -
820 4943 863 4993 32.
884 4942 1032 5008 temperem]
1052 4953 1151 5007 tempus
1168 4945 1241 4996 ltllll.
1280 4945 1325 5010 (tlt
1343 4961 1409 5008 nos,
1429 4947 1524 4997 Bosius
1543 4944 1645 5008 tacite.)

328 5015 446 5135 {pm-'⁸
465 5014 487 5142 l).
521 5039 549 5050 -
587 5012 631 5064 33.
655 5014 718 5078 quid
734 5009 814 5076 nunc]
845 5018 913 5078 puori
934 5015 970 5064 att
1001 5029 1071 5066 name
1091 5017 1156 5078 ΜΙ,
1186 5017 1256 5080 quod
1282 5017 1318 5067 orl
1345 5018 1412 5068 buna
1437 5017 1469 5068 a.
1514 5016 1647 5080 (Correxit

352 5096 472 5135 seorsus.
