3628 5876
605 451 680 514 LIB.
701 452 782 516 Vlll.
823 453 883 517 ΕΡ.
907 453 956 517 10.
980 451 1030 515 13.
1053 451 1103 516 it.
1455 451 1516 514 130

189 611 261 696 lege
282 607 360 676 mibi
380 618 537 696 ponerent
557 619 785 687 accusatorem,
818 609 1000 696 compellari
1022 632 1060 676 ea
1080 610 1150 698 lege
1172 629 1224 676 me
1245 612 1433 689 voluerunt,
1455 631 1517 702 qna

191 705 300 771 dicere
328 725 392 770 non
424 713 583 791 poterant:
620 704 855 771 insolentissimi
882 704 1024 772 bomines
1052 711 1182 772 summis
1209 706 1407 774 Circensibus
1434 707 1517 773 ludis

190 800 271 864 meis
294 798 515 885 postulandum
537 820 587 863 me
610 799 678 884 lege
701 800 856 866 Scantinia
876 809 996 866 curant.
1051 799 1115 867 Vix
1136 800 1196 866 hoc
1218 809 1286 865 erat
1314 801 1389 867 Pola
1412 801 1518 867 elocu-

192 903 263 966 tus,
298 915 370 958 curn
399 913 460 977 eqo
488 891 624 979 Appium
643 914 806 959 censorem
837 893 946 959 eadem
969 895 1038 979 lege
1060 894 1227 981 postulavi.
1284 895 1378 973 Quod
1404 896 1517 961 melius

192 987 336 1062 caderet,
359 985 436 1051 nibil
456 985 531 1052 ridi.
574 991 651 1052 Nam
670 987 716 1052 sic
741 997 788 1052 est
807 1008 826 1052 a
850 988 969 1074 populo
989 999 1021 1055 et
1040 1009 1104 1054 uon
1125 988 1234 1054 intimo
1256 1010 1382 1076 quoque
1404 1007 1541 1075 appro-³

191 1079 319 1156 batum,
352 1089 389 1145 ut
415 1080 568 1146 maiorem
603 1080 705 1167 Appio
738 1080 880 1146 dolorem
915 1083 997 1146 lama
1034 1103 1128 1168 mam
1164 1081 1334 1168 postulatio
1370 1082 1518 1148 attulerit.

191 1179 361 1240 Praeterea
383 1175 474 1262 coepi
499 1175 663 1251 sacellum,
689 1177 723 1241 in
743 1175 838 1242 domo
860 1177 946 1262 quod
966 1186 1028 1251 est,
1052 1174 1090 1240 ab
1110 1197 1150 1240 eo
1172 1185 1289 1262 petere.
1333 1180 1364 1241 l.
1388 1180 1521 1241 Contur

192 1267 247 1332 bat
269 1289 319 1331 me
340 1289 431 1334 mora
449 1268 532 1334 servi
551 1269 662 1342 buius,
685 1269 739 1356 qui
762 1269 819 1334 tibi
845 1269 963 1335 litteras
989 1268 1100 1335 attulit.
1143 1275 1221 1334 Nam
1242 1270 1376 1356 acceptis
1403 1267 1520 1355 priori·

192 1360 253 1426 bus
272 1361 384 1426 litteris
404 1362 536 1448 amplius
551 1361 758 1449 quadraginta
775 1366 896 1428 mansit.
941 1363 1026 1441 Quid
1046 1362 1104 1428 tibi
1119 1361 1270 1437 scribam,
1292 1362 1409 1428 nescio.
1453 1362 1520 1428 Seis

193 1455 334 1521 Domitio
357 1453 582 1541 [comitiorum]
606 1456 688 1522 diem
708 1458 816 1522 timori
830 1479 907 1522 esse.
952 1464 995 1523 Te
1012 1467 1160 1544 exspecto
1183 1455 1272 1521 valde
1294 1466 1326 1521 et
1346 1476 1441 1542 quam
1455 1453 1521 1541 pri·
1532 1473 1558 1514 ro

193 1570 281 1614 mum
302 1549 412 1616 videre
429 1550 533 1635 cupio.
575 1555 654 1616 Ate
676 1559 763 1637 peto,
792 1561 828 1616 ut
848 1572 934 1616 meas
954 1552 1086 1618 iniurias
1108 1552 1240 1638 proinde
1263 1551 1386 1628 doleas,
1409 1561 1445 1617 ut
1466 1569 1517 1616 me

195 1643 358 1710 existimas
381 1654 414 1709 et
435 1643 544 1710 dolere
565 1654 597 1710 et
617 1645 727 1710 ulcisci
747 1655 816 1711 tuas
838 1646 952 1711 solere.

656 1789 744 1851 rur.
786 1785 835 1870 (Α.
861 1790 894 1851 u.
917 1789 949 1854 a.
971 1785 1057 1871 roc.)
1114 1749 1121 1768 ’

645 1903 806 1966 naeuus
829 1902 1013 1966 ereuaour
1035 1903 1070 1965 s,

283 2024 313 2086 1.
335 2018 485 2086 Gratulor
506 2017 563 2083 tibi
584 2019 731 2085 affinitate
759 2021 822 2087 viri
843 2020 1057 2087 mediusfidius
1079 2021 1204 2108 optimi;
1227 2042 1299 2086 nam
1319 2020 1381 2086 boc
1401 2040 1461 2106 ego
1482 2019 1561 2085 de¹³

196 2113 254 2180 illo
282 2112 440 2178 existima.
489 2116 600 2178 Cetera
633 2133 749 2199 porro,
783 2114 898 2201 quibus
924 2116 1025 2181 adbuc
1046 2116 1098 2180 ille
1121 2115 1181 2181 sibi
1203 2134 1315 2201 parum
1337 2115 1421 2180 utilis
1443 2113 1522 2186 fuit,

197 2219 230 2274 et
250 2218 351 2274 aetate
372 2206 435 2273 iam
460 2217 532 2272 sunt
554 2207 704 2282 decussa,
741 2218 773 2273 et
788 2209 1013 2275 consuetudine
1036 2219 1128 2297 atque
1154 2210 1338 2277 auctoritate
1360 2218 1428 2284 tua,
1467 2229 1525 2294 pu-

197 2302 277 2368 dore
299 2301 434 2373 lulliae,
468 2300 495 2365 si
517 2321 579 2387 qua
600 2301 777 2376 restabunt,
800 2303 925 2368 conlido
947 2305 1093 2370 celeriter
1117 2303 1272 2369 sublatum
1294 2303 1344 2369 iri.
1387 2308 1456 2369 Non
1478 2311 1526 2368 est

198 2397 284 2463 enim
309 2417 437 2482 pugnax
465 2395 497 2460 in
518 2395 602 2461 vitiis
628 2416 731 2482 noque
754 2394 850 2462 hebes
874 2398 913 2464 ad
937 2398 988 2474 id,
1024 2398 1109 2485 quod
1128 2399 1240 2464 melius
1257 2396 1313 2470 sit,
1350 2395 1525 2481 intelligen-

198 2492 286 2561 dum.
329 2489 512 2556 Deinde-
536 2488 621 2574 quod
644 2490 816 2554 maximum
838 2501 886 2556 est
910 2527 946 2540 -
969 2513 1028 2578 ego
1051 2492 1137 2556 idum
1159 2491 1250 2556 valde
1272 2511 1355 2556 amo.
1409 2494 1439 2557 0.
1461 2496 1563 2558 v0.sa

198 2587 262 2660 les,
293 2585 420 2658 Cicero,
455 2582 623 2650 Curionem
645 2591 787 2649 nostrum
809 2585 928 2650 lautum
949 2585 1184 2658 intercessionis
1205 2584 1245 2650 de
1266 2583 1437 2670 provinciis
1459 2581 1526 2648 exi-

199 2691 266 2745 tum
293 2677 449 2743 babuisse.
491 2681 568 2742 Nam
585 2697 657 2742 cum
679 2676 718 2742 de
739 2678 962 2743 intercessione
987 2677 1178 2753 referretur,
1201 2699 1282 2764 quae
1305 2677 1417 2742 relatio
1432 2674 1527 2747 fiebat

200 2797 242 2839 ex
265 2783 391 2838 senatus
420 2772 579 2844 consulto,
614 2771 779 2858 primaque
799 2777 841 2836 M.
863 2772 1001 2838 Marcelli
1024 2773 1174 2860 sententia
1199 2770 1398 2858 pronuntiata
1426 2777 1525 2842 esset,

200 2867 256 2955 qui
274 2865 429 2952 agendum
452 2887 523 2932 cum
552 2865 685 2931 tribunis
710 2868 752 2952 pt.
774 2866 935 2940 censebat,
965 2867 1113 2954 frequens
1133 2876 1258 2932 senatus
1280 2864 1313 2928 in
1341 2865 1401 2930 alia
1421 2863 1527 2928 omnia

200 2962 247 3027 iit.
291 2961 459 3026 Stomacho
482 2969 528 3026 est
551 2959 679 3044 [scilicet
696 2961 875 3046 Pompeius]
899 2967 1030 3047 Magnus
1050 2983 1133 3028 nunc
1154 2962 1198 3026 ita
1219 2957 1392 3044 languenti.
1415 2964 1450 3022 ut
1470 2955 1563 3020 vina

201 3054 250 3130 id,
280 3055 367 3143 quod
395 3052 456 3120 sibi
478 3055 617 3141 placeat,
646 3054 794 3140 reperiat.
851 3057 1051 3121 Transierant
1071 3056 1159 3129 illuc,
1196 3065 1231 3120 ut
1251 3053 1333 3118 ratio
1354 3058 1437 3116 esset
1459 3049 1527 3114 eius

202 3148 359 3225 habenda,
392 3149 447 3237 qui
469 3170 572 3235 neque
593 3147 768 3214 exercitum
788 3169 892 3236 neque
913 3149 1092 3236 provincias
1112 3148 1261 3215 traderet.
1316 3141 1527 3222 Quemadmo-

203 3244 279 3309 dum
298 3243 359 3308 boe
380 3243 550 3329 Pompeius
580 3243 700 3308 laturus
729 3242 789 3318 sit,
823 3264 896 3308 cum
921 3252 1108 3329 cognoscat,
1144 3240 1293 3329 quidnam
1315 3235 1527 3323 reipublicae

203 3336 345 3403 mimum
367 3336 429 3412 sit,
454 3341 480 3402 si
501 3343 515 3368 ¹
531 3341 570 3368 ¹*
592 3345 730 3402 autnon
752 3346 854 3410 curet,
877 3358 935 3403 vos
957 3360 1047 3404 senes
1068 3337 1180 3404 divites
1201 3333 1352 3402 videritis.
1396 3333 1528 3409 Q.llor·

205 3436 338 3506 tensius,
361 3451 433 3496 uum
454 3430 510 3497 bas
527 3430 652 3497 litteras
673 3431 801 3516 scripsi,
823 3431 958 3496 mimam
979 3431 1100 3518 agebat.
1537 3441 1565 3481 ⁸⁰

671 3575 751 3636 XIV.
795 3568 843 3654 (A.
869 3575 901 3636 U.
925 3575 958 3636 C.
979 3571 1064 3655 704.)

660 3688 821 3751 CAELIUS
844 3686 1028 3750 CICERONI
1050 3687 1081 3749 S.

293 3813 320 3874 l.
343 3809 432 3874 Tanti
452 3828 516 3874 non
538 3805 597 3871 mit
617 3810 753 3870 Arsacen
775 3825 903 3892 capere,
937 3805 1118 3870 Seleuceam
1140 3823 1340 3891 expugnare,
1362 3810 1528 3868 uteorum

206 3925 334 3977 rerum,
362 3923 443 3990 quae
465 3901 516 3967 bic
537 3909 643 3986 gestae
664 3909 755 3974 sunt,
793 3900 970 3986 spectaculo
999 3919 1132 3964 careres.
1186 3903 1349 3984 Nunquam
1367 3895 1424 3961 tibi
1446 3893 1530 3960 oculi

207 3997 394 4070 doluissent,
428 3997 455 4062 si
483 3996 515 4061 in
542 3995 668 4082 repulsa
695 3994 824 4060 Domitii
852 3995 973 4060 vultum
1000 3993 1142 4058 vidisses.
1197 3997 1307 4076 Magna
1331 3991 1382 4054 illa
1404 3988 1568 4054 comitiae

278 4201 304 4250 1.
330 4205 437 4262 poneret
463 4198 502 4247 Μ.
531 4221 562 4232 -
599 4197 750 4261 compellari
767 4198 796 4246 tn
814 4209 845 4246 ea
862 4195 900 4244 Μ.
932 4219 961 4230 -
1002 4194 1030 4243 2.
1056 4192 1253 4242 imolenttsaime
1271 4191 1309 4242 Μ.
1340 4215 1370 4225 -
1410 4189 1437 4240 3.
1453 4188 1532 4251 polae

209 4271 308 4320 loeutus
324 4269 362 4319 Μ.
395 4293 427 4304 -
463 4267 489 4317 0.
508 4264 558 4329 me]
577 4267 665 4318 nelli.
694 4290 725 4302 -
772 4266 799 4317 0.
819 4265 999 4329 quadruplata
1017 4265 1070 4313 dies
1089 4263 1183 4312 Ambr.
1205 4260 1247 4311 tt.
1267 4275 1282 4310 s
1303 4273 1358 4310 sec.
1378 4273 1415 4310 m.
1453 4259 1532 4307 l'rse·

209 4347 259 4390 stet
278 4340 312 4390 D.
335 4335 411 4402 (alter)
429 4339 618 4402 quadroqs'nta.
638 4337 688 4388 Oa.
712 4359 740 4372 -
779 4337 821 4387 10.
842 4335 959 4385 Domitio
977 4334 1139 4383 comitiorum
1157 4333 1223 4382 diem
1241 4332 1397 4381 Weislilus:
1417 4329 1532 4379 Domitio

209 4413 275 4462 diem
293 4409 355 4460 ME.
388 4432 418 4444 -·
456 4409 546 4458 timori
572 4421 633 4457 esse.
673 4407 705 4457 Te
732 4414 849 4470 suspecto
874 4405 930 4454 Va:
961 4410 1079 4454 tumeam
1106 4411 1143 4453 est
1161 4409 1279 4464 suspecto
1299 4401 1343 4462 Μ,
1362 4401 1451 4450 timori
1469 4410 1531 4448 esse.

209 4483 337 4544 Exspecto
356 4485 380 4528 te
400 4477 429 4528 ll.
458 4503 493 4513 -
530 4479 572 4528 11.
590 4477 702 4540 proinde
720 4476 765 4527 lla
783 4475 890 4539 perinde
909 4474 938 4524 E.
968 4498 998 4509 -
1036 4471 1373 4523 taruannensi·
1411 4469 1454 4518 15.
1474 4468 1533 4533 affi-

208 4553 319 4601 nitatem
337 4549 494 4598 Lambinus.
520 4573 551 4583 ·-
590 4547 632 4597 17.
653 4549 758 4597 maurae
775 4546 902 4596 Colucius
921 4544 1072 4594 Salutatus:
1092 4545 1123 4593 de
1142 4556 1221 4593 causo
1239 4541 1286 4602 Μ,
1314 4541 1421 4590 dacum
1439 4539 1469 4588 ll.
1501 4559 1533 4572 -

208 4619 371 4686 predarebls
392 4619 532 4681 etpadors
552 4617 581 4667 ll.
603 4641 634 4652 -
672 4618 714 4667 10.
734 4615 856 4667 babesllt
878 4622 904 4666 et
923 4615 1037 4664 Ernestii
1056 4627 1166 4676 operae.
1187 4639 1216 4650 -
1255 4612 1299 4661 10.
1322 4610 1411 4670 l'olea,
1432 4609 1533 4669 Cicera,

212 4693 348 4742 Curionem
368 4689 416 4740 bl:
450 4689 529 4738 Valles
554 4687 583 4738 C.
612 4688 747 4737 Curionem
774 4687 805 4737 u.
828 4711 856 4722 -
907 4685 950 4734 21.
970 4686 1162 4735 intercessiones
1179 4683 1217 4732 Μ.
1236 4705 1268 4718 -
1306 4682 1415 4731 salttum
1432 4680 1469 4729 Μ.
1503 4701 1535 4712 -

211 4763 300 4812 iude
323 4774 379 4810 om.
399 4759 437 4808 Μ.
457 4782 491 4793 -
528 4758 572 4808 iat.
594 4758 713 4808 tubaniae
730 4757 768 4809 Μ.
790 4781 819 4792 -
856 4755 1058 4806 assumento
1080 4750 1300 4818 eat]Stomacbur
1316 4751 1354 4802 Μ.
1374 4773 1404 4784 -
1441 4747 1534 4798 scilieet

212 4831 349 4895 Pompeius
378 4834 489 4880 auctore
522 4829 644 4878 Manutio
671 4828 736 4877 secl.
768 4825 895 4878 Orellius.
915 4853 948 4862 -
984 4826 1028 4876 aa.
1046 4823 1169 4888 placeant
1187 4822 1225 4875 Μ.
1246 4845 1276 4856 -
1313 4827 1342 4870 ut
1360 4821 1464 4870 ratione
1481 4821 1535 4868 eiua

213 4902 331 4952 leoena
361 4902 405 4964 qui
432 4901 573 4950 mauram
598 4898 635 4949 Μ.
669 4923 700 4933 -
736 4897 781 4946 07.
809 4897 922 4946 traderet
942 4895 1000 4945 Vb:
1028 4895 1133 4945 tradere
1159 4892 1204 4954 Μ,
1236 4891 1340 4942 tradere
1357 4889 1433 4940 uellet
1449 4889 1480 4939 la.
1500 4912 1535 4922 -

214 4973 257 5023 08.
284 4974 388 5021 lotum
416 4971 464 5020 iste
489 4983 547 5019 cum
575 4981 728 5034 copnoacarn
754 4967 791 5016 Μ.
822 4991 850 5002 -
889 4967 933 5016 00.
958 4969 1062 5031 {tutunus
1083 4965 1122 5016 Μ.
1143 4989 1175 5000 -
1210 4963 1233 5011 aa*
1254 4969 1300 5012 out
1318 4975 1372 5009 non
1387 4962 1471 5022 possit
1488 4963 1535 5008 aas

213 5057 266 5092 oon
283 5047 354 5091 uarat
372 5039 411 5100 ll,
442 5041 465 5089 at
489 5053 543 5088 ooo
567 5046 638 5089 curet
662 5036 854 5098 Pantagathus.
891 5037 964 5086 Fort.
991 5038 1101 5085 sicuret
1119 5039 1166 5084 aar
1184 5047 1239 5082 ann
1256 5037 1341 5091 curet,
1363 5029 1406 5080 ael
1423 5030 1446 5079 si
1464 5033 1535 5081 curat

218 5120 261 5164 sut
278 5125 350 5169 noo,
371 5109 489 5174 simplici
508 5109 728 5174 transpositione.
747 5107 799 5160 Oa.
818 5131 852 5142 --
888 5107 932 5158 00.
952 5106 1095 5158 Salamara
1113 5104 1157 5157 ll:
1177 5101 1320 5154 Seleuciam
1338 5100 1369 5151 li.
