3662 5892
323 477 385 538 772
825 475 884 536 ΕΡ.
906 476 957 536 Al)
980 475 1137 538 BRUTUM

324 631 436 698 liitiose
465 629 593 709 iecisse3
628 629 682 716 qui
712 628 956 695 valentissimum
983 631 1151 696 Antonium
1179 630 1338 716 suscipere
1365 652 1425 718 pro
1456 654 1494 697 re
1529 631 1694 719 publiea

324 757 386 802 non
409 733 559 802 dubitarit
576 734 746 800 inimicum.
782 733 909 809 Nescio,
932 732 1008 820 quid
1029 733 1163 798 scribam
1187 733 1260 809 tibi,
1283 734 1342 800 nisi
1364 757 1482 801 unum:
1506 737 1623 822 pueri
1655 748 1696 800 et

323 829 525 917 cupiditatem
556 841 587 894 et
614 828 770 893 licentiam
801 827 904 912 potius
926 847 994 892 esse
1022 827 1173 894 irritatam
1203 849 1296 914 quam
1322 849 1500 914 repressam
1528 851 1548 894 a
1575 832 1693 897 Cice·

324 923 416 1001 roneT;
445 933 625 1011 tantumque
653 943 725 988 eum
753 921 892 987 tribuere
920 921 993 988 buic
1021 921 1246 1005 indulgentiae,
1276 931 1310 987 ut
1333 944 1367 987 se
1389 923 1572 988 maledictis
1602 944 1693 988 nou

302 1016 492 1090 substineat,
523 1017 562 1084 iis
584 1016 726 1104 quidem,
756 1037 836 1102 quae
859 1015 890 1080 in
913 1015 1014 1101 ipsum
1036 1015 1202 1100 dupliciter
1224 1016 1382 1092 recidunt,
1412 1017 1501 1104 quod
1532 1027 1568 1083 et
1594 1019 1694 1104 plu-

325 1133 377 1176 res
406 1111 519 1176 occidit
539 1135 621 1184 uno,
652 1131 755 1197 seque.
776 1110 864 1195 prius
893 1119 1020 1195 oportet
1048 1109 1182 1174 fateatur
1208 1111 1368 1185 sicarium,
1398 1133 1492 1196 quam
1523 1110 1690 1178 obiiciat

326 1213 454 1280 Cascae,
479 1206 563 1292 quod
585 1204 707 1282 obiicit;
730 1214 761 1268 et
782 1205 921 1268 imitatur
943 1203 976 1268 in
999 1207 1093 1269 Casca
1115 1205 1260 1269 Bestiam.
1296 1210 1343 1269 An
1366 1206 1528 1291 quianon
1554 1206 1689 1270 omni-

326 1298 384 1364 bus
414 1300 499 1364 horis
526 1300 674 1364 iactamus
702 1298 774 1364 ldus
796 1297 937 1372 Martias,
968 1297 1110 1363 similiter
1139 1307 1231 1384 atquc
1257 1297 1310 1363 ille
1333 1304 1433 1364 Nonas
1455 1299 1685 1364 Decembres

327 1416 398 1460 suas
426 1397 457 1460 in
480 1417 536 1460 ore
558 1393 667 1469 babet,
696 1414 735 1458 eo
758 1392 889 1457 meliore
917 1391 1100 1457 condicione
1124 1393 1233 1456 Cicero
1262 1393 1509 1479 pulcherrimum
1534 1393 1681 1462 factum

292 1524 317 1564 m
327 1488 531 1576 vituperabit,
555 1509 648 1574 quam
669 1487 771 1552 Bestia
794 1497 823 1552 et
839 1485 965 1552 Clodius
987 1485 1218 1572 reprehendere
1240 1487 1323 1552 illius
1345 1488 1543 1554 consulatum
1572 1487 1681 1553 soliti

326 1589 418 1647 sunt‘l
441 1587 471 1647 2.
493 1583 682 1647 Sustinuisse
705 1581 780 1644 mibi
802 1580 954 1666 gloriatur
977 1579 1091 1646 bellum
1114 1581 1238 1645 Antonii
1261 1591 1381 1666 togatus
1398 1583 1508 1647 Cicero
1532 1593 1677 1647 noster.

327 1675 411 1754 Quid
433 1677 493 1741 hoc
514 1675 591 1740 mihi
614 1675 758 1761 prodest,
788 1675 814 1738 si
842 1695 963 1739 merces
989 1675 1114 1740 Antonii
1137 1675 1278 1760 oppressi
1301 1677 1441 1760 poscitur
1466 1676 1498 1740 in
1522 1676 1676 1740 Antonii

325 1770 429 1836 locum
452 1770 622 1848 successim
646 1771 724 1835 etsi
747 1769 861 1834 vindex
883 1770 967 1834 illius
989 1770 1075 1844 mali,
1099 1767 1208 1835 auctor
1229 1771 1348 1835 exstitit
1369 1771 1512 1843 alterius,
1536 1769 1672 1835 sunda-

326 1875 464 1931 mentum
487 1874 518 1930 et
538 1865 660 1930 radices
683 1863 817 1929 babituri
840 1864 982 1937 altiores,
1005 1864 1032 1929 si
1054 1866 1230 1949 patiamur?
1259 1874 1293 1929 ut
1314 1871 1376 1930 iam
1397 1864 1470 1936 ista,
1499 1885 1590 1948 quae
1616 1863 1669 1928 sa-

291 1958 384 2033 fficit,
407 1958 666 2031 dominationem,
689 1979 728 2022 an
743 1957 921 2031 dominum,
944 1979 982 2022 an
997 1957 1164 2022 Antonium
1188 1958 1322 2023 timentis
1344 1958 1416 2023 sint.
1454 1961 1520 2041 Ego
1544 1967 1666 2021 autem

327 2053 456 2137 gratiam
480 2073 542 2118 non
565 2051 682 2128 habeo,
705 2053 838 2139 siquis,
862 2051 953 2126 dum,
977 2071 1015 2116 ne
1038 2051 1118 2115 irato
1141 2053 1272 2126 serviat,
1298 2073 1366 2117 rern
1388 2053 1486 2138 ipsam
1508 2071 1576 2115 uon
1603 2049 1666 2114 de-

327 2159 485 2233 precatur.
528 2151 627 2212 Immo
651 2146 828 2232 triumphus
851 2155 882 2210 et
905 2145 1108 2230 stipendiumi
1136 2155 1167 2211 et
1188 2146 1332 2212 omnibus
1354 2146 1487 2212 decretis
1513 2145 1663 2225 iborta-

326 2243 421 2308 tionis
449 2241 564 2328 pudeat
585 2241 805 2326 concupiscere
827 2239 1001 2314 fortunam,
1031 2239 1120 2305 cuins
1149 2261 1262 2306 nomen
1289 2241 1474 2325 susceperit,
1504 2239 1660 2306 consula-

326 2335 386 2409 ris,
408 2343 443 2399 ut
457 2337 616 2400 Ciceronis
639 2340 705 2400 est‘l
728 2339 758 2400 3.
782 2333 939 2411 Quoniam
962 2332 1039 2398 mihi
1061 2345 1164 2398 tacere
1186 2356 1248 2400 non
1267 2335 1370 2409 licuit,
1393 2335 1475 2420 leges
1490 2355 1574 2420 qaae
1593 2333 1658 2400 tibi

289 2450 454 2506 praecesse
477 2438 525 2494 est
545 2429 677 2494 molesta
698 2447 777 2492 esse.
819 2426 942 2490 Etenim
963 2427 1030 2510 ipsc
1053 2433 1166 2500 sentio,
1198 2441 1315 2513 quanto
1344 2429 1548 2495 cumdolore
1571 2427 1659 2492 baec

326 2520 365 2587 ad
388 2521 642 2620 te‘scripserim,
670 2541 728 2584 nec
748 2520 876 2604 ignoro,
906 2517 982 2603 quid
1003 2523 1117 2585 sentias
1146 2521 1234 2586 inre
1256 2522 1395 2608 publiea,
1426 2535 1456 2588 et
1478 2543 1572 2609 quam
1595 2522 1658 2586 de-

327 2627 481 2703 speratam
504 2636 631 2703 quoque
653 2618 756 2680 sanari
778 2623 868 2699 putes
890 2633 993 2698 posse.
1037 2619 1100 2678 Nec
1121 2615 1299 2682 mehercule
1323 2627 1366 2690 te,
1396 2617 1510 2690 Attice,
1538 2637 1657 2701 repre·

327 2711 439 2776 lrendo.
481 2715 574 2775 Aetas
595 2709 696 2782 enim,
719 2729 838 2783 mores,
862 2705 953 2773 liberi
975 2727 1101 2792 segnem
1124 2710 1276 2787 efficiunt;
1299 2711 1382 2797 quod
1406 2710 1532 2797 quidem
1553 2711 1654 2775 etiam

326 2829 367 2872 ex
395 2805 501 2872 Flavio
527 2813 637 2868 nostro
664 2802 823 2888 perspexi.
868 2805 899 2868 d.
929 2802 989 2867 Sed
1019 2805 1116 2869 redeo
1144 2803 1183 2869 ad
1214 2805 1405 2870 Ciceronem.
1454 2803 1537 2882 Quid
1566 2804 1656 2867 inter

288 2898 539 2976 epsalridienum
566 2906 597 2962 et
617 2918 689 2962 eum
712 2897 860 2962 interestl
894 2896 977 2973 Quid
1000 2907 1103 2962 autern
1126 2898 1258 2984 amplius
1281 2899 1332 2963 illc
1355 2899 1559 2964 decerneret‘l
1598 2898 1654 2962 Ti·

326 3003 402 3068 met,
425 2993 562 3079 inquies,
586 2993 763 3058 etiamnunc
784 2990 933 3076 reliquias
955 2989 1029 3057 belli
1050 2992 1160 3058 civilis.
1203 2993 1374 3078 Quisquam
1397 3013 1474 3078 ergo
1496 2993 1538 3058 ita
1559 2993 1652 3056 timet

325 3086 541 3174 profligatum,
570 3095 605 3152 ut
626 3107 728 3172 neque
750 3085 920 3172 potentiam
943 3086 1025 3162 eius,
1054 3087 1109 3172 qui
1138 3093 1311 3152 exercitum
1339 3089 1491 3154 victorem
1520 3086 1648 3162 habeat,

326 3202 428 3267 neque
458 3180 664 3246 temeritatem
694 3180 786 3266 pueri
806 3188 896 3265 putet
923 3180 1186 3246 extimescendam
1209 3188 1300 3246 essc‘l
1335 3187 1381 3246 An
1403 3182 1463 3247 hoc
1484 3181 1588 3268 ipsum
1611 3202 1649 3245 ca

325 3273 472 3350 refacit,
500 3274 586 3361 quod
607 3275 652 3340 illi
680 3285 811 3360 propter
832 3273 1069 3357 amplitudinem
1091 3276 1197 3341 omnia
1226 3276 1287 3340 iam
1310 3275 1457 3363 ultroque
1479 3273 1647 3339 deserenda

289 3405 317 3444 ³0
326 3375 435 3455 putati
473 3371 664 3454 Omagnam
693 3367 855 3433 stultitiam
877 3368 1014 3442 timoris,
1044 3367 1078 3434 id
1098 3369 1215 3455 ipsum,
1243 3368 1329 3456 quod
1352 3369 1503 3444 verearis,
1534 3368 1577 3433 ita
1598 3389 1649 3432 ca·

326 3485 416 3538 vere,
446 3472 496 3538 ut,
526 3484 596 3528 curn
619 3463 718 3529 vitare
740 3462 873 3528 sortasse
894 3462 1054 3546 potueris,
1084 3462 1168 3528 ultro
1196 3484 1333 3529 arcessas
1356 3473 1387 3528 et
1408 3463 1557 3529 attrabasl
1595 3461 1646 3526 h'i-

326 3558 424 3623 mium
446 3562 591 3625 timemus
612 3565 746 3622 mortem
768 3567 799 3622 et
820 3556 966 3622 exsilium
989 3566 1020 3620 et
1038 3566 1262 3642 paupertatem.
1299 3561 1383 3622 llaec
1404 3557 1480 3623 mihi
1503 3555 1649 3621 ridentur

328 3652 472 3718 Ciceroni
500 3652 608 3717 ultima
630 3673 698 3717 esse
720 3652 751 3717 in
774 3653 878 3730 malis3
908 3661 955 3728 et,
985 3651 1059 3716 dum
1082 3650 1192 3716 babeat
1219 3673 1236 3716 a
1259 3651 1374 3738 quibus
1402 3652 1546 3738 impetret
1567 3669 1649 3736 quac

329 3745 417 3820 velit,
446 3754 477 3810 et
504 3745 657 3832 aquibus
686 3747 806 3812 colatur
830 3767 867 3812 aa
887 3745 1047 3818 laudetur,
1076 3749 1273 3818 servitutem,
1303 3744 1506 3811 honorificam
1533 3742 1647 3817 modo,

292 3859 392 3916 „non
413 3849 613 3924 aspernatum
637 3839 662 3904 si
685 3841 854 3927 quidquam
876 3840 908 3904 in
923 3850 1064 3904 extrema
1086 3859 1121 3902 ac
1142 3839 1317 3904 miserrima
1339 3839 1525 3904 contumelia
1546 3846 1651 3923 potest

328 3932 536 3998 honorificum
564 3954 642 3998 esse.
686 3939 715 3999 5.
744 3933 829 3998 Licet
857 3953 933 4018 ergo
961 3940 1081 4018 patrem
1110 3933 1244 4017 appellet
1275 3935 1421 3997 Octavius
1447 3933 1648 3999 Ciceronem.

329 4024 448 4090 relerat
469 4027 587 4102 omnia,
618 4027 737 4104 landet,
766 4028 881 4113 gratias
902 4035 987 4112 agat,
1013 4035 1115 4090 tamen
1137 4024 1213 4089 illud
1235 4024 1412 4110 apparebit,
1435 4024 1531 4091 verba
1552 4023 1649 4089 rebus

331 4141 400 4184 esse
422 4121 587 4186 contraria.
633 4121 717 4200 Quid
739 4123 821 4186 enim
845 4130 906 4185 tam
929 4120 1065 4185 alienum
1092 4118 1132 4184 ab
1154 4119 1296 4184 humanis
1318 4118 1459 4184 sensibus
1482 4127 1529 4183 est
1555 4138 1649 4202 qoam

402 4277 429 4324 2.
448 4275 580 4324 dubitavit
599 4276 621 4324 1.
650 4300 681 4310 -
718 4277 744 4324 5.
765 4275 873 4324 hishll.
894 4299 925 4310 -
963 4275 1004 4324 11.
1025 4274 1186 4323 Sustinuisse
1203 4288 1229 4324 se
1245 4276 1311 4324 mihi
1330 4275 1485 4324 Lambinus.
1507 4297 1537 4308 -
1574 4280 1649 4336 topa-

333 4346 632 4396 resentirent·
672 4343 920 4406 saepsissent.
942 4371 973 4380 -
1004 4339 1398 4405 iacit]saciseamisie)1.-
1428 4345 1471 4394 15.
1492 4345 1650 4393 dominatio-

332 4427 407 4476 nem,
432 4429 468 4464 aa
484 4417 638 4475 dominum,
659 4429 695 4464 aa
713 4415 857 4464 Antoniam
880 4414 957 4464 Atttl:
984 4427 1039 4461 nara
1057 4413 1276 4472 dominationem,
1295 4429 1349 4464 non
1367 4413 1518 4474 dominam,
1538 4417 1581 4463 sed
1598 4417 1649 4463 An·

333 4487 434 4534 taniam
453 4485 477 4545 i,
498 4498 552 4534 aon
569 4487 791 4544 dominationem,
810 4486 856 4534 sed
874 4484 1008 4534 dominum
1026 4483 1169 4533 Antonium
1189 4485 1334 4534 Ernestius.
1357 4511 1386 4520 -
1413 4485 1455 4534 tr.
1475 4486 1648 4546 stipendium!

334 4563 359 4606 et
377 4556 435 4605 llllt
455 4555 612 4616 stipendium
630 4556 778 4605 decernitur
796 4560 819 4601 et
839 4555 892 4602 lili.
913 4579 944 4590 -
976 4555 1081 4604 decretis
1099 4555 1259 4603 hortationis
1277 4590 1284 4603 .
1302 4553 1401 4617 pudeat
1419 4569 1458 4618 pr.
1480 4555 1522 4604 hl:
1541 4554 1650 4604 decretis

334 4627 526 4675 hortationibus
542 4627 641 4689 pudeat
662 4639 731 4676 corr.
751 4625 793 4685 hl,
816 4625 923 4673 decretis
940 4625 1063 4674 hortator
1082 4658 1089 4672 .
1107 4625 1205 4684 pudeat
1223 4624 1259 4682 ll,
1279 4625 1386 4674 decretis
1405 4630 1518 4673 ornatur
1536 4661 1542 4675 .
1562 4625 1650 4674 laerta-

335 4695 450 4744 tianihus
465 4695 563 4758 pudeat
582 4697 610 4752 l,
631 4697 739 4745 decretis
757 4699 868 4744 ornatur
888 4729 894 4744 .
914 4695 1015 4744 Pudeat
1033 4693 1063 4743 li.
1099 4695 1210 4746 Malim:
1234 4696 1343 4744 decretis
1360 4696 1535 4750 hortationes,
1554 4703 1583 4744 ut
1602 4709 1650 4744 ust-

336 4765 407 4812 deot·
435 4765 485 4816 Oa.
513 4792 543 4802 -
581 4766 623 4816 18.
644 4761 833 4827 canmcpiscere]
854 4765 998 4826 conspicere
1017 4765 1047 4813 li·
1073 4789 1107 4798 -
1142 4767 1282 4825 susceperit
1300 4779 1336 4813 aa
1353 4765 1501 4814 consularis
1519 4773 1564 4816 aut
1583 4767 1650 4815 Cice·

336 4837 409 4883 ranis
428 4843 466 4886 est
483 4836 513 4887 li.
550 4834 658 4886 Malim:
678 4838 833 4898 susceperit:
855 4835 883 4881 id
900 4835 1048 4883 consularis
1065 4841 1112 4884 aat
1132 4837 1262 4886 Ciceronis
1280 4836 1335 4884 esti
1361 4835 1411 4884 On.
1442 4861 1469 4872 -
1509 4837 1552 4884 20.
1573 4837 1651 4886 male·

334 4909 390 4952 stas
408 4905 431 4954 Ι.
451 4931 485 4939 -
520 4905 567 4954 hoc
588 4907 608 4955 l.
634 4929 661 4943 -
697 4907 741 4955 at.
760 4907 908 4967 scripserim
925 4904 993 4954 hill:
1009 4905 1205 4966 perscripserim
1223 4905 1266 4954 lE.
1289 4929 1322 4939 -
1357 4906 1400 4953 23.
1422 4901 1511 4968 etiam]
1531 4912 1555 4955 et
1575 4907 1595 4955 l.
1618 4932 1645 4942 —

333 4973 377 5023 id.
396 4971 438 5036 ea]
457 4977 485 5024 in
504 4976 660 5025 Lambinus.
691 5001 719 5012 -
758 4977 801 5025 25·
821 4976 1000 5024 Salvidienum
1017 4973 1147 5025 Orellius:
1177 4974 1349 5025 Salvidenum
1369 4975 1467 5023 Multi.
1504 4975 1558 5024 Cir.
1579 4975 1649 5025 Ono·

333 5045 466 5094 saraticon
485 5047 511 5096 ln
532 5047 581 5096 hoc
601 5061 624 5095 r.
648 5071 674 5082 -·
708 5047 752 5094 ot.
772 5057 891 5094 accersas
909 5045 960 5096 All.
984 5069 1012 5080 —
1041 5046 1168 5096 A’imiram
1187 5047 1208 5094 l.
1231 5071 1257 5082 -
1291 5045 1334 5094 32.
1354 5043 1427 5092 Haec
1446 5045 1511 5092 mihi
1528 5047 1649 5096 videntur

333 5113 387 5165 All:
413 5114 485 5165 Haec
502 5117 622 5166 videatur
640 5115 694 5164 lili.
723 5137 755 5150 -
791 5116 834 5165 aa.
854 5111 896 5177 aa]
915 5121 939 5166 et
957 5115 990 5165 ll.
1021 5137 1048 5148 -
1085 5116 1128 5166 ³¹1.
1148 5112 1257 5178 celerat]
1276 5114 1385 5165 Malim:
1405 5113 1516 5176 deferat.
1545 5115 1597 5166 On.
