3662 5908
660 423 735 488 ult.
757 424 840 488 xm.
882 425 941 490 ΕΡ.
963 425 994 490 9.
1018 424 1067 489 1⁰.
1091 425 1140 489 ll.
1493 373 1576 492 aar

227 589 331 646 antem
356 577 553 666 temporibus
574 599 593 646 a
615 599 666 644 me
688 579 856 646 Brundisio
878 601 949 646 cum
970 580 1083 648 litteris
1105 590 1137 648 et
1157 580 1309 650 mandatis
1334 584 1493 670 proiectus
1514 585 1555 652 ad

227 678 393 741 Caesarem
422 682 485 751 est;
519 694 581 760 qua
609 673 641 739 in
669 695 705 739 re
733 684 765 739 et
792 695 933 740 amorem
962 674 1030 742 eius
1056 679 1089 740 in
1111 676 1310 762 suscipiendo
1332 680 1460 765 negotio
1481 700 1556 767 per·

226 769 317 856 speri
339 778 371 833 et
393 767 424 832 in
447 765 642 833 conficiendo
663 788 699 832 ac
720 768 928 834 renuntiando
951 766 1053 836 fidem.
1109 768 1229 836 Videor
1250 770 1342 845 mibi,
1372 793 1443 838 cum
1465 793 1556 860 sepa-

226 863 318 928 ratim
350 861 390 927 de
419 859 574 946 probitate
597 861 665 926 eius
687 873 718 927 et
738 861 881 926 moribus
903 859 1044 926 dicturus
1064 860 1214 938 fuissem,
1251 863 1277 927 si
1298 867 1387 950 prius
1409 887 1552 940 causam,

225 977 284 1022 cur
305 977 378 1021 eum
399 963 485 1020 tento
507 975 606 1040 opere
634 953 815 1040 diligerem,
847 953 903 1020 tibi
926 960 1160 1040 exposuissem,
1193 957 1226 1022 in
1248 957 1314 1044 ipsa
1341 979 1433 1025 causa
1456 968 1579 1046 expo-⁵

225 1048 328 1115 nenda
350 1050 423 1114 satis
445 1049 537 1112 etiam
560 1047 599 1113 de
619 1048 776 1135 probitate
797 1047 927 1114 dixisse.
984 1047 1045 1114 Sed
1077 1056 1180 1114 temen
1209 1050 1375 1136 separatim
1404 1053 1553 1138 promitto

226 1143 259 1208 in
281 1163 393 1229 meque
415 1143 535 1228 recipio
557 1141 626 1207 lore
647 1163 719 1207 eum
741 1140 798 1208 tibi
820 1152 851 1206 et
872 1141 1023 1228 voluptati
1048 1152 1080 1207 et
1100 1142 1181 1209 usui.
1224 1148 1300 1209 Nam
1322 1153 1354 1209 et
1377 1146 1553 1212 modestum

226 1234 384 1300 bominem
420 1256 593 1320 cognosces
620 1245 651 1300 et
683 1234 852 1321 pudentem
883 1245 915 1300 et
942 1256 960 1300 a
987 1235 1155 1322 cupiditate
1182 1241 1268 1301 omni
1289 1239 1552 1314 remotissimum,

226 1337 388 1416 praeterea
410 1329 514 1414 magni
536 1328 654 1395 laboris
676 1351 878 1416 summaeque
900 1329 1081 1396 industriae.
1124 1335 1155 1396 l.
1177 1335 1284 1416 Neque
1306 1351 1366 1415 ego
1388 1333 1465 1400 baec
1484 1334 1553 1421 pol·

225 1423 315 1488 liceri
344 1421 464 1496 debeo,
498 1444 580 1509 quae
603 1421 658 1487 tibi
680 1423 758 1509 ipsi,¹
795 1443 865 1490 cum
888 1422 969 1488 bene
991 1423 1154 1507 cognoris,
1193 1423 1356 1489 iudicanda
1379 1438 1474 1504 sunt;
1497 1425 1551 1491 sed
1567 1437 1593 1478 ¹⁰

225 1525 330 1581 menon
356 1516 387 1580 in
418 1517 564 1582 omuibus
591 1517 683 1582 novis
711 1515 981 1583 coniunctionibus
1003 1517 1150 1591 interest,
1187 1517 1287 1603 qualis
1308 1518 1430 1603 primus
1451 1519 1551 1585 aditus

225 1612 318 1678 silet
345 1633 406 1697 qua
428 1611 700 1678 commendatione
721 1611 811 1698 quasi
839 1611 993 1677 amicitiae
1015 1611 1102 1677 iores
1124 1611 1315 1697 aperiantur.
1374 1612 1467 1690 Quod
1490 1633 1551 1698 ego

225 1705 275 1770 bis
306 1705 417 1771 litteris
445 1707 569 1770 efficere
596 1705 703 1783 volui;
732 1705 791 1770 etsi
821 1704 854 1770 id
884 1705 951 1791 ipsa
985 1725 1044 1793 per
1071 1726 1104 1770 se
1137 1703 1335 1769 necessitudo
1364 1715 1552 1792 quaesturae

224 1799 367 1866 ell'ecisse
388 1798 491 1864 debet.
535 1798 596 1865 Sed
619 1808 721 1863 tamen
743 1798 842 1864 nihilo
869 1796 1025 1864 infirmius
1047 1797 1125 1865 illud
1147 1798 1207 1863 boc
1228 1796 1346 1863 addito.
1390 1804 1471 1864 Cura
1494 1801 1551 1885 igi·

225 1901 292 1967 tur,
315 1893 341 1958 si
363 1913 413 1957 me
436 1893 510 1957 tenti
533 1891 623 1966 lacis,
647 1891 753 1978 quanti
775 1901 808 1956 et
827 1897 931 1958 Varro
952 1892 1112 1957 existimat
1133 1901 1163 1956 et
1179 1891 1246 1976 ipse
1261 1891 1382 1966 sentio,
1404 1903 1439 1957 ut
1457 1913 1550 1978 qnam
1564 1905 1590 1948 ¹⁵

225 1987 360 2074 primum
383 1985 553 2070 intelligam
575 1985 654 2050 banc
676 2006 776 2050 meam
798 1985 1100 2050 commendationem
1122 1994 1241 2050 tantum
1257 1984 1303 2050 illi
1317 1984 1458 2052 utilitatis
1471 1995 1552 2052 attu-

225 2080 313 2157 lisse,
336 2089 486 2166 quantum
507 2079 626 2166 etipse
648 2078 784 2165 sperarit
805 2099 864 2144 nec
886 2099 946 2165 ego
968 2077 1147 2146 dubitarim.

703 2217 1074 2306 mosem)

716 2341 858 2408 CICERO
880 2341 1010 2407 BRUTO
1033 2344 1065 2408 S.

311 2460 339 2522 l.
373 2455 455 2534 Quia
483 2473 608 2540 semper
628 2452 833 2518 animadverti
855 2452 993 2518 studiose
1016 2461 1046 2518 te
1068 2441 1198 2540 operam
1228 2452 1320 2528 darc,
1356 2461 1391 2518 nt
1412 2474 1452 2518 ne
1475 2452 1589 2541 quidso

223 2572 368 2617 meorum
391 2548 447 2614 tibi
469 2556 551 2612 esset
565 2547 721 2632 ignotum,
743 2555 911 2633 propterea
933 2567 996 2612 non
1011 2547 1141 2624 dubito,
1163 2547 1350 2634 quinscias,
1373 2548 1548 2614 nonsolnm

223 2645 314 2710 cuius
335 2641 496 2728 municipii
516 2641 591 2713 sim,
614 2640 669 2704 sed
691 2641 802 2715 etiam,
825 2661 919 2726 quam
941 2639 1107 2725 diligenter
1128 2642 1245 2707 soleam
1269 2663 1356 2706 meos
1378 2641 1551 2728 municipes

223 2738 387 2824 Arpinates
409 2735 500 2801 tueri.
544 2737 689 2812 Quorum
711 2732 837 2820 quidem
859 2733 963 2818 omnia
991 2734 1157 2800 commoda
1178 2755 1351 2820 omnesque
1373 2734 1549 2812 facultates,
1621 2752 1637 2810 ,3

222 2830 338 2918 quibus
368 2839 399 2895 et
433 2849 522 2894 sacra
554 2829 708 2894 conlicere
741 2837 772 2893 et
807 2835 890 2892 sarta
912 2837 992 2892 tecta
1014 2827 1138 2893 aedium
1160 2823 1319 2893 sacrarum
1343 2826 1550 2915 locorumque

222 2923 437 2990 communium
459 2922 542 2988 tueri
562 2922 700 3008 possint,
723 2921 897 2986 consistunt
918 2921 950 2986 in
972 2921 1010 2986 iis
1033 2921 1253 3006 vectigalibus,
1277 2941 1358 3006 quae
1382 2920 1496 2987 babent
1517 2924 1550 2988 in
1561 2941 1589 2983 as

223 3017 386 3104 provincia
408 3014 517 3082 Gallia.
560 3015 607 3080 Ad
628 3036 665 3079 ea
687 3013 813 3080 visenda
836 3013 1068 3101 pecuniasque,
1090 3035 1171 3100 quae
1192 3035 1211 3077 a
1232 3014 1352 3078 colonis
1374 3013 1550 3088 debentur.

222 3109 394 3195 exigendas
426 3119 585 3196 totamque
612 3129 680 3173 rem
715 3116 746 3173 et
774 3106 1023 3193 cognoscendam
1060 3115 1098 3171 et·
1120 3106 1395 3172 administrandam
1431 3108 1551 3198 legatos
1681 3136 1694 3178 r

222 3205 346 3292 equites
367 3209 524 3269 Romanos
547 3201 708 3275 misimus,
743 3203 781 3280 Q.
804 3199 959 3267 Fufidium
982 3203 1021 3278 Q.
1043 3203 1095 3274 1⁴¹..
1133 3200 1346 3266 Manciam
1370 3205 1411 3266 Μ.
1432 3206 1486 3275 F..
1511 3207 1551 3281 Q.
1605 3197 1606 3202 ’

222 3303 415 3364 Mamercum
451 3301 490 3374 Q.
522 3300 555 3363 1⁴¹.
611 3299 642 3360 2.
665 3299 741 3362 Peto
762 3316 779 3360 a
802 3291 885 3360 te'in
908 3293 1059 3358 maiorem
1081 3293 1210 3359 modmn
1232 3314 1291 3380 pro
1315 3307 1421 3359 nostra
1444 3317 1552 3363 neces-

222 3389 379 3466 situdine,
402 3399 437 3457 ut
458 3389 515 3456 tibi
537 3410 574 3455 ea
595 3411 648 3455 res
669 3409 764 3455 curae
786 3388 826 3454 sit
847 3407 1040 3474 operamque
1061 3387 1134 3462 des,
1163 3398 1198 3452 ut
1219 3408 1277 3475 per
1298 3396 1329 3453 te
1351 3409 1444 3474 quam
1465 3411 1589 3459 com-so

223 3484 405 3550 modissime
434 3484 594 3569 negotium
617 3482 778 3570 municipii
799 3480 1034 3548 administretur
1060 3503 1153 3568 quam
1183 3481 1383 3568 primumque
1404 3483 1550 3550 coniicia-

223 3589 290 3656 tur;
312 3578 477 3666 ipsosque,
507 3598 644 3664 quorum
666 3571 794 3642 nomina
823 3575 948 3661 scripsi,
985 3585 1019 3642 ut
1041 3596 1136 3663 quam
1157 3574 1469 3642 bonorificentissime
1490 3599 1550 3665 pro

223 3681 277 3737 tua
299 3684 410 3737 natura
431 3679 463 3737 et
483 3693 577 3758 quarn
599 3669 816 3736 liberalissime
840 3679 963 3734 unctes.
1007 3675 1037 3736 3.
1059 3676 1164 3735 Bonos
1186 3669 1273 3735 viros
1287 3668 1327 3734 ad
1344 3679 1429 3735 tuam
1444 3693 1550 3738 neces-

221 3765 393 3831 situdinem
421 3765 602 3832 adiunxeris
625 3763 892 3851 municipiumque
914 3763 1126 3849 gratissimum
1147 3761 1300 3828 beneficio
1323 3772 1378 3829 tuo
1400 3764 1552 3832 devinxe-

222 3859 284 3938 ris;
321 3859 397 3925 mibi
420 3880 496 3925 roro
518 3859 611 3926 etiam
634 3858 753 3944 gratius
776 3857 902 3931 leceris,
925 3855 1010 3943 quod
1033 3878 1105 3922 cum
1126 3878 1252 3943 semper
1274 3857 1354 3923 tueri
1378 3860 1589 3946 municipesss

224 3975 312 4019 meos
339 3953 509 4028 consuevi,
542 3963 607 4018 tum
636 3951 686 4017 bic
713 3973 811 4017 annus
838 3951 1005 4037 praecipue
1035 3952 1075 4017 ad
1097 3973 1199 4032 meam
1220 3972 1327 4016 curam
1350 3953 1550 4040 ciliciumque
1650 3941 1673 4017 ,ἶ

224 4047 367 4136 pertinet.
417 4053 492 4112 Nam
532 4045 739 4112 constituendi
775 4044 934 4131 municipii
970 4065 1063 4110 causa
1090 4044 1151 4110 boc
1166 4067 1170 4075 ·
1188 4066 1271 4110 anno
1280 4045 1429 4142 (aedilem
1451 4046 1551 4112 lilium
1608 4067 1698 4130 ,tf-2³

224 4163 330 4208 meum
351 4141 420 4207 lieri
442 4140 528 4206 volui
548 4149 580 4205 et
600 4139 706 4204 fratris
729 4139 826 4204 lilium
849 4147 880 4202 et
901 4142 942 4202 M.
966 4135 1131 4241 Caesium)
1148 4135 1306 4202 bominem
1322 4137 1399 4202 mibi
1415 4140 1551 4204 maxime
1634 4186 1638 4194 -

224 4235 453 4313 necessarium
489 4235 515 4300 is
552 4233 635 4299 enim
666 4233 864 4318 magistratus
893 4229 925 4295 in
953 4239 1062 4295 nostro
1091 4225 1261 4316 municipio
1290 4253 1348 4296 nec
1369 4232 1448 4298 alius
1469 4229 1551 4299 ullus

224 4327 326 4394 creari
346 4328 435 4393 solet.
492 4328 580 4405 Quos
601 4325 815 4391 cohonestaris
836 4325 870 4390 in
891 4323 1064 4410 primisque
1087 4345 1152 4398 me,
1180 4324 1207 4389 si
1229 4345 1281 4390 res
1302 4323 1427 4411 publica
1449 4327 1590 4394 muni-ao

224 4422 297 4508 eipii
319 4431 373 4488 tuo
395 4419 517 4497 studio,
554 4419 711 4506 diligentia
733 4418 814 4485 bene
835 4417 1049 4485 administrata
1070 4417 1141 4483 erit.
1198 4417 1292 4496 Quod
1315 4429 1349 4484 ut
1369 4418 1482 4493 iacias,
1520 4429 1551 4485 tc

223 4514 427 4580 vehementer
447 4514 540 4580 etiam
562 4523 656 4601 atque
678 4514 771 4580 etiam
794 4533 883 4598 rogo.

1035 4567 1064 4656 t

294 4735 321 4784 7.
342 4741 366 4785 et
383 4735 452 4784 usui.
489 4729 565 4796 Nom]
585 4735 638 4784 eius
655 4734 744 4782 uisam
763 4733 800 4783 Μ.
828 4758 863 4767 -
898 4731 925 4782 8.
944 4734 1081 4795 pudentem
1100 4731 1247 4782 Corradus:
1267 4734 1420 4795 poscentem
1439 4735 1498 4785 llll.
1517 4759 1551 4768 —

225 4805 269 4855 lt.
288 4807 351 4869 qnid
370 4819 410 4868 pr.
430 4803 467 4856 Μ.
501 4828 532 4840 -
569 4804 612 4855 ld.
633 4803 800 4869 effecisseblc
832 4802 977 4868 effloerall.
1009 4828 1037 4838 -
1077 4803 1235 4868 dinemo
1254 4803 1291 4854 Μ.
1325 4827 1356 4840 -
1392 4805 1550 4856 ‘bestialis

224 4874 264 4923 tie
283 4875 341 4925 llll.
373 4901 404 4912 -
440 4875 485 4925 Ὦ.
505 4874 674 4925 mammetem
691 4873 775 4925 Codd.
795 4873 816 4924 B
834 4879 861 4924 ct
879 4873 951 4936 Lips.
989 4871 1028 4923 lle
1046 4871 1073 4926 Μ
1099 4887 1153 4924 non
1178 4879 1293 4924 constat.
1324 4898 1358 4907 -
1393 4875 1439 4926 tl.
1465 4875 1553 4926 studio

225 4952 249 4996 at
268 4945 404 5012 ditium
421 4945 569 4996 Manutius.
