3662 5908
543 373 615 436 LlB.
637 373 721 437 Xlll.
764 376 823 437 ΕΡ.
845 377 896 438 67.
919 375 969 438 68.
992 377 1044 438 ott.
1066 376 1117 440 76.
1139 378 1190 440 71.
1213 379 1264 442 76.
1485 383 1544 444 tol

221 528 304 616 piam
326 530 359 596 iu
380 528 453 594 Asia
473 549 555 616 opus
577 539 640 604 est,
673 529 712 594 ad
735 528 817 596 bunc
838 529 976 596 scribere
997 537 1166 607 consuevi,
1188 533 1281 599 buius
1303 555 1374 600 cum
1397 557 1493 621 opera
1517 547 1548 602 et

221 625 302 700 lide,
325 635 390 690 tum
412 624 507 690 domo
525 634 557 690 et
572 645 608 690 re
624 625 670 689 uti
692 633 850 710 tamquam
870 645 951 690 666.
1005 629 1090 692 llaec
1108 627 1147 692 66
1170 637 1201 692 te
1215 649 1255 694 eo
1269 628 1412 714 pluribus
1426 631 1546 716 scripsi.

221 729 257 786 ut
276 719 466 803 intelligeres
481 739 531 782 me
549 739 613 783 nou
628 718 650 799 †
664 719 794 803 vulgare
809 739 867 784 uec
881 717 1056 794 ambitiose,
1079 719 1135 786 sed
1156 732 1191 787 ut
1213 743 1272 809 pro
1294 722 1421 788 bomine
1436 725 1546 790 intimo

221 835 258 904 66
288 813 365 878 mihi
394 812 630 899 pernecessario
659 811 809 878 scribere.
865 816 895 878 2.
923 817 999 878 Peto
1020 814 1117 899 igitur
1138 837 1157 880 6
1177 824 1224 892 te,
1252 817 1341 882 utin
1363 838 1400 882 ea
1421 828 1546 885 contro·

222 909 340 984 versia,
377 928 470 996 quam
500 905 596 972 babet
619 904 658 970 de
686 905 784 973 fundo
810 927 883 972 cum
913 907 1050 994 quodam
1073 909 1290 996 Colophonio,
1328 919 1359 974 et
1380 915 1413 976 iu
1434 911 1569 977 ceterisa

221 1002 336 1076 rebus,
374 1010 524 1089 quantum
557 1000 634 1066 fides
664 1010 717 1066 tua
744 1000 880 1087 patietur
907 1009 1121 1088 quantumque
1147 1013 1200 1070 tuo
1222 1004 1389 1072 commodo
1411 1006 1546 1093 poteris.

220 1108 339 1162 tautum
354 1096 384 1162 ei
402 1095 533 1160 honoris
549 1095 611 1158 mei
633 1115 727 1160 causa
740 1096 938 1174 commodes;
960 1097 1035 1172 etsi,
1057 1106 1094 1162 ut
1115 1097 1182 1163 eius
1196 1097 1381 1163 modestiam
1402 1101 1546 1185 cognovi.

220 1190 324 1276 gravis
346 1187 403 1254 tibi
424 1188 509 1254 nulla
535 1188 567 1252 iu
589 1209 624 1253 re
647 1193 716 1254 erit.
769 1189 802 1254 si
824 1199 855 1254 et
876 1212 944 1256 mea
967 1190 1239 1257 commendatione
1261 1199 1293 1256 et
1313 1213 1369 1256 666
1391 1193 1545 1279 probitate

219 1291 380 1350 assecutus
403 1283 479 1356 erit,
501 1292 536 1348 ut
557 1282 596 1347 de
619 1304 652 1348 se
675 1281 755 1346 bene
778 1284 957 1359 existimes,
980 1285 1086 1351 omnia
1108 1307 1141 1350 se
1164 1286 1311 1371 adeptum
1332 1285 1544 1353 arbitrabitur.

221 1382 260 1444 ttt
281 1377 377 1463 igitur
399 1398 472 1441 eum
495 1376 629 1460 recipias
649 1377 682 1441 in
705 1376 798 1442 fidem
820 1377 997 1464 habeasque
1019 1384 1050 1443 iu
1073 1399 1205 1444 numero
1228 1389 1369 1455 tuorum,
1402 1389 1431 1446 te
1454 1380 1583 1445 rebe-¹⁰

218 1479 342 1537 menter
363 1471 456 1536 etiam
478 1480 571 1558 atque
593 1470 687 1536 etiam
708 1492 798 1556 rogo.
842 1476 923 1556 Ego,
947 1494 1027 1558 quae
1049 1482 1078 1538 te
1099 1473 1180 1538 velle
1202 1493 1345 1559 quaeque
1366 1473 1406 1541 ad
1427 1484 1457 1540 te
1474 1495 1547 1560 per-

220 1566 318 1632 tinere
337 1565 531 1641 arbitrabor,
554 1566 659 1631 omnia
679 1565 817 1633 studiose
839 1566 1068 1654 diligenterque
1089 1567 1218 1635 curabo.

676 1709 769 1771 arr.
814 1705 862 1792 (a.
890 1711 921 1772 o.
946 1711 977 1772 6.
1000 1707 1086 1788 ros.)

435 1834 477 1894 Μ.
506 1831 648 1894 CICERO
672 1833 704 1894 P.
727 1832 913 1896 SERVILIO
938 1832 1145 1896 COLLEGAE
1168 1835 1197 1896 S.
1221 1834 1330 1898 PLUR.

303 1941 384 2020 Quia
406 1962 469 2006 666
492 1950 539 2006 est
560 1939 694 2005 obscura
716 1950 768 2006 tua
790 1940 823 2005 iu
845 1963 895 2006 me
917 1941 1150 2018 benevolentia,
1173 1943 1218 2010 sic
1240 1943 1286 2018 bt,
1320 1952 1355 2007 ut
1377 1944 1465 2010 multi
1488 1966 1544 2031 per
1557 1960 1582 1998 ta

216 2059 269 2104 me
291 2035 346 2101 tibi
368 2033 465 2101 velint
492 2033 715 2100 commendari.
769 2039 836 2120 Ego
862 2044 966 2100 autem
990 2034 1097 2102 tribuo
1119 2057 1341 2123 nonuunquam
1362 2037 1395 2101 in
1418 2037 1544 2121 vulgus,

218 2131 275 2196 scd
295 2130 481 2217 plerumque
504 2128 701 2202 necessariis,
723 2137 758 2193 ut
779 2128 840 2193 boc
862 2137 1014 2213 tempore.
1057 2125 1228 2288 Nachum
1255 2135 1289 2197 T.
1312 2130 1424 2216 Ampio
1447 2130 1543 2196 Balbo

218 2223 293 2290 mibi
317 2243 437 2290 summa
458 2222 650 2288 familiaritas
672 2221 934 2307 necessitudoque
954 2221 1033 2392 ml.)
1056 2223 1130 2288 Eius
1164 2223 1320 2300 ibertum,
1343 2229 1377 2288 T
1399 2225 1545 2311 Ampium
1629 2213 1720 2324 ,lq'

217 2316 431 2393 Menandrum,
455 2315 613 2382 bominem
627 2315 711 2400 frugi
727 2325 759 2380 et
779 2314 954 2382 modestum
988 2339 1006 2382 e
1031 2326 1164 2402 patrono
1186 2329 1217 2383 et
1195 2295 1329 2384 nobis
1343 2318 1545 2384 vehementer

217 2409 402 2498 probatum,
433 2409 488 2478 tibi
509 2410 695 2476 commendo
721 2413 873 2475 maiorem
898 2409 931 2476 in
962 2410 1100 2476 modum.
1150 2413 1360 2478 Vehementer
1380 2412 1456 2477 mibi
1474 2433 1544 2497 gru·
1553 2441 1581 2478 sc

218 2515 284 2570 tum
305 2503 483 2579 feceris,'
456 2527 501 2579 sr,
533 2503 773 2591 quibuscunque
797 2502 943 2569 rebus
918 2525 985 2569 666
1010 2514 1063 2570 tua
1086 2506 1229 2572 molestia
1250 2505 1384 2592 poteris,
1407 2505 1437 2570 ei
1458 2525 1544 2572 com-

218 2597 366 2665 modaris.
409 2597 504 2676 Quod
524 2607 560 2664 ut
580 2598 691 2670 facias,
715 2607 746 2664 te
768 2599 971 2664 vehementer
992 2600 1087 2665 etiam
1107 2608 1202 2688 atque
1224 2600 1318 2666 etiam
1340 2620 1430 2686 rogo.

665 2739 775 2804 666.
817 2739 870 2821 (A.
896 2742 929 2804 u.
952 2744 982 2806 c.
1004 2740 1089 2824 ros.)

462 2865 503 2926 bl.
526 2862 783 2926 ulceroso.
806 2863 839 2923 Ρ.
862 2863 1046 2927 SERVILlO
1070 2864 1288 2928 60666666.

300 2975 415 3042 Multos
437 2971 494 3038 tibi
515 2971 730 3036 commendem
753 2991 881 3035 necesse
903 2972 1412 3060 666666616666616666616
1434 2983 1581 3039 nostrae

213 3068 414 3134 necessitudo
445 3075 492 3131 est
525 3075 640 3150 tuaque
669 3085 744 3148 erga
766 3085 817 3130 me
838 3059 1081 3165 benevolentia)
1112 3066 1174 3132 Sed
1196 3076 1299 3131 tamen
1322 3073 1379 3132 etsi
1401 3071 1542 3132 omnium
1595 3069 1661 3157 gt.

216 3183 324 3237 causa,
358 3182 438 3247 quos
460 3157 665 3236 commendo,
699 3159 778 3225 velle
800 3158 917 3234 debeo,
953 3168 1058 3225 tamen
1086 3181 1157 3225 cum
1180 3160 1325 3226 omnibus
1347 3181 1411 3226 uon
1433 3159 1542 3225 eadem

216 3254 293 3323 mibi
315 3276 408 3320 causa
430 3262 486 3320 est.
541 3258 575 3319 T.
597 3251 731 3338 Agusius
754 3263 785 3317 et
806 3273 911 3320 comes
934 3274 1022 3320 meus
1043 3253 1103 3320 fuit
1122 3253 1178 3320 illo
1199 3253 1378 3320 miserrimo
1399 3263 1543 3340 tempore

216 3357 249 3414 ct
269 3355 410 3416 omnium
430 3347 595 3421 itinerum,
627 3347 874 3431 navigationum,
905 3346 1066 3423 laborum,
1087 3347 1301 3434 periculorum
1324 3367 1469 3415 meorum
1491 3369 1543 3414 so-
1619 3347 1647 3430 j

216 3444 299 3522 cius;
321 3463 422 3531 neque
452 3440 512 3507 boc
543 3450 686 3525 tempore
714 3440 947 3520 discessisseta
979 3463 1046 3518 me,
1082 3441 1142 3506 uisi
1171 3463 1231 3528 ego
1261 3442 1289 3508 ei
1321 3435 1542 3528 permisissem.
1553 3469 1581 3510 ro

216 3541 324 3617 Quare
346 3543 392 3604 sic
412 3535 470 3601 tibi
491 3557 565 3600 eum
586 3533 787 3609 66666666,
810 3543 847 3600 nt
866 3557 967 3601 uuum
989 3535 1029 3600 de
1051 3536 1130 3602 meis
1151 3535 1330 3602 domesticis
1353 3547 1384 3602 et
1404 3536 1541 3603 maxime

215 3630 411 3698 necessariis.
462 3634 645 3713 Pergratum
676 3626 752 3693 mibi
772 3627 902 3703 feceris,
935 3629 963 3694 si
992 3649 1064 3696 eum
1085 3630 1129 3696 ita
1150 3631 1306 3704 tractaris,
1335 3639 1371 3696 ut
1391 3630 1543 3716 intelligat

215 3725 294 3791 banc
315 3722 617 3792 commendationem
640 3721 700 3788 sibi
722 3742 835 3808 magno
856 3744 918 3790 usu
939 3732 1033 3811 atque
1055 3724 1236 3791 adiumento
1257 3723 1365 3792 fuisse.

656 3865 782 3928 666.
827 3861 875 3948 (a.
902 3867 934 3930 6.
958 3868 991 3931 6.
1012 3863 1098 3947 roa.)

506 3990 548 4052 61.
570 3986 712 4051 CICERO
733 3988 767 4050 P.
790 3988 973 4052 suuvtulo
996 3989 1205 4053 COLLEGAE
1227 3989 1258 4052 S.
1552 4021 1580 4064 25

301 4106 329 4166 1.
352 4097 541 4173 Caerelliae,
564 4098 759 4187 necessariae
781 4118 887 4173 meae,
918 4119 1002 4173 rem,
1026 4098 1172 4174 nomina,
1194 4099 1410 4183 possessiones
1430 4099 1542 4166 Asiati-

214 4215 266 4260 cas
295 4191 511 4259 commendavi
538 4191 595 4257 tibi
626 4211 776 4277 praesens
798 4192 830 4256 iu
852 4191 952 4258 bortis
974 4196 1035 4259 tuis
1056 4213 1151 4278 quam
1171 4191 1262 4278 potui
1283 4192 1540 4277 diligentissime,

213 4299 311 4376 tuque
332 4285 411 4352 mibi
431 4306 490 4372 pro
512 4297 564 4352 tua
586 4284 812 4352 consuetudine
841 4306 963 4372 proque
986 4286 1047 4351 tuis
1070 4285 1103 4350 iu
1126 4306 1176 4350 me
1198 4287 1360 4372 perpetuis
1383 4285 1543 4360 maximis-

214 4403 276 4468 que
301 4381 412 4446 olliciis
444 4379 548 4445 omnia
571 4390 602 4445 tc
623 4378 778 4445 facturum
799 4379 1016 4446 liberalissime
1041 4379 1197 4466 recepisti.
1251 4381 1431 4446 Meminisse
1452 4391 1483 4445 te
1509 4380 1542 4446 id

214 4496 331 4562 spero;
352 4474 417 4540 scio
440 4473 521 4538 enim
544 4473 657 4539 solere.
701 4473 760 4538 Sed
784 4484 887 4538 tamen
911 4473 1081 4540 Caerelliae
1103 4483 1326 4561 procuratores
1347 4474 1580 4560 scripseruntu

214 4579 244 4634 te
265 4577 397 4656 propter
426 4567 670 4654 magnitudinem
703 4566 884 4654 provinciae
906 4567 1200 4654 multitudinemque
1225 4568 1426 4654 negotiorum
1447 4566 1539 4632 etiam

214 4673 307 4750 atque
333 4663 428 4730 etiam
448 4683 518 4729 esse
544 4659 899 4727 commonefaciendum.
949 4665 980 4726 2.
1012 4665 1088 4727 Peto
1110 4661 1219 4746 igitur,
1250 4672 1286 4728 ut
1306 4661 1487 4727 memineris
1510 4671 1539 4728 te

285 4828 311 4877 1.
331 4829 435 4890 666666
453 4827 489 4878 M.
520 4851 553 4862 -
589 4825 616 4876 ³.
634 4825 743 4889 oulpcra
760 4822 807 4873 bl:
826 4825 973 4889 vulgariter
992 4821 1035 4888 (ea
1054 4827 1164 4890 antiqua
1184 4827 1369 4884 correcttone,
1389 4825 1437 4876 aad
1457 4827 1539 4876 rerbc

213 4913 269 4949 nou
288 4897 426 4958 Tulliano)
458 4895 489 4947 Β.
525 4897 598 4947 Tort.
617 4894 738 4958 palpare.
758 4895 810 4945 On.
832 4918 863 4928 -
900 4895 925 4944 7.
946 4897 970 4945 at
987 4896 1154 4946 Cratander:
1174 4904 1199 4947 at
1218 4895 1277 4948 atu.
1300 4919 1330 4932 -·
1366 4895 1539 4947 6660661·

213 4969 285 5019 ltuaa
315 4969 342 5017 ut
359 4967 406 5028 61,
432 4968 473 5016 ott
492 4968 521 5018 a.
545 4989 573 5002 -
610 4966 760 5027 ademptum
778 4965 815 5015 61.
838 4987 868 5000 -·
906 4967 948 5015 1¹1.
968 4971 998 5015 ut
1025 4965 1191 5018 Cratander:
1217 4969 1246 5018 tn
1264 4965 1323 5017 lttt.
1347 4989 1375 5000 -
1413 4967 1457 5018 25.
1477 4981 1538 5031 qao·

213 5041 287 5090 6166
304 5039 349 5091 bl:
368 5037 472 5102 quando
492 5038 521 5088 u.
543 5061 574 5074 -
610 5035 656 5086 66.
674 5037 733 5086 naut
751 5035 909 5086 Cratander.
