3662 5908
495 407 570 472 Llll.
591 408 674 472 lllll.
717 407 777 472 ΕΡ.
798 407 849 472 30.
872 407 923 471 31.
944 407 995 472 32.
1017 409 1069 472 33.
1091 407 1143 473 34.
1165 407 1216 472 35.
1446 411 1510 474 ets

629 565 757 629 rrru.
801 561 849 646 (A.
875 566 908 628 o.
930 565 963 629 c.
984 561 1069 650 roa.)

579 686 721 751 cmuao
742 686 874 751 seruo
896 685 1060 752 raocos.
1082 688 1115 751 e.

271 820 299 881 1.
337 817 373 881 10
408 812 552 880 Halesina
585 813 708 880 civitate
735 826 797 880 tam
829 815 911 880 lauta
947 823 1072 903 tamque
1101 814 1199 882 nobili
1219 803 1507 902 (coniunctissimos

185 887 347 998 babeolet
374 907 509 995 bospitio
532 917 563 973 et
583 889 853 1012 lentiliaritatolltl.
876 919 906 974 et
929 911 961 975 C.
986 907 1112 997 Clodios
1194 909 1361 996 hagatbum
1384 921 1416 977 et
1436 911 1507 977 Pbi·
1594 922 1685 1015 ..3βρ

185 1013 300 1078 lonem.
344 1009 405 1076 Sed
427 1030 558 1085 vereor,
581 1031 640 1085 ne,
663 1010 735 1097 quia
758 1011 936 1097 complures
957 1007 1015 1076 tibi
1036 1031 1112 1098 prae
1143 1032 1205 1098 pue
1227 1011 1428 1089 commendo,
1451 1026 1530 1080 ex·⁵

186 1127 322 1192 aequare
342 1103 453 1170 videar
478 1103 647 1170 ambitione
676 1103 809 1191 quadam
839 1102 1123 1170 commendationes
1156 1125 1251 1170 meas.
1310 1107 1506 1194 Quamquam

186 1221 204 1264 a
227 1208 257 1263 te
285 1199 414 1285 quidem
441 1198 596 1263 cumulate
618 1197 727 1263 satisfit
754 1207 786 1262 et
807 1196 882 1262 mibi
904 1207 935 1261 et
956 1195 1033 1262 meis
1054 1196 1211 1264 omnibus.
1268 1203 1298 1264 2.
1333 1198 1395 1264 Sed
1414 1199 1507 1266 velim

186 1289 429 1384 sicffsxistimes,
463 1291 541 1356 banc
561 1289 710 1357 familiam
731 1300 763 1357 01
783 1290 841 1356 300
863 1289 938 1356 mibi
966 1291 1101 1357 maxime
1123 1313 1192 1358 esse
1214 1292 1397 1358 coniunctos
1418 1302 1507 1360 vetu-
1588 1305 1663 1376 ην

186 1373 285 1478 state)
308 1385 437 1459 officiis,
460 1381 703 1459 benevolentia&
731 1383 944 1463 Quamobrem
952 1389 1040 1471 {poto
1061 1406 1080 1450 a
1101 1393 1143 1468 td
1153 1386 1185 1451 in
1199 1383 1352 1452 maiorem
1367 1385 1506 1464 modum,
1532 1329 1565 1550 ι)

169 1476 221 1570 {bt
242 1480 281 1545 iis
302 1478 447 1545 omnibus
468 1478 501 1543 io
522 1477 632 1551 rebus,
646 1466 815 1576 (quantum
841 1489 894 1544 tua
921 1476 1000 1544 fides
1021 1477 1216 1566 dignitasque
1237 1471 1400 1584 patietur)
1421 1493 1530 1546 eom-¹
1574 1477 1642 1554 n&

186 1573 324 1672 modes«)
347 1572 383 1638 ld
404 1573 431 1638 si
452 1570 582 1647 leceris,
604 1572 665 1637 erit
686 1571 762 1637 mibi
783 1571 1055 1638 vehementissime
1076 1583 1209 1658 gratum·
1288 1571 1317 1586 ””

613 1742 757 1805 rrrrn.
802 1739 851 1825 (0.
877 1741 909 1806 o.
933 1743 965 1807 c.
987 1740 1075 1826 ros.)

575 1863 718 1928 oceno
741 1861 875 1928 nermo
896 1863 1063 1928 aaocos.
1086 1864 1118 1927 0.

271 1997 326 2060 00.
349 1990 482 2058 01003130
502 1995 625 2058 Nasone
646 2001 720 2058 utor
741 1990 997 2069 familiarissime,
1025 1991 1068 2059 ita
1088 2012 1235 2080 prorsus,
1264 2003 1299 2060 ut
1319 1993 1401 2064 illius
1422 1995 1509 2063 ordi-

186 2087 236 2152 nis
257 2087 343 2152 nullo
364 2085 558 2151 familiarius.
611 2091 687 2151 Nam
710 2093 742 2151 et
762 2086 951 2152 humanitate
973 2085 1039 2152 eius
1061 2094 1092 2152 et
1112 2086 1268 2173 probitate
1289 2088 1322 2154 in
1343 2099 1547 2156 consuetu-rs

186 2181 260 2246 dine
285 2180 466 2266 quotidiana
494 2200 607 2265 magno
635 2201 732 2268 opere
762 2179 910 2246 delector.
960 2179 1041 2245 Nihil
1073 2182 1135 2246 iam
1157 2201 1237 2267 opus
1258 2191 1305 2247 est
1326 2192 1508 2268 exspectare

186 2284 234 2350 te,
257 2275 372 2363 quibus
394 2296 466 2340 eum
488 2275 595 2340 verbis
617 2274 671 2340 tibi
694 2274 926 2348 commendem,
950 2295 1014 2362 quo
1035 2275 1080 2340 sio
1101 2284 1191 2350 utar,
1213 2284 1249 2341 ut
1262 2275 1383 2362 scripsi.
1408 2275 1509 2341 Habet

187 2367 266 2434 3030
287 2368 448 2455 provincia
470 2376 523 2434 tua
545 2368 686 2454 negotia,
715 2388 794 2455 quae
816 2378 985 2454 procurant
1006 2365 1131 2443 liberti,
1154 2369 1296 2454 Hilarus,
1319 2369 1507 2455 Antigonus,
1597 2353 1621 2440 J

187 2465 418 2537 Demostratus,
441 2482 520 2547 quos
541 2462 598 2527 tibi
619 2462 806 2548 negotiaque
828 2461 933 2526 omnia
954 2462 1084 2527 Nasonis
1108 2483 1172 2528 000
1193 2485 1284 2530 secus
1305 2462 1507 2537 commendo,

187 2575 224 2619 ae
252 2560 279 2620 si
310 2576 379 2619 mea
412 2563 525 2621 essent.
582 2556 799 2622 Gratissimum
820 2555 897 2621 mibi
917 2556 1046 2632 leceris,
1069 2557 1096 2622 03
1117 2557 1304 2624 intellexero
1324 2556 1404 2622 bane
1424 2575 1546 2623 com-so

186 2649 417 2716 mendationem
438 2670 586 2735 magnum
606 2648 688 2736 apud
710 2657 740 2714 te
761 2648 884 2736 pondus
904 2649 1061 2716 30303000.
1102 2651 1189 2717 Vale.

623 2820 762 2884 rrrrv.
804 2819 857 2898 (A.
884 2821 916 2883 u
939 2821 972 2883 c.
994 2821 1084 2900 ros.)

581 2940 724 3006 CICERO
746 2942 878 3006 ACILIO
900 2940 1065 3006 PROCOS.
1088 2943 1119 3006 S.

271 3061 397 3128 Avitum
417 3058 494 3126 mibi
514 3058 685 3146 bospitinm
707 3070 754 3127 est
775 3081 847 3126 cum
866 3064 1007 3148 Lysone,
1033 3057 1166 3147 Lysonis
1186 3057 1270 3150 lilio,
1291 3056 1508 3146 lilybaetano,
1607 3061 1640 3144 J

187 3154 340 3242 valdeque
362 3155 401 3220 ab
423 3176 463 3220 eo
485 3153 639 3220 observor
661 3154 857 3241 cognovique
879 3154 1008 3238 dignum
1029 3161 1060 3217 01
1081 3162 1169 3238 patre
1191 3163 1223 3218 et
1243 3173 1322 3229 avo;
1356 3159 1403 3216 est
1422 3150 1548 3216 euim²⁸

186 3248 381 3314 nobilissima
402 3247 539 3328 plamilia.
599 3251 799 3333 Quapropter
832 3246 1018 3313 commendo
1050 3244 1107 3340 tibi
1138 3246 1289 3313 maiorem
1317 3245 1350 3310 30
1381 3243 1510 3309 modum

186 3365 256 3410 rem
278 3343 468 3430 domumque
490 3342 575 3420 030ος
613 3361 788 3430 magnoque
810 3363 908 3429 opere
931 3341 986 3407 abs
1007 3349 1039 3406 te
1058 3349 1149 3427 peto,
1183 3361 1290 3415 cums,
1312 3347 1348 3405 ut
1368 3339 1396 3404 is
1417 3338 1508 3403 intel·

187 3437 263 3522 liget
284 3458 386 3502 meam
407 3434 710 3503 commendationem
732 3435 871 3502 marimo
892 3435 953 3502 sibi
974 3435 1058 3524 apud
1079 3443 1109 3501 te
1130 3443 1163 3501 et
1175 3433 1354 3501 adiumento
1368 3441 1399 3500 et
1415 3453 1508 3498 orna-

188 3540 294 3598 mento
314 3531 423 3598 luisse.
750 3535 753 3542 '

639 3701 760 3765 rxru
802 3699 852 3782 (A.
878 3703 910 3766 u
933 3702 965 3766 c.
988 3698 1074 3784 roe.)
1358 3667 1365 3684 '
1521 3711 1550 3754 a

580 3822 722 3888 00000
743 3823 878 3888 sorum
899 3823 1064 3888 eaocos.
1087 3821 1119 3886 s.

275 3948 304 4010 1.
326 3948 359 4011 C.
381 3942 528 4009 Avianius
550 3941 740 4008 Philoxenus
760 3943 904 4030 antiquus
926 3953 973 4008 est
994 3942 1109 4030 bospes
1129 3961 1218 4006 meus
1247 3951 1278 4006 et
1309 3948 1436 4026 praeter
1455 3939 1511 4006 3ο-

188 4037 313 4126 spitiom
346 4037 436 4102 valde
467 4037 561 4102 etiam
592 4035 769 4114 familiaris;
798 4059 892 4122 quem
915 4040 1027 4104 Caesar
1048 4056 1120 4101 meo
1141 4031 1293 4100 beneficio
1314 4035 1510 4101 301100000-

189 4153 312 4197 menses
334 4131 462 4197 rettulit
518 4135 637 4196 Nomen
659 4140 763 4195 autem
785 4129 905 4197 Avianii
931 4139 1055 4196 secutus
1076 4139 1140 4204 est,
1169 4126 1253 4215 quod
1275 4128 1402 4195 bomine
1422 4127 1509 4195 00110

189 4227 258 4314 plus
280 4236 327 4291 est
348 4247 424 4291 usus
452 4244 546 4311 quam
567 4225 677 4290 Flacco
698 4223 847 4299 Avianio,
869 4245 958 4298 meo,
989 4222 1251 4309 quemadmodum
1273 4232 1304 4289 te
1324 4224 1404 4290 scire
1426 4221 1549 4288 arbi-³⁶

189 4332 274 4396 teor,
307 4318 561 4404 familiarissimo.
618 4321 707 4396 Quae
730 4338 790 4403 ego
812 4319 916 4384 omnia
937 4316 1065 4402 collegi,
1093 4325 1128 4381 ut
1148 4316 1338 4402 intelligeres
1358 4337 1422 4382 uon
1442 4317 1512 4384 vul·
1622 4307 1641 4394 ,²

189 4435 297 4500 parem
319 4435 387 4479 0000
409 4411 711 4478 commendationem
733 4410 810 4476 3000
842 4431 953 4476 meam
1008 4415 1040 4476 2.
1076 4414 1153 4476 Peto
1180 4411 1278 4496 igitur
1303 4411 1359 4476 abs
1388 4421 1440 4486 te,
1476 4418 1512 4476 ut

189 4507 336 4575 omnibus
358 4507 470 4580 rebus,
505 4506 589 4592 quod
611 4506 679 4571 sine
702 4505 843 4573 molestia
865 4518 918 4571 tua
939 4504 1044 4569 lacere
1064 4505 1181 4590 possis,
1204 4505 1234 4570 ei
1257 4503 1437 4570 commodes
1457 4503 1512 4568 ba·

188 4600 328 4689 beasque
355 4602 389 4667 iu
417 4621 550 4666 numero
572 4609 699 4666 tuorum
720 4599 946 4686 perficiasque,
978 4608 1014 4664 ut
1034 4599 1185 4684 intelligat
1206 4598 1261 4664 bas
1282 4599 1402 4664 litteras
1423 4617 1510 4662 meas

190 4715 304 4780 magno
325 4694 385 4760 sibi
406 4693 478 4761 usui
499 4693 607 4760 fuisse.
649 4693 717 4758 Erit
738 4693 771 4758 id
793 4693 868 4759 mibi
890 4693 1042 4758 maiorem
1064 4691 1097 4758 ia
1118 4691 1247 4759 modum
1268 4701 1402 4777 gratum
1521 4701 1551 4746 ⁴⁰

261 4911 289 4963 3.
317 4915 361 4962 hos
384 4914 499 4963 homines
524 4913 679 4962 Lambinus.
711 4935 740 4948 -
778 4913 820 4962 10.
850 4915 882 4962 tte
907 4914 1043 4966 Oreltiuse
1073 4914 1113 4963 bit
1139 4912 1200 4963 313.
1234 4934 1262 4946 -
1299 4911 1344 4962 23.
1371 4911 1515 4975 Ltlpbttont

194 4983 232 5034 31.
255 5007 287 5019 -
323 4983 685 5034 strumentorum.
708 5007 737 5018 -
769 4984 813 5034 32.
833 4985 959 5035 Antonius
976 4984 1019 5036 M:
1039 4983 1204 5036 30300013.
1225 4983 1288 5033 item
1308 4981 1396 5033 tudd-
1415 4981 1460 5033 35.
1483 5003 1512 5017 -

189 5055 236 5106 33.
256 5055 412 5105 commmdea
429 5053 466 5103 31.
