3662 5908
490 527 563 588 LlB.
586 526 668 588 xtfl.
712 526 769 589 ΕΡ.
791 527 841 586 20.
865 526 916 586 ll.
938 523 989 585 Ὦ.
1012 524 1063 585 23.
1087 524 1138 584 24.
1409 525 1471 588 243

611 686 710 748 urii.
754 681 802 766 (ᾼ.
827 685 860 747 n.
883 685 915 747 c.
937 681 1021 766 ros.)

632 806 775 873 cunno
797 807 942 872 snnvro
965 808 996 870 s,

241 929 269 992 l.
290 929 326 990 T.
347 921 517 992 llanlium,
550 918 605 1006 qui
627 919 804 1004 negotiatur
824 917 984 1005 Tbespiis,
1016 918 1218 984 vehementer
1238 921 1346 1008 diligo.
1398 929 1474 989 Nam

154 1028 187 1086 et
216 1037 343 1106 semper
375 1035 426 1081 me
453 1013 550 1080 coluit
581 1011 882 1099 diligentissimeque
911 1013 1092 1077 observavit
1118 1022 1149 1078 et
1174 1034 1192 1078 a
1219 1014 1329 1082 studiis
1360 1018 1476 1086 nostris

155 1133 219 1179 non
240 1111 400 1178 abhorret
442 1107 571 1175 Accedit
591 1127 648 1182 eo,
671 1097 881 1204 qnod(Varro
904 1111 1035 1178 Murena
1056 1127 1169 1192 magno
1191 1129 1288 1194 opere
1303 1111 1370 1176 eius
1385 1123 1499 1178 carisab
1551 1080 1674 1184 aff
1790 1096 1791 1130 ³

156 1207 222 1273 vnlt
243 1204 367 1322 omnia)
400 1203 453 1290 qui
476 1212 579 1268 nmen
609 1199 814 1276 existimavit,
848 1200 908 1265 etsi
929 1201 994 1266 suis
1016 1200 1142 1274 litteris.
1179 1202 1294 1289 quibus
1314 1204 1371 1270 tibi
1392 1211 1479 1272 blan-
1787 1276 1793 1312 Ὗ

156 1300 233 1367 lium
256 1295 513 1371 commendabat,
536 1296 625 1362 valde
646 1295 839 1369 confideret,
863 1304 965 1360 tamen
987 1316 1057 1360 mea
1078 1297 1346 1365 commendatione
1362 1299 1478 1386 aliquid

156 1393 345 1459 accessionis
365 1392 445 1458 fore.
474 1377 537 1472 (Me
559 1389 685 1478 quidem
708 1410 779 1454 cnm
800 1388 906 1455 Manlii
926 1388 1138 1464 familiaritas,
1162 1399 1227 1456 tum
1248 1395 1399 1460 Varronis
1414 1404 1480 1460 stn-

157 1489 245 1555 dium
274 1483 467 1566 commovit)
497 1494 532 1550 ut
559 1484 598 1549 ad
624 1493 655 1549 te
677 1505 771 1570 quam
793 1482 1023 1548 accuratissime
1045 1482 1226 1550 scriberem.
1283 1490 1314 1552 2.
1337 1489 1479 1555 Gratissi·
1566 1485 1638 1558 a*

158 1605 244 1649 mum
264 1573 456 1667 igitur'mibi
478 1578 611 1653 feceris,
645 1577 672 1643 si
695 1577 767 1642 hnic
787 1576 1050 1644 commendationi
1072 1598 1160 1644 meae
1181 1587 1299 1645 matum
1321 1583 1480 1661 tribueris,
1494 1593 1520 1629 '¹'

159 1686 310 1763 qnantum
340 1674 392 1739 cui
418 1672 555 1740 tribuisti
582 1670 767 1759 plurimum,
790 1670 909 1745 idest,
932 1676 957 1735 si
980 1676 1015 1736 Τ.
1038 1672 1187 1738 Manlium
1209 1694 1304 1759 quam
1327 1677 1480 1752 maxime,

159 1768 399 1856 quibuscunque
420 1767 516 1833 rebus
538 1767 668 1833 honeste
690 1786 726 1830 ac
747 1785 806 1852 pro
828 1774 882 1830 tna
902 1763 1051 1850 dignitate
1079 1765 1212 1852 poteris,
1248 1768 1366 1835 iuveris
1388 1780 1481 1857 atque

160 1861 350 1941 ornaveris3
393 1883 434 1928 ex
460 1861 621 1949 ipsiusque
646 1866 810 1946 praeterea
831 1859 1014 1945 gratissimis
1036 1868 1068 1926 et
1087 1859 1318 1926 humanissimis
1340 1861 1482 1930 moribus

160 1955 315 2024 confirmo
336 1954 393 2022 tibi
427 1963 456 2021 te
485 1977 577 2030 enm,
606 1973 700 2041 quem
727 1953 968 2019 solesfruetum
990 1952 1186 2021 abonorum
1208 1954 1349 2021 virorum
1372 1956 1482 2024 officiis

161 2060 362 2138 exspectare,
386 2069 455 2116 esse
476 2058 649 2136 capturum.
1497 2060 1522 2096 ιδ

603 2218 720 2282 narn.
763 2217 812 2300 (A.
838 2219 870 2282 o.
893 2219 925 2282 o.
946 2217 1032 2302 ros.)

641 2341 784 2405 CICERO
806 2342 949 2407 SERVIO
973 2345 1005 2407 S.

251 2457 279 2519 l.
307 2455 342 2517 L.
364 2449 523 2526 Cossinio,
559 2449 661 2535 unifico
683 2459 715 2516 et
736 2449 842 2530 tribuli
864 2460 933 2528 tuo,
956 2452 1046 2518 valde
1066 2452 1262 2518 familiariter
1283 2464 1366 2522 utor.
1408 2460 1485 2522 Nam
1596 2435 1622 2532 ζ

166 2558 198 2616 et
224 2549 308 2613 inter
336 2552 460 2610 uosmet
486 2543 572 2630 ipsos
604 2555 693 2610 vetus
719 2567 795 2610 usus
825 2545 990 2612 intercedit
1010 2556 1041 2613 et
1062 2546 1183 2612 Atticus
1204 2558 1312 2613 noster
1332 2549 1485 2615 maiorem

166 2641 260 2707 etism
290 2638 364 2704 mibi
393 2659 466 2704 cnm
487 2637 629 2704 Cossinio
651 2637 907 2704 consuetudinem
929 2639 1012 2707 fecit.
1059 2639 1254 2730 ltaqueftota
1276 2643 1409 2708 Cossinii
1431 2644 1488 2709 do-
1501 2670 1526 2707 :o

166 2755 237 2802 mus
258 2755 308 2799 me
330 2732 432 2826 tinge
451 2732 483 2796 in
504 2731 677 2819 primisque
699 2731 830 2798 libertus
853 2725 937 2840 eius)
959 2738 995 2800 L.
1017 2736 1176 2802 Cossinius
1197 2735 1371 2814 Anchialus,
1393 2738 1488 2833 homo
1571 2731 1665 2822 ..Μ

167 2839 199 2894 et
219 2838 354 2915 panorm
376 2836 408 2891 et
428 2826 552 2912 patroni
574 2827 774 2899 necessariis,
805 2848 869 2914 quo
898 2827 931 2892 in
953 2831 1167 2911 numero'ego
1189 2850 1274 2905 snm,
1307 2825 1488 2916 probatissi-

167 2943 248 2988 mus.
290 2925 322 2985 2.
343 2923 435 2985 Hunc
456 2919 512 2985 tibi
534 2921 577 2984 ita
599 2919 803 2994 commendo,
825 2929 875 2996 ut,
898 2921 925 2986 si
946 2942 1035 2987 mens
1057 2919 1188 2987 libertus
1210 2931 1292 2988 esset
1313 2926 1488 3013 eodemque

170 3014 255 3102 apud
288 3035 338 3079 me
368 3015 440 3080 loco
471 3026 569 3090 esset,
606 3035 669 3101 quo
697 3023 728 3079 et
750 3026 796 3080 est
816 3015 900 3102 apud
920 3037 1012 3081 suum
1033 3024 1216 3101 patronum,
1245 3017 1365 3083 maiore
1386 3019 1490 3085 studio

168 3109 390 3174 commendare
417 3129 480 3174 non
508 3128 643 3194 possem.
698 3111 804 3186 Quare
833 3119 1014 3202 pergratum
1043 3108 1120 3174 mibi
1141 3108 1269 3182 feceris,
1300 3111 1327 3175 si
1356 3131 1427 3175 eum
1456 3111 1489 3176 in
1500 3135 1528 3173 es

169 3203 338 3270 amicitiam
360 3211 445 3268 taem
466 3203 626 3288 receperis
647 3210 740 3290 atque
757 3223 845 3278 enm,
868 3202 953 3290 quod
975 3201 1043 3268 sine
1064 3201 1206 3268 molestia
1228 3212 1281 3268 tua
1296 3201 1360 3278 fiat,
1383 3203 1410 3269 si
1428 3224 1490 3291 qua

169 3297 203 3362 in
224 3318 260 3362 re
283 3316 363 3382 opus
384 3295 415 3361 ei
436 3295 546 3370 fuerit,
569 3295 698 3364 iuveris.
741 3294 775 3362 ld
798 3307 830 3362 et
851 3296 928 3362 mibi
949 3295 1152 3370 vehementer
1173 3305 1296 3381 gratum
1310 3296 1371 3362 erit
1387 3307 1418 3362 et
1433 3296 1490 3363 tibi

170 3399 280 3477 postea
302 3389 482 3457 ineundum.
525 3391 693 3456 Hominem
718 3391 802 3458 enim
831 3411 952 3457 summa
973 3389 1148 3478 probitate,
1171 3389 1360 3456 humanitate
1381 3389 1493 3457 obser·

170 3483 338 3571 vmtiaquc
358 3504 539 3570 cognosces.

619 3638 728 3700 mu
771 3634 820 3720 (A.
847 3639 879 3701 o.
902 3638 934 3702 c.
955 3635 1041 3721 roas
1132 3605 1137 3610 ’
1503 3664 1531 3701 a
1580 3599 1584 3610 ’

653 3759 796 3824 CICERO
819 3757 963 3824 SERVIO
985 3760 1017 3823 S.

263 3875 293 3936 1.
326 3873 403 3936 Cum
424 3878 515 3934 antea
536 3866 696 3956 capiebam
719 3889 758 3933 ex
781 3869 885 3935 allicio
906 3889 979 3936 meo
1000 3869 1207 3956 voluptatem,
1237 3869 1322 3958 qnod
1344 3873 1495 3938 memine-
1622 3937 1633 3966 Ι

174 3987 257 4040 ram,
279 3984 375 4051 mam
397 3960 454 4027 tibi
475 3960 641 4047 diligenter
656 3967 826 4051 Lysonem,
849 3962 1003 4052 hospitem
1018 3971 1049 4029 et
1063 3963 1247 4052 familiarem
1262 3985 1388 4040 mcum,
1411 3987 1496 4032 com·
1608 3974 1629 4048 ζ·

175 4058 387 4134 mendassem;
410 4064 476 4122 tum
498 4076 577 4122 vero
598 4059 801 4144 posteaquam
822 4078 862 4122 ex
883 4057 996 4122 litteris
1018 4056 1086 4122 eius
1108 4059 1241 4143 cognovi
1257 4057 1313 4123 tibi
1328 4079 1398 4124 eum
1417 4059 1496 4125 falso

176 4161 355 4238 suspectum
375 4150 488 4225 finisse,
510 4150 781 4218 vehementissime
802 4152 932 4217 laetatus
953 4172 1023 4217 sum
1044 4171 1095 4216 me
1116 4160 1179 4218 tam
1201 4151 1381 4238 diligentem
1403 4153 1435 4217 in
1457 4171 1534 4218 eoas

177 4243 426 4311 commendando
458 4245 566 4310 fnisse.
616 4250 661 4311 lta
683 4246 766 4310 enim
788 4245 911 4332 scripsit
937 4244 1064 4321 adme,
1098 4244 1157 4310 sihi
1179 4267 1280 4312 meam
1301 4245 1498 4314 commenda·

178 4339 296 4406 tionem
318 4339 455 4404 maximo
477 4339 656 4405 adiumento
678 4339 794 4415 fnisse,
816 4337 903 4426 quod
923 4337 963 4404 ad
985 4351 1015 4405 te
1037 4338 1173 4406 delatum
1194 4341 1313 4406 diceret
1333 4362 1402 4406 sese
1424 4362 1498 4406 con-

180 4445 226 4500 tra
257 4434 437 4520 dignitatem
467 4442 551 4498 tuam
580 4439 696 4499 ltomae
724 4434 763 4498 de
793 4443 823 4499 te
851 4433 940 4519 loqui
967 4433 1093 4499 solitum
1114 4455 1193 4500 esse.
1236 4437 1266 4501 2.
1287 4440 1334 4500 lle
1355 4456 1419 4522 qno
1441 4433 1498 4499 etsi

180 4550 239 4615 pro
278 4539 330 4594 tua
350 4528 498 4594 facilitate
525 4537 556 4592 et
582 4528 771 4593 humanitate
800 4535 966 4613 purgatum
995 4548 1028 4592 se
1055 4525 1110 4593 tibi
1140 4527 1248 4594 scribit
1276 4550 1362 4601 esse,
1396 4538 1498 4594 umen

181 4623 333 4709 primum,
355 4631 391 4689 ut
411 4620 530 4696 debeo,
552 4620 609 4687 tibi
631 4621 783 4687 maximas
812 4621 928 4705 gratias
948 4640 1024 4705 ego,
1053 4641 1125 4686 cum
1140 4630 1259 4687 mutum
1274 4621 1395 4688 litterae
1409 4635 1537 4687 mcaest

181 4725 366 4802 potuerunt,
399 4725 434 4782 ut
455 4715 493 4780 iis
515 4715 602 4782 lectis
623 4735 748 4782 omnem
771 4713 976 4779 offensionem
998 4715 1201 4800 suspicionis,
1231 4736 1324 4804 quam
1346 4715 1499 4782 habueras

182 4809 221 4876 de
243 4815 382 4900 Lysone,
405 4809 596 4898 deponeres;
619 4809 733 4876 deinde
754 4807 863 4874 credas
885 4807 961 4873 mihi
982 4808 1148 4875 affirmanti
1169 4809 1262 4876 velim
1283 4830 1333 4874 me
1355 4809 1416 4876 hoc
1436 4829 1499 4877 non

252 5029 278 5078 7.
307 5031 502 5080 commodarat
529 5034 638 5080 auctore
665 5028 787 5079 Ernestlo
813 5026 962 5081 Schtttzins.
992 5053 1021 5068 -·
1058 5029 1103 5080 fd.
1122 5043 1173 5094 quo
1190 5037 1228 5081 cst
1246 5029 1276 5080 B-
1298 5051 1328 5065 -
1364 5043 1437 5078 mom
1453 5043 1501 5094 pe·

185 5106 292 5148 temtum
309 5099 346 5149 bf:
364 5108 509 5164 patronam
525 5114 599 5150 saum
619 5100 648 5150 ll.
678 5125 710 5136 -
745 5097 789 5148 ³².
813 5099 972 5148 meminerim
997 5099 1035 5148 ld.
1058 5123 1087 5136 -
1123 5099 1166 5150 to.
1186 5102 1319 5150 mmmm
1334 5101 1438 5165 gratior
1457 5099 1500 5152 ll:

184 5172 288 5234 pretias
305 5169 336 5219 ll.
355 5195 388 5205 -
424 5183 495 5221 meos
514 5170 617 5221 turem
635 5169 683 5220 Va.
720 5167 760 5220 lte
778 5166 805 5221 tt
824 5180 879 5218 non
898 5175 1013 5221 constat.
1026 5195 1060 5205 -
1095 5170 1139 5221 tt.
1158 5171 1193 5220 tte
1208 5168 1341 5221 Orelttus:
1361 5171 1401 5220 ts·
1418 5169 1477 5221 llll.
