3628 5876
280 277 339 340 136
705 272 979 339 EPISTULARUM
1000 275 1052 339 ΑΙ)
1075 274 1165 340 ΜΑΜ.

277 445 359 500 stum
380 455 448 499 csse
471 453 542 498 cum
564 431 718 518 Scipione.
772 430 911 500 Calidius
939 431 971 496 in
994 432 1176 498 defensione
1198 453 1254 497 sna
1275 429 1333 496 fuit
1356 431 1595 507 disertissimus,

276 529 307 594 in
329 528 525 595 accusatione
547 525 620 591 satis
642 525 785 612 frigidus.

760 699 797 760 x.
841 695 889 780 (Α.
916 701 948 761 o.
971 701 1003 761 e.
1025 697 1110 782 703.)

726 812 887 876 carmos
911 811 1094 876 areanum
1116 813 1147 876 s

252 957 266 1000 s
362 941 389 1002 1.
412 941 587 1020 Sanequam
616 932 728 997 litteris
754 935 787 998 C.
816 930 913 995 Cassii
942 940 973 994 et
1002 930 1142 994 Deiotari
1175 951 1281 994 sumus
1307 929 1466 995 commoti.
1518 934 1594 994 Nam

276 1030 398 1097 Cassius
420 1029 463 1093 cis
486 1027 665 1112 Euphraten
691 1026 796 1111 copias
824 1023 1011 1088 Parthorum
1034 1046 1102 1089 esse
1131 1023 1273 1109 scripsit;
1309 1024 1498 1098 Deiotarus,
1521 1043 1596 1108 pro-

275 1124 369 1189 fectas
396 1144 454 1209 per
475 1126 713 1206 Commagenem
747 1119 778 1182 in
809 1119 1003 1203 provinciam
1029 1129 1177 1183 nostram.
1235 1123 1301 1202 Ego
1322 1117 1449 1204 quidem
1475 1117 1596 1204 praeci-

274 1239 371 1304 puum
389 1225 522 1289 metum,
555 1214 643 1301 quod
659 1212 697 1278 ad
720 1224 749 1276 te
771 1211 935 1287 attinebat,
968 1213 1085 1286 habui,
1119 1213 1173 1299 qui
1193 1214 1326 1288 scirem,
1350 1233 1442 1300 qnam
1469 1222 1595 1300 paratus

274 1311 313 1376 ab
336 1310 476 1375 exercitu
501 1329 601 1379 esses,
625 1328 664 1370 ne
688 1305 773 1393 qnod
797 1304 847 1367 hic
867 1307 1016 1371 tumultus
1035 1307 1177 1392 dignitati
1201 1317 1273 1372 tuae
1299 1309 1472 1394 periculum
1501 1307 1595 1371 aller·

238 1425 263 1466 ιο
274 1415 332 1471 ret.
375 1410 451 1468 Num
474 1402 512 1467 de
535 1401 617 1475 vita,
640 1399 666 1464 si
688 1399 828 1486 paratior
854 1398 892 1463 ab
913 1403 1053 1466 exercitu
1076 1423 1179 1473 esses.
1201 1403 1392 1478 timuissem
1414 1423 1497 1467 nunc
1517 1401 1595 1478 haec

273 1499 427 1584 exiguitas
442 1496 602 1582 copiarum
617 1515 789 1568 recessum,
812 1518 875 1561 non
900 1495 1131 1560 dimicationem
1156 1495 1233 1560 mihi
1260 1505 1343 1560 tuam
1365 1497 1591 1582 praesagiebat.

272 1599 341 1660 Hoc
363 1589 523 1678 quomodo
548 1589 723 1674 acciperent
749 1589 910 1665 homines,
948 1610 1041 1675 mam
1077 1587 1249 1672 probabilis
1286 1591 1456 1655 necessitas
1489 1591 1594 1655 lutura

273 1695 370 1760 essct,
398 1704 512 1749 vereor
540 1681 734 1760 etianrnunc;
770 1705 871 1771 neque
906 1683 994 1769 prins
1023 1681 1162 1747 desinam
1193 1683 1381 1758 formidare,
1414 1707 1508 1771 quam
1527 1684 1595 1749 teti·

272 1783 354 1867 gissa
383 1789 412 1844 te
439 1778 558 1844 Italiam
587 1777 729 1842 audiero.
784 1783 813 1842 2.
847 1776 908 1842 Sed
937 1776 975 1840 de
1000 1776 1188 1840 Parthorum
1212 1777 1343 1842 transitu
1366 1779 1465 1842 nuntii
1488 1777 1593 1842 varios

239 1893 263 1936 u
273 1892 433 1938 sermones
453 1870 638 1960 excitarunt.
680 1871 767 1935 Alius
786 1873 888 1946 enim,
911 1871 1094 1956 Pompeium
1117 1870 1317 1950 mittendum;
1341 1872 1436 1943 alius,
1459 1869 1498 1934 ab
1514 1869 1594 1934 urhe

272 1966 454 2052 Pompeium
477 1985 539 2028 non
562 1964 807 2042 removendum
830 1966 927 2038 alius,
951 1969 1113 2029 Caesarem
1137 1986 1207 2029 cnm
1229 1985 1286 2030 suo
1308 1967 1470 2042 exercitu;
1493 1967 1592 2042 alius,

273 2061 436 2138 consules;
468 2079 561 2124 nemo
586 2067 705 2130 tamen,
728 2079 769 2122 ex
790 2069 914 2123 senatus
940 2060 1083 2123 consulto
1103 2059 1251 2143 privatos.
1295 2063 1443 2126 Consules
1466 2071 1593 2133 antem,

274 2156 346 2242 quia
375 2161 541 2226 verentur,
578 2173 618 2215 ne
640 2150 716 2216 illud
739 2162 862 2217 senatus
888 2153 1062 2217 consultum
1094 2151 1161 2227 fiat,
1195 2161 1230 2218 ut
1254 2152 1391 2238 paludati
1420 2162 1534 2218 exeant
1563 2161 1594 2216 et

275 2248 500 2314 contumeliose
525 2255 649 2332 praeter
675 2266 729 2310 eos
753 2246 792 2311 ad
821 2246 916 2311 alium
946 2268 996 2310 res
1032 2246 1259 2322 transferatur,
1297 2248 1425 2312 omnino
1453 2255 1594 2311 senatum

237 2342 386 2408 schaberi
407 2342 531 2415 nolunt,
557 2362 658 2427 usqne
680 2361 735 2413 eo,
768 2349 803 2405 ut
823 2360 933 2425 parurn
963 2339 1126 2424 diligentes
1152 2340 1184 2404 in
1210 2361 1245 2404 re
1266 2339 1392 2427 publica
1413 2339 1593 2418 videantur;

281 2436 337 2502 sed
361 2435 510 2508 honeste,
533 2435 599 2499 sive
624 2434 810 2518 negligentia
834 2434 900 2498 sive
917 2433 1029 2499 inertia
1053 2444 1100 2498 est
1124 2435 1190 2500 sive
1214 2435 1288 2508 ille,
1311 2457 1405 2522 quern
1425 2435 1593 2521 proposui,

273 2539 389 2603 metus,
426 2529 499 2594 latet
520 2527 578 2593 suh
605 2528 663 2592 hae
685 2527 907 2614 temperantiae
935 2527 1165 2592 existimatione
1197 2529 1279 2593 nolle
1304 2528 1508 2614 provinciam.
1567 2532 1595 2593 A

273 2633 304 2688 tc
326 2623 447 2688 litterae
470 2642 532 2686 non
559 2630 726 2694 venerunt,
763 2629 809 2694 et,
847 2621 905 2686 nisi
934 2622 1077 2686 Deiotari
1103 2621 1286 2687 subsecutae
1316 2631 1434 2696 essent,
1465 2622 1497 2686 in
1524 2643 1593 2687 eam

274 2717 454 2804 opinionem
484 2716 606 2782 Cassius
634 2713 793 2790 veniebat,
830 2737 910 2801 quae
940 2714 1121 2800 diripuisset
1156 2716 1240 2802 ipsc,
1277 2726 1311 2781 ut
1340 2715 1523 2781 viderentur
1554 2713 1593 2780 ab

237 2811 363 2876 tahoste
387 2819 519 2879 vastata,
542 2808 670 2874 linxisse
696 2808 811 2874 bellum
835 2816 866 2872 et
885 2807 1003 2872 Arabas
1024 2812 1055 2872 in
1076 2809 1270 2889 provinciam
1289 2809 1454 2874 immisisse
1474 2829 1593 2894 eosque

273 2905 404 2970 Parthos
436 2925 504 2968 esse
536 2908 656 2969 senatui
684 2903 886 2969 renuntiasse.
944 2905 1050 2980 Quare
1086 2903 1141 2966 tibi
1174 2903 1309 2980 suadeo,
1342 2904 1519 2990 quicunque
1547 2913 1594 2969 est

273 2998 344 3064 istic
379 3006 475 3062 status
508 3018 635 3073 rerum,
669 2997 835 3080 diligenter
865 3003 897 3059 et
926 3005 1014 3061 caute
1043 2995 1241 3083 perscribas,
1274 3018 1314 3062 ne
1344 3007 1397 3062 ant
1422 2997 1593 3062 velificatus

274 3092 366 3157 alieni
396 3091 510 3156 dicaris
543 3099 596 3158 aut
626 3091 760 3178 aliquid,
794 3089 879 3176 quod
915 3091 1050 3156 rel'erret
1078 3091 1180 3164 scire,
1213 3091 1385 3156 reticuisse.
1443 3096 1473 3156 3.
1506 3096 1594 3156 Nunc

274 3186 377 3250 exitus
414 3194 461 3251 est
496 3186 590 3264 anni;
628 3208 700 3251 narn
740 3206 799 3271 ego
834 3184 889 3250 has
928 3185 1045 3250 litteras
1083 3207 1110 3254 a,
1148 3185 1177 3250 d.
1215 3206 1306 3250 xrrrr.
1328 3185 1396 3250 Kal.
1423 3183 1588 3250 Decembr.

237 3279 393 3365 rescripsi.
452 3279 546 3345 Plane
576 3279 652 3345 nihil
679 3281 772 3346 rideo
805 3289 876 3344 ante
906 3278 973 3344 llal.
1009 3284 1132 3346 Ianuar.
1161 3280 1210 3364 agi
1239 3301 1341 3366 posse.
1392 3279 1479 3344 Nosti
1510 3283 1593 3344 lilar-

274 3373 408 3448 eellnm,
442 3395 534 3459 quarn
566 3375 672 3439 tardus
709 3384 740 3439 et
771 3394 881 3459 parum
913 3373 1022 3438 efficax
1054 3375 1113 3449 sit,
1157 3377 1295 3461 itemque
1329 3373 1456 3439 Servius
1498 3394 1592 3459 qnam

275 3474 446 3530 cunctator.
504 3467 685 3532 Cuiusmodi
715 3475 806 3553 putas
827 3470 884 3530 hos
906 3487 994 3541 esse,
1017 3476 1069 3532 ant
1091 3489 1182 3554 quam
1203 3467 1250 3542 id,
1274 3467 1359 3555 qnod
1380 3467 1495 3540 nolint,
1518 3487 1593 3531 con·

275 3559 367 3624 srcere
390 3581 497 3645 posse,
531 3565 604 3646 qui,
643 3582 722 3647 qnae
753 3560 898 3645 cupiunt,
931 3569 1033 3624 tamen
1069 3563 1111 3627 ita
1142 3562 1254 3648 frigide
1287 3573 1400 3648 agunt,
1434 3571 1470 3627 ut
1506 3561 1590 3626 nolle

276 3655 515 3720 existimentur?
556 3655 649 3719 Novis
682 3653 911 3740 magistratibus
943 3664 1066 3731 autern,
1102 3657 1129 3722 si
1157 3658 1332 3722 Parthicum
1363 3656 1480 3721 bellurn
1513 3656 1589 3730 erit,

237 3749 351 3812 sshaoe
383 3770 474 3812 causa
503 3749 623 3834 primos
653 3770 775 3813 menses
805 3747 978 3832 occupabit.
1032 3751 1085 3815 Sin
1119 3761 1221 3816 autem
1254 3762 1306 3816 aut
1341 3773 1403 3815 non
1435 3751 1496 3816 erit
1523 3748 1592 3815 istic

274 3841 411 3916 bellum,
439 3853 491 3909 aut
521 3854 637 3908 tanturn
665 3842 743 3917 erit,
779 3850 896 3907 utros
926 3853 978 3907 ant
1004 3866 1200 3911 successores
1220 3845 1326 3930 parvis
1349 3844 1461 3910 additis
1490 3843 1590 3930 copiis

274 3936 428 4001 sustinere
453 3937 587 4022 possint,
616 3936 783 4003 Curionem
799 3935 892 4000 video
912 3958 945 4000 se
967 3937 1133 4024 dupliciter
1153 3940 1354 4005 iactaturum:
1376 3945 1533 4024 primurn,
1555 3947 1591 4003 ut

274 4028 390 4116 aliquid
406 4032 530 4100 Caesari
548 4030 679 4108 adimat;
703 4030 775 4094 inde
786 4041 821 4094 ut
835 4030 951 4116 aliquid
967 4036 1116 4118 Pompeio
1134 4032 1259 4106 tribuat,
1275 4032 1407 4119 quodvis
1422 4032 1592 4121 quamlibet

274 4132 367 4192 tenue
395 4125 622 4195 munusculum.
670 4124 794 4191 Paullus
826 4144 924 4208 porro
956 4146 1020 4190 non
1041 4126 1174 4190 humane
1197 4126 1235 4190 de
1256 4125 1417 4212 provincia
1440 4129 1590 4215 loquitur.

236 4231 265 4274 *θ
274 4219 374 4283 Huius
404 4219 562 4305 cupiditati
593 4239 781 4283 occursurus
817 4227 865 4281 est
894 4219 1028 4283 Furnius
1060 4230 1180 4296 noster:
1213 4221 1319 4307 plures
1348 4227 1498 4306 suspicari
1527 4241 1592 4286 non

343 4440 369 4496 1.
389 4438 504 4488 Calidius
521 4437 566 4488 hl:
586 4439 710 4487 Canidius
729 4438 759 4487 E.
779 4464 810 4472 —
837 4439 863 4488 5.
884 4434 976 4500 Cassii]
998 4439 1115 4488 Caesarie
1133 4439 1170 4489 M.
1190 4465 1222 4475 —-
1249 4441 1276 4490 ’1.
1296 4443 1481 4504 commaginem
1498 4439 1536 4492 Μ.
1557 4461 1588 4474 -

273 4507 300 4558 8.
320 4523 398 4572 quum
415 4511 564 4570 imperatus
582 4509 699 4558 malebat
717 4508 882 4566 Lambinus,
913 4523 990 4572 quum
1007 4522 1102 4570 purum
1120 4517 1232 4571 paretur
1260 4511 1406 4560 Ernestlus.
1437 4535 1468 4546 -
1504 4511 1530 4561 9.
1550 4511 1589 4559 di·

272 4581 382 4642 puitutir
400 4579 437 4628 Μ.
462 4603 490 4619 --
526 4580 568 4627 10.
588 4581 712 4628 timuisset
734 4579 772 4629 Μ.
800 4601 833 4613 -·
870 4579 911 4628 17.
931 4579 1002 4628 Fort.
1023 4593 1055 4628 ee
1072 4587 1164 4630 eructu
1179 4583 1309 4643 privatos.
1329 4581 1379 4632 On.
1402 4605 1432 4616 -·
1452 4581 1495 4630 13.
1513 4581 1590 4642 pleu-

273 4649 331 4700 dett
349 4649 384 4699 Μ.
417 4675 449 4690 -.-
485 4655 510 4698 et
529 4648 574 4698 lll:
594 4649 689 4698 uutll.
724 4671 752 4685 -
790 4649 833 4696 22.
855 4649 982 4699 lotetbl:
1002 4648 1085 4698 latent
1104 4650 1134 4699 ll.
1155 4674 1185 4685 -
1223 4648 1515 4701 etennensium.
1536 4651 1587 4700 132

273 4719 361 4767 ueniat
388 4718 415 4769 Μ
442 4713 481 4780 (ut
501 4719 549 4781 Ep.
570 4720 622 4777 11,
652 4720 677 4767 1.
697 4718 844 4779 eripiuntur
862 4733 910 4781 pro
928 4717 1134 4783 eripiebantur),
1165 4729 1270 4770 uenum
1297 4721 1327 4770 lt.
1359 4745 1391 4755 -
1433 4721 1477 4770 26.
1496 4735 1589 4770 renuo-

275 4789 365 4840 memet
375 4789 411 4837 Μ.
420 4815 452 4824 -
470 4789 513 4839 28.
527 4790 667 4853 referretur
675 4789 751 4836 sciret
763 4789 904 4838 rctimieret
914 4789 951 4840 Μ.
967 4814 998 4824 -
1015 4791 1058 4840 32.
1072 4791 1166 4840 ioeM:
1183 4792 1228 4841 hoe
1237 4791 1268 4841 E.
1280 4815 1311 4827 ·-
1324 4792 1450 4856 puomhl:
1461 4794 1505 4854 qui
1514 4791 1545 4840 ll.
1557 4813 1588 4825 -

274 4857 318 4906 33.
346 4859 421 4907 aiunt
447 4859 484 4909 Μ.
510 4884 538 4895 -
576 4858 620 4907 35.
640 4865 727 4908 autem
751 4865 799 4907 aut
824 4873 877 4907 non
895 4860 936 4910 N:
967 4867 1014 4910 aut
1040 4862 1074 4909 rit
1096 4868 1141 4910 out
1167 4875 1221 4909 uon
1248 4862 1291 4921 hl,
1321 4869 1407 4913 eutem
1431 4875 1486 4912 nou
1506 4861 1534 4916 li·
1557 4883 1588 4900 ··

274 4924 453 4996 aestuatum]
472 4935 558 4978 nutem
576 4935 630 4978 tum
649 4928 686 4980 Μ.
708 4951 738 4962 -
775 4927 818 4978 38.
838 4930 945 4992 quodvis
964 4929 1126 4981 Cratander:
1147 4933 1247 4998 quiduis
1264 4932 1324 4987 ΜΕ.
