3662 5892
681 445 753 506 Lm.
776 444 859 510 xvi.
902 445 961 508 ΕΡ.
983 446 1014 506 7.
1037 444 1067 506 8.
1474 448 1534 510 'idi

209 599 331 664 valcant
357 605 411 664 aut
439 618 503 684 quo
530 606 684 685 spectent,
715 600 807 686 plane
837 621 900 666 non
921 599 1031 678 rideo;
1059 621 1117 666 nec
1144 621 1204 686 ego
1232 621 1330 677 nunc,
1359 610 1395 668 ut
1421 609 1536 669 Brutus

209 692 369 766 censebat,
398 692 478 757 istuc
504 691 543 757 ad
572 714 640 758 rem
668 693 826 780 publicam
854 694 1076 779 capessendam
1107 695 1211 761 venio.
1256 695 1340 774 Quid
1362 697 1445 762 enim
1468 695 1537 762 lieri

208 792 332 872 potest‘t
368 790 448 851 Num
470 785 540 872 quis
562 788 666 852 Pisoni
689 796 736 852 est
757 793 921 852 assensus?
955 794 1036 854 Num
1057 788 1152 855 rediit
1173 789 1241 875 ipse
1263 789 1437 876 postridie?
1475 791 1537 856 Sed

209 877 318 944 abesse
341 879 421 944 hanc
442 889 573 945 aetatem
596 882 689 966 longe
716 881 901 967 asepulcro
924 892 1037 967 negant
1059 891 1217 969 oportere,
1259 886 1289 949 8.
1320 883 1382 950 Sed
1403 885 1536 952 obsecro

209 981 254 1047 tc,
285 973 360 1059 quid
391 981 437 1038 est
463 973 548 1060 quod
571 975 677 1040 audivi
705 974 744 1041 de
765 981 885 1042 Bruto?
920 976 1031 1041 Piliam
1059 980 1271 1064 πειράζεσθαι
1293 979 1478 1062 παραλύσει
1507 988 1560 1044 teo

208 1064 370 1151 scripsisse
393 1066 505 1132 aiebat.
549 1069 648 1136 Valde
670 1091 738 1134 sum
761 1078 954 1147 commotus;
985 1071 1045 1136 etsi
1067 1071 1166 1146 idem,
1193 1081 1223 1136 te
1245 1070 1387 1136 scribere
1408 1093 1537 1158 sperare

208 1159 330 1226 melius.
373 1166 419 1227 lta
439 1162 531 1248 plane
553 1164 656 1232 velim.
696 1163 735 1228 Ei
756 1164 842 1229 dicas
863 1164 1031 1250 plurimam
1054 1165 1185 1230 salntem
1207 1175 1238 1230 et
1260 1164 1463 1233 suavissimae
1485 1171 1538 1231 At-

208 1253 297 1320 ticae.
340 1257 559 1342 Haecscripsi
580 1258 747 1343 navigans,
770 1279 842 1323 cum
863 1258 1088 1345 Pompeianum
1110 1258 1310 1334 accederem,
1333 1279 1427 1326 xum
1448 1259 1515 1326 Kal.

675 1420 756 1481 vm.
800 1417 849 1500 (A.
877 1421 909 1482 a.
933 1420 965 1484 c.
988 1417 1077 1496 710.)

690 1549 833 1616 ClCERO
855 1551 1000 1615 ATTICO
1024 1551 1055 1614 S.
1550 1591 1574 1632 to

298 1677 326 1737 1.
359 1675 436 1736 Cnm
465 1671 576 1746 sciam,
606 1692 670 1758 quo
697 1670 748 1735 die
777 1679 928 1736 venturus
955 1671 1030 1747 sim,
1061 1671 1188 1748 faciam,
1217 1681 1252 1739 ut
1273 1675 1361 1740 scias.
1403 1673 1539 1760 Impedi-

207 1774 312 1830 menta
341 1763 548 1850 exspectanda
577 1776 664 1839 sunt,
699 1785 779 1851 qnae
806 1764 945 1849 Anagnia
974 1765 1119 1845 veniunt3
1152 1775 1184 1832 et
1212 1766 1328 1832 familia
1357 1788 1452 1852 aegra
1481 1779 1537 1833 est.

207 1858 275 1923 Kal.
304 1863 428 1944 vesperi
455 1857 578 1924 litterae
606 1857 682 1923 mihi
712 1857 751 1922 ab
782 1859 963 1924 Octaviano.
1012 1865 1124 1947 Magna
1152 1860 1291 1926 molitur.
1346 1868 1537 1936 veteranos,

208 1953 317 2039 quiqui
340 1953 465 2018 Casilini
488 1961 519 2018 et
541 1953 677 2020 Calatiae
699 1963 784 2028 sunt,
814 1951 965 2038 perduxit
986 1953 1025 2018 ad
1047 1976 1134 2020 suam
1158 1957 1352 2021 sententiam.
1396 1960 1459 2022 Nec
1480 1957 1539 2020 mi-

207 2068 295 2112 rum:
324 2047 499 2132 quingenos
528 2047 674 2113 denarios
704 2046 764 2112 dat.
809 2047 932 2132 Cogitat
958 2047 1096 2135 reliquas
1126 2049 1265 2114 colonias
1294 2048 1395 2115 obire.
1443 2050 1575 2117 Plancis

207 2140 267 2206 hoc
288 2150 420 2226 spectat,
443 2150 479 2207 nt
499 2163 533 2208 se
555 2141 634 2207 duce
657 2140 775 2206 bellum
792 2151 922 2227 geratur
943 2163 1015 2205 cum
1030 2144 1176 2208 Antonio.
1213 2143 1324 2230 Itaque
1346 2143 1440 2210 video
1461 2165 1538 2231 pau-

207 2235 251 2300 cis
278 2233 389 2300 diebus
417 2256 475 2300 nos
503 2235 537 2300 in
564 2236 659 2301 armis
688 2235 767 2300 lore.
814 2238 916 2313 Quem
946 2247 1049 2302 autem
1072 2243 1266 2322 sequamur?
1303 2236 1382 2304 Vide
1405 2259 1537 2309 nomen,

206 2328 278 2394 vide
300 2337 443 2394 aetatem.
479 2335 580 2417 Atque
603 2351 686 2396 ame
708 2329 860 2416 postulat,
882 2328 1020 2416 primum
1042 2339 1077 2395 ut
1092 2330 1170 2396 clam
1193 2330 1391 2417 colloquatur
1413 2352 1537 2396 mecum

206 2422 257 2487 vel
285 2426 407 2508 Capuae
435 2423 486 2490 vel
514 2445 578 2490 non
607 2425 700 2510 longe
729 2428 886 2510 acapna.
930 2423 1055 2490 Puerile
1084 2424 1144 2489 boc
1166 2423 1310 2511 quidem,
1342 2425 1369 2490 si
1391 2424 1423 2490 id
1452 2433 1539 2511 putat

206 2518 285 2583 clam
307 2517 376 2582 fieri
403 2538 507 2604 posse.
549 2519 651 2585 Docni
680 2539 739 2605 per
760 2519 879 2583 litteras
908 2516 941 2582 id
963 2539 1021 2583 nec
1049 2539 1130 2604 opus
1159 2539 1228 2583 esse
1259 2539 1317 2583 nec
1338 2517 1408 2584 lieri
1434 2539 1577 2602 possead
1641 2596 1649 2611 .

206 2617 236 2678 2.
258 2612 343 2677 Misit
364 2610 403 2676 ad
425 2635 476 2678 mc
493 2614 657 2680 Caecinam
679 2613 835 2698 quendam
858 2611 1118 2686 Volaterranum,
1141 2612 1328 2677 familiarem
1350 2635 1459 2687 suum,
1484 2613 1538 2700 qui
1632 2621 1652 2654 ‘²

206 2707 283 2772 haec
304 2705 446 2790 pertulit:
469 2707 640 2773 Antonium
661 2726 733 2770 cum
754 2707 880 2790 legione
905 2706 1095 2772 Alaudarum
1118 2706 1157 2771 ad
1180 2700 1291 2771 urbem
1314 2728 1461 2794 pergere,
1485 2730 1540 2794 pe·

206 2800 313 2865 eunias
342 2799 520 2885 municipiis
547 2801 721 2884 imperare,
751 2800 909 2884 legionem
936 2796 995 2862 sub
1023 2798 1121 2882 signis
1149 2798 1275 2864 ducere.
1320 2799 1540 2876 Consultabat,

206 2904 314 2959 utrum
335 2899 467 2958 Romam
489 2913 560 2958 cum
577 2910 631 2958 cm
649 2909 702 2958 cm
721 2909 786 2958 cm.
809 2899 1031 2956 veteranorum
1054 2890 1322 2974 proficisceretur,
1346 2914 1385 2957 an
1401 2897 1536 2979 Capuam

209 2997 327 3052 teneret
349 2996 380 3050 ct
400 2984 570 3051 Antonium
592 2985 769 3049 venientem
793 2981 991 3055 excluderet,
1021 3003 1060 3046 an
1082 2988 1143 3047 iret
1164 2982 1203 3048 ad
1226 2995 1290 3058 tres
1312 2985 1452 3070 legiones
1475 2991 1575 3054 Mara

208 3080 388 3154 ccdonicas,
416 3099 495 3164 quae
519 3077 580 3142 iter
601 3075 773 3142 secundum
795 3098 883 3142 mare
905 3096 1054 3160 superum
1076 3075 1210 3153 faciunt3
1240 3097 1317 3162 quas
1339 3089 1446 3163 sperat
1466 3101 1538 3145 suas

207 3195 286 3239 esse.
329 3178 392 3238 Eae
422 3170 617 3257 congiarium
647 3169 685 3234 ab
716 3170 852 3236 Antonio
881 3169 1024 3255 accipere
1052 3169 1238 3245 noluerunt,
1270 3179 1306 3235 nt
1333 3171 1383 3236 hic
1411 3172 1540 3258 quidem

207 3277 330 3342 narrat,
351 3276 383 3332 et
397 3266 427 3331 ei
442 3264 618 3330 convicium
634 3286 729 3350 grave
745 3263 887 3329 iecerunt
901 3263 1195 3349 contionantemque
1211 3263 1417 3350 reliquerunt.
1455 3265 1539 3343 Quid

208 3361 355 3449 quaeris?
376 3366 496 3426 Ducem
518 3379 551 3424 se
574 3357 740 3444 profitetur
761 3379 818 3423 nec
840 3379 898 3423 nos
920 3356 981 3422 sibi
1002 3367 1090 3442 putat
1111 3358 1221 3422 deesse
1244 3367 1403 3444 oportere.
1443 3360 1539 3446 Equi-

207 3455 280 3520 dem
308 3455 409 3530 suasi,
440 3462 475 3520 nt
495 3461 626 3519 Romam
657 3461 813 3539 pergeret.
856 3452 989 3519 Videtur
1010 3452 1093 3516 enim
1116 3452 1193 3517 mihi
1215 3462 1247 3517 et
1268 3451 1462 3538 plebeculam
1486 3475 1576 3518 arao

207 3549 318 3614 hanam
335 3559 378 3622 et,
402 3549 428 3614 si
445 3548 537 3614 fidem
559 3547 685 3622 lecerit,
710 3549 803 3614 etiam
826 3546 927 3612 bonos
943 3545 1028 3610 viros
1050 3567 1155 3612 secum
1177 3545 1352 3612 habiturus.
1390 3549 1537 3624 OBrute,

206 3643 260 3709 ubi
284 3649 341 3708 est
364 3654 511 3728 quantam
533 3647 706 3728 εὐκαιρίαν
728 3640 860 3706 amittist
887 3646 956 3705 Non
979 3639 1124 3726 equidem
1148 3641 1207 3706 hoc
1229 3641 1383 3717 divinavi,
1406 3641 1461 3707 sed
1484 3643 1539 3708 ali-

206 3738 283 3826 quid
305 3738 366 3804 tale
388 3737 496 3823 putavi
517 3737 599 3802 iore.
641 3741 730 3801 Nunc
751 3745 842 3800 tuum
864 3733 1029 3800 consilium
1051 3735 1197 3820 exquiro.
1241 3743 1411 3802 Romamne
1433 3737 1537 3813 venio,

187 3854 244 3899 'an
273 3831 324 3898 hic
353 3852 482 3906 maneo,
513 3853 553 3896 an
580 3829 734 3917 Arpinum
755 3867 796 3876 —
826 3831 1017 3910 ἀσφάλειαν
1046 3827 1140 3894 habet
1161 3829 1188 3896 is
1219 3830 1306 3896 locus
1328 3866 1368 3877 —
1395 3829 1536 3916 ingiam?

206 3934 351 4004 Romarm
382 3946 422 3991 ne
445 3927 679 3998 desideremur,
709 3924 735 3989 si
758 3923 834 4011 quid
856 3931 959 3989 actum
981 3922 1151 3990 videbitur.
1194 3927 1263 3988 Hoc
1284 3924 1383 4010 igitur
1404 3924 1576 4011 explicam

206 4025 370 4105 Nunquam
392 4021 423 4084 in
446 4021 568 4086 maiore
590 4024 717 4107 ἀπορίᾳ
740 4019 796 4085 lui.

276 4239 303 4288 3.
321 4235 399 4301 Num]
419 4255 487 4289 nunc
505 4254 547 4303 pr.
568 4239 605 4290 111.
627 4263 658 4274 -
695 4239 721 4288 7.
743 4235 785 4301 m]
803 4239 839 4288 Et
858 4239 908 4288 ml.
935 4262 963 4273 -
1000 4237 1146 4300 plurimam
1162 4233 1287 4300 aolidem]
1304 4239 1374 4300 plur.
1395 4239 1432 4288 ol.
1454 4239 1490 4290 m.
1506 4261 1540 4276 -·

205 4311 232 4361 8.
251 4311 408 4360 accederem.
441 4309 513 4360 Vale.
552 4307 682 4372 (Epistola
701 4306 795 4372 nove.)
834 4309 1039 4371 Quartodecimo
1056 4305 1118 4356 Kal.
1139 4321 1198 4356 cnm
1217 4308 1239 4358 1.
1267 4333 1301 4343 -
1338 4309 1380 4358 12.
1400 4305 1537 4374 Anagnia]

205 4381 296 4431 Annio
313 4379 352 4437 R,
382 4393 400 4428 o
422 4379 491 4428 Vino
508 4380 531 4429 1.
559 4403 590 4414 -
629 4380 671 4429 13.
697 4380 761 4428 mitti
779 4378 883 4429 litterae
905 4378 935 4427 R.
966 4403 999 4414 -
1037 4377 1186 4427 Octauiano
1204 4379 1323 4429 redditae
1340 4383 1410 4427 sunt.
1440 4393 1539 4444 mogon

206 4451 229 4501 1.
248 4475 282 4485 -
319 4448 362 4498 11.
384 4451 431 4512 quc·
450 4450 486 4509 R,
506 4449 577 4513 quod
598 4449 731 4512 praefero.
763 4447 814 4500 Oa.
836 4475 863 4486 ·-
903 4454 967 4497 aaut
986 4460 1041 4497 om.
1061 4447 1123 4499 MR.
1152 4473 1180 4484 -
1220 4449 1263 4498 15.
1283 4450 1440 4513 quingentos
1459 4450 1481 4499 1.
1502 4473 1539 4486 -

206 4521 248 4571 to.
269 4528 295 4572 te
312 4521 343 4570 R.
368 4545 402 4554 —
438 4520 480 4570 19.
499 4521 539 4570 oet
557 4533 611 4568 nen
630 4519 706 4584 torrae
726 4533 744 4567 a
763 4520 855 4580 capae
873 4532 928 4569 om.
947 4518 1024 4568 mut.
1061 4517 1179 4579 (Inserta
1197 4524 1261 4568 suat
1278 4533 1294 4568 a
1313 4517 1494 4570 Cratandrina
1513 4523 1540 4570 et

206 4591 272 4641 Cod.
295 4592 322 4641 in
342 4604 396 4652 mg.
418 4590 523 4652 Repett.
543 4590 654 4645 Lemb.)
676 4613 707 4626 -
741 4586 774 4651 ei]
794 4590 839 4638 ned
857 4588 878 4639 1.
906 4614 933 4624 -
964 4588 1009 4638 20.
1030 4587 1172 4636 licead·-
1190 4602 1292 4650 -posse
1311 4603 1366 4638 om.
1388 4590 1419 4639 R.
1440 4612 1472 4624 -
1491 4591 1537 4640 do·

205 4665 312 4724 cutper
330 4661 414 4711 literis
433 4675 473 4724 pr.
493 4661 539 4728 M,
559 4660 636 4709 docnt
654 4660 738 4709 itteris
757 4659 769 4708 1
788 4664 815 4709 et
833 4672 904 4708 corr.
924 4658 963 4708 M.
995 4679 1022 4690 -
1061 4657 1105 4707 21.
1127 4657 1263 4720 quondum
1280 4658 1332 4709 Ml.
1362 4683 1390 4694 -
1428 4659 1539 4711 221101

205 4732 252 4783 Rl.
276 4756 306 4768 -
332 4731 478 4780 Antoniam
496 4727 564 4792 cum}
584 4735 661 4780 tanto
680 4744 738 4779 cum
756 4743 796 4791 pr.
816 4729 861 4788 M,
882 4734 989 4777 tantum
1006 4725 1154 4777 Antonium
1172 4728 1235 4776 Asc.
1250 4731 1327 4779 tertia
1341 4733 1368 4778 et
1380 4743 1451 4779 corr.
1465 4730 1538 4780 m.-

204 4803 249 4852 23.
268 4798 325 4864 suo]
344 4803 403 4852 ruis
420 4801 494 4852 MRl.
533 4799 577 4864 (Ut
595 4814 662 4860 nos,
683 4799 876 4862 »Atticapud
895 4799 973 4848 Pium
992 4803 1019 4848 et
1036 4799 1100 4847 Aac.
1121 4795 1221 4854 tertia.)
1251 4825 1282 4836 -
1319 4799 1364 4848 21.
1389 4797 1540 4863 cumlspa-

206 4871 284 4936 tium)
298 4876 483 4922 veteranorum
500 4872 537 4930 R,
559 4885 617 4919 cum
635 4883 690 4920 ccc.
710 4877 895 4920 veteranorum
913 4869 942 4930 l,
963 4883 1020 4917 eom
1038 4881 1121 4916 mauu
1139 4876 1323 4918 ueteranorum
1342 4883 1413 4919 corr·
1427 4869 1464 4920 Ad.
1495 4870 1541 4930 (Ut

205 4957 270 5004 nos,
291 4956 332 5006 pr.
352 4943 401 4998 Μ.)
422 4968 453 4978 -
472 4941 591 4991 2111111
612 4941 648 4990 R:
669 4948 694 4991 et
714 4939 741 5000 l,
762 4939 823 4989 Hoc
843 4939 873 4990 11.
896 4963 927 4974 -
953 4944 984 4988 at
1002 4934 1054 4999 Ate]
1073 4937 1160 4987 octat
1179 4952 1219 5001 pr.
1240 4938 1284 4995 m,
1304 4939 1345 4989 oet
1363 4941 1450 4990 ethic
1468 4955 1540 4992 corr.

204 5015 243 5066 111.
264 5035 296 5048 -
332 5013 376 5064 23.
397 5013 499 5077 grande
517 5012 540 5060 1.
573 5036 599 5048 -
640 5012 828 5062 2111111011.
849 5011 935 5062 11.-
973 5007 1018 5058 33.
1038 5008 1342 5060 ueniam-maneam
1360 5011 1460 5064 mavolt
1480 5013 1542 5066 Wo-

204 5085 332 5148 aenberg.
355 5109 383 5122 -
422 5083 466 5135 31.
487 5083 570 5134 toene.
599 5081 712 5147 Fagtam
730 5081 843 5133 Romam
862 5081 900 5140 R,
921 5080 995 5131 toene
1013 5079 1117 5144 sugam,
1140 5075 1201 5144 (sic)
1220 5077 1333 5130 Romam
1351 5081 1374 5132 1.
