3668 5924
834 401 893 464 ΕΡ.
914 402 965 466 ab
987 401 1158 466 Arrtcuu

793 562 872 624 ru.
914 561 968 640 (A.
994 561 1026 624 e.
1053 563 1084 625 c.
1107 559 1196 638 css.)

815 682 957 747 CICERO
980 680 1122 748 ATTICO
1145 683 1176 747 S.

424 801 451 860 1.
481 795 614 873 Quaeris
641 813 681 858 ex
708 809 778 868 me,
814 791 889 880 quid
915 791 1061 859 acciderit
1088 792 1127 859 de
1155 789 1287 868 iudicio,
1320 794 1404 880 quod
1431 805 1494 861 tam
1524 803 1656 881 praeter

337 889 516 976 opinionem
544 889 682 953 omnium
710 885 823 951 factum
852 885 907 963 sit,
941 895 973 950 et
998 885 1090 952 simul
1118 885 1165 950 vis
1187 885 1282 957 scire,
1311 907 1373 973 quo
1395 887 1489 953 modo
1510 909 1570 974 ego
1591 890 1652 953 mi-

317 997 410 1059 ³uus,
441 1004 534 1071 quam
563 982 694 1055 soleam,
723 979 893 1066 proeliatus
921 980 995 1046 sim:
1023 978 1221 1067 respondebo
1242 977 1299 1044 tibi
1320 982 1455 1069 ὕστερον
1476 981 1652 1069 πρότερον.

334 1081 525 1164 Ὁμηρικῶς.
582 1081 649 1160 Ego
676 1078 773 1149 enim;
804 1094 897 1160 quam
924 1073 979 1138 diu
1004 1083 1128 1138 senatus
1155 1072 1320 1137 auctoritas
1348 1074 1425 1139 mihi
1457 1074 1653 1143 defendenda

337 1169 411 1247 fuit,
440 1171 486 1238 sic
506 1169 619 1236 acriter
646 1178 677 1233 et
697 1166 897 1233 vehomenter
918 1167 1086 1253 proeliatus
1107 1187 1193 1240 sum,
1208 1163 1260 1259 (ut
1281 1167 1399 1232 clamor
1419 1189 1653 1258 concursusque

191 1286 235 1329 r
337 1265 472 1332 maxime
501 1285 571 1330 cum
597 1283 667 1328 mea
696 1262 786 1328 laude
818 1249 947 1360 tierent.)
994 1261 1114 1339 Quodsi
1143 1259 1201 1326 tibi
1231 1281 1369 1348 unquam
1400 1283 1469 1329 sum
1500 1265 1586 1332 visus
1616 1265 1653 1329 in

337 1381 372 1425 re
400 1360 524 1448 publica
551 1359 658 1434 fortis,
687 1364 771 1423 certe
797 1377 848 1421 me
876 1352 910 1421 iu
938 1353 989 1419 illa
1015 1374 1107 1420 causa
1134 1352 1303 1419 admiratus
1331 1374 1425 1420 esses.
1469 1359 1546 1422 Cum
1567 1359 1652 1422 enim

303 1454 389 1520 wille
419 1454 459 1518 ad
486 1455 645 1519 contiones
674 1450 863 1536 confugisset
888 1449 920 1514 in
947 1447 1048 1535 iisque
1079 1469 1150 1514 meo
1172 1447 1298 1512 nomine
1319 1447 1358 1512 ad
1378 1448 1527 1515 iuvidiam
1548 1461 1652 1518 utere-

337 1558 405 1624 tur,
436 1547 480 1612 dii
508 1546 710 1612 immortalest
739 1564 816 1632 quas
844 1561 903 1626 ego
931 1562 1050 1629 pugnas
1076 1551 1108 1608 et
1134 1551 1263 1630 quantas
1290 1549 1409 1627 strages
1437 1543 1537 1609 edidit
1570 1567 1651 1633 quos

337 1643 470 1729 impetus
498 1643 530 1707 in
556 1641 716 1714 Pisonem,
752 1637 784 1702 iu
813 1636 1002 1712 Curionem,
1037 1636 1070 1702 in
1098 1644 1194 1702 totam
1215 1635 1298 1701 illam
1319 1657 1444 1702 manum
1472 1636 1550 1703 fecit
1586 1661 1651 1727 quo

336 1734 432 1801 modo
461 1756 529 1801 sum
558 1734 723 1800 insectatus
744 1730 899 1796 levitatem
921 1750 1044 1806 senum,
1072 1728 1234 1796 libidinem
1258 1729 1441 1796 iuventutist
1470 1734 1584 1817 Saepe,
1607 1733 1650 1798 ita

337 1851 387 1894 me
419 1828 463 1895 dii
494 1829 614 1894 iuventl
652 1835 682 1892 te
708 1847 772 1890 nou
800 1825 900 1890 solum
927 1834 1087 1889 auctorem
1113 1823 1316 1891 consiliorum
1344 1845 1508 1901 meorum,
1540 1847 1651 1892 verum

216 1987 221 2008 ,
302 1923 430 1990 uetiam
466 1931 671 2010 spectatorem
703 1939 878 2007 pugnarum
904 1917 1106 1984 mirificarum
1133 1915 1318 1984 desideravi.
1373 1921 1404 1982 2.
1431 1922 1541 1984 Postea
1572 1940 1651 1984 vero

206 2032 208 2042 ’
337 2038 430 2104 quam
465 2016 650 2082 Hortensius
677 2012 886 2099 excogitavit,
922 2022 956 2078 ut
987 2012 1088 2097 legem
1118 2012 1157 2079 de
1189 2013 1349 2098 religione.
1369 2010 1473 2079 Fufius
1506 2012 1651 2079 tribunus

337 2109 379 2197 pl.
405 2107 518 2185 ferret,
545 2111 577 2174 in
605 2131 665 2196 qua
693 2108 770 2174 nibil
791 2105 874 2172 aliud
896 2127 915 2170 a
937 2105 1095 2172 consulari
1121 2107 1284 2194 rogatione
1306 2105 1468 2172 differebat
1488 2106 1651 2172 nisi'iiidi-

337 2224 407 2268 cum
440 2223 537 2289 genus
569 2240 610 2250 -—
642 2201 674 2267 in
707 2222 745 2266 eo
777 2210 880 2265 autem
912 2210 1002 2264 erant
1034 2199 1137 2266 omnia
1169 2237 1233 2276 —,
1269 2200 1503 2288 pugnavitque,
1542 2209 1576 2267 ut
1607 2203 1650 2266 ita

338 2295 441 2368 fieret.
473 2295 558 2382 quod
587 2295 618 2360 et
639 2294 697 2360 sibi
720 2303 751 2360 et
772 2294 838 2359 aliis
867 2302 1067 2380 persuaserat
1095 2295 1187 2360 nullis
1214 2294 1301 2360 illum
1329 2293 1483 2360 iudicibus
1511 2295 1650 2381 effugere

299 2411 451 2478 mposse,
484 2389 626 2455 contraxi
653 2388 722 2453 vela
754 2386 944 2474 perspiciens
971 2385 1108 2473 inopiam
1141 2387 1300 2464 iudicum,
1333 2410 1434 2475 neque
1466 2387 1533 2454 dixi
1561 2390 1649 2476 quid-

337 2504 429 2570 qnam
456 2503 515 2570 pro
537 2482 731 2556 testimonio,
760 2479 821 2545 nisi
841 2478 927 2566 quod
948 2489 1015 2544 erat
1035 2480 1079 2545 ita
1099 2489 1207 2546 notum
1229 2490 1320 2568 atque
1342 2490 1498 2558 testatum,
1532 2492 1649 2550 utnon

337 2595 462 2663 possem
487 2576 670 2663 praeterire.
725 2575 850 2660 ltaque,
879 2571 906 2638 si
936 2593 1060 2638 causam
1088 2575 1212 2660 quaeris
1240 2574 1505 2642 absolutionis-
1527 2586 1561 2642 ut
1587 2577 1649 2642 iam

187 2660 247 2752 .·4’·
338 2671 418 2756 πρὸς
445 2669 481 2737 τὸ
509 2671 666 2754 πρότερον
692 2673 834 2734 revertar
863 2703 923 2742 -,
937 2667 1072 2754 (egestas
1094 2667 1232 2735 iudicum
1260 2668 1318 2735 fuit
1340 2680 1371 2738 et
1390 2665 1564 2757 turpitudo}
1614 2670 1650 2736 ld

338 2771 442 2830 autem
468 2769 503 2830 ut
529 2763 699 2838 accideret,
732 2766 930 2828 commissum
954 2769 1001 2826 est
1021 2762 1181 2828 Hortensii
1204 2764 1349 2838 consilio,
1376 2763 1446 2851 qui,
1473 2763 1547 2830 dum
1568 2765 1649 2829 veri·

301 2871 387 2948 ²⁵tus
413 2867 475 2933 est,
505 2879 544 2924 ne
566 2856 669 2924 Fufius
698 2855 727 2921 ei
757 2855 818 2940 legi
846 2854 1069 2928 intercederet,
1099 2877 1179 2943 quae
1201 2877 1242 2922 ex
1263 2867 1386 2922 senatus
1407 2857 1548 2923 consulto
1568 2857 1650 2923 fere-

338 2953 443 3028 batur,
472 2973 537 3018 uou
564 2950 641 3017 vidit
670 2948 761 3024 illud,
795 2949 890 3014 satius
922 2970 990 3014 esse
1019 2948 1108 3014 illum
1128 2949 1161 3014 iu
1182 2950 1310 3016 infamia
1338 2951 1472 3037 relinqui
1493 2973 1528 3016 ac
1549 2951 1649 3017 sordi-

336 3047 395 3114 bus
422 3037 515 3135 quam
543 3043 667 3110 infirmo
694 3041 809 3109 iudicio
838 3042 999 3108 committi.
1050 3042 1112 3108 Sed
1140 3041 1251 3110 ductus
1280 3044 1354 3110 odio
1380 3046 1560 3132 properavit
1580 3067 1648 3111 reru

335 3141 505 3210 deducere.
518 3141 550 3204 in
578 3137 744 3212 iudicium,
773 3157 845 3202 curu
871 3136 958 3202 illum
986 3135 1135 3223 plumbeo
1162 3136 1265 3222 gladio
1292 3138 1464 3224 iugulatum
1486 3139 1526 3205 iri
1546 3149 1648 3205 tamen

336 3235 464 3303 diceret.
517 3240 548 3300 3.
578 3231 640 3300 Sed
667 3231 836 3305 iudicium,
864 3231 892 3296 si
913 3230 1055 3316 quaeris,
1083 3230 1174 3318 quale
1202 3229 1311 3296 fuerit:
1343 3231 1518 3299 incredibili
1545 3233 1648 3310 exitu;

300 3331 396 3412 „sim
425 3327 470 3396 nti
498 3347 580 3396 nunc
607 3348 649 3392 ex
670 3333 784 3391 eventu
804 3322 843 3390 ab
864 3323 950 3399 aliis,
979 3345 1069 3389 ame
1092 3333 1193 3390 tamen
1215 3345 1256 3390 cx
1276 3325 1346 3412 ipso
1367 3326 1457 3393 initio
1485 3326 1648 3392 consilium

337 3422 496 3490 Hortensii
522 3418 780 3508 reprebendatur.
831 3423 907 3483 Nam
936 3424 970 3483 ut
997 3415 1126 3484 reiectio
1153 3417 1235 3484 facta
1260 3428 1307 3484 est
1336 3419 1523 3487 clamoribus
1550 3420 1648 3485 mari-

210 3591 221 3610 4
337 3521 412 3592 mis,
441 3537 511 3582 cum
532 3522 707 3587 accusator,
735 3519 891 3598 tamquam
912 3531 1024 3602 censor
1044 3509 1162 3587 bonus,
1185 3512 1326 3578 homiues
1348 3512 1555 3601 nequissimos
1575 3513 1649 3578 reii-

337 3620 436 3684 ceret,
468 3630 542 3675 reus
569 3616 725 3693 tamquam
752 3605 887 3670 clemens
913 3603 1023 3670 lanista
1051 3604 1293 3691 frugalissimum
1323 3628 1479 3694 quemque
1506 3627 1648 3672 secerne·

337 3713 408 3777 ret,
441 3711 476 3767 ut
501 3701 637 3787 primum
666 3699 784 3766 iudices
813 3697 1043 3772 consederunt,
1079 3699 1168 3766 valde
1197 3700 1339 3766 diffidere
1366 3698 1442 3768 boni
1468 3712 1649 3787 coeperunt.

300 3801 405 3883 ⁸⁵llon
438 3799 520 3860 enim
553 3815 689 3881 unquam
724 3791 847 3878 turpior
872 3790 906 3855 iu
932 3789 1007 3856 ludo
1039 3792 1149 3858 talario
1182 3815 1346 3862 consessus
1377 3794 1443 3861 fuit.
1499 3793 1650 3860 blaculosi

250 3955 256 3962 ,
337 3899 515 3962 senatores,
551 3887 627 3954 nudi
658 3885 799 3974 equites,
837 3882 954 3950 tribuni
986 3906 1049 3950 non
1076 3895 1138 3952 tam
1170 3888 1287 3962 aerati,
1326 3909 1442 3975 quam,
1478 3898 1513 3954 ut
1543 3887 1649 3974 appel-

337 3984 459 4056 lantur,
493 3979 616 4050 aerarii.
671 3979 764 4045 Pauci
798 3988 900 4043 tamen
934 3975 1008 4044 bom'
1043 3979 1184 4056 inerant,
1222 4001 1301 4068 quos
1335 3981 1504 4048 reiectione
1537 3981 1648 4066 fugare

337 4080 389 4146 ille
416 4099 479 4143 nou
507 4084 671 4163 potuerat,
703 4072 759 4160 qui
784 4071 895 4137 maesti
921 4071 1004 4137 inter
1031 4072 1081 4139 sui
1108 4073 1272 4141 dissimiles
1300 4084 1331 4141 et
1357 4084 1531 4141 maerentes
1560 4073 1649 4139 sede·

335 4173 411 4240 baut
438 4182 469 4238 et
494 4169 677 4255 contagione
697 4164 898 4254 turpitudinis
918 4165 1121 4233 vehementer
1147 4167 1420 4255 permovebantur.
1462 4171 1494 4233 4.
1518 4168 1590 4242 Hic,
1613 4177 1648 4233 ut

299 4285 479 4354 ⁴⁰quaeque
510 4284 561 4329 res
587 4263 626 4328 ad
653 4262 817 4329 consilium
842 4259 951 4346 primis
979 4261 1239 4347 postulationibus
1266 4260 1479 4336 referebatur,
1514 4259 1649 4326 incredi-

336 4359 407 4426 bilis
428 4369 496 4426 erat
515 4357 679 4432 severitas,
708 4355 791 4422 nulla
812 4353 960 4419 varietate
982 4355 1223 4433 sententiarum
1253 4355 1329 4422 nibil
1350 4356 1531 4441 impetrarat
1556 4375 1647 4430 reus:

406 4543 433 4593 3.
453 4549 539 4592 tameo
555 4541 587 4589 ll.
617 4561 647 4574 -
683 4537 710 4587 4.
729 4538 860 4588 bominum
877 4536 909 4586 ll.
939 4561 968 4572 -
1004 4537 1030 4587 5.
1049 4539 1115 4587 rim:
1143 4551 1188 4602 eqo
1205 4537 1361 4600 respondebo
1379 4537 1402 4587 l.
1433 4563 1466 4574 -·
1501 4538 1544 4587 10.
1563 4538 1592 4585 tn
1609 4536 1648 4585 bis

336 4614 442 4678 quael.
464 4637 492 4648 -
521 4607 804 4660 recessit—15.
824 4608 1022 4670 terpretatorem
1038 4607 1059 4656 1.
1081 4634 1112 4643 -
1148 4607 1191 4658 13.
1211 4607 1303 4657 Furios
1320 4606 1392 4656 Μ111.
1417 4629 1449 4642 -
1485 4607 1647 4671 184qu-

335 4685 410 4748 etque
428 4682 463 4734 ltl
482 4685 509 4732 et
527 4693 567 4744 pr.
587 4678 624 4727 Μ.
654 4700 681 4710 -
719 4677 914 4726 uetustam.
949 4701 976 4710 -
1013 4677 1056 4726 31.
1076 4677 1245 4728 noeumlet
1264 4691 1303 4739 pr.
1323 4677 1360 4727 Μ.
1384 4703 1410 4714 -
1448 4675 1493 4725 34.
1512 4677 1648 4726 Hortensii

336 4761 373 4804 ert
393 4752 415 4803 l.
436 4775 466 4788 -·
501 4751 545 4800 25.
564 4749 645 4814 [mom
663 4759 704 4810 pr·
724 4745 761 4796 Μ.
780 4766 813 4782 -·
848 4747 892 4796 26.
910 4743 986 4810 illud]
1005 4747 1078 4797 eliud
1097 4747 1118 4797 1.
1145 4773 1177 4784 ·-
1211 4748 1284 4796 illum
1301 4747 1412 4809 desereto
1428 4747 1539 4811 relinque·
1556 4761 1573 4797 a
1591 4760 1647 4796 ror·

337 4823 411 4874 dibus
428 4835 507 4886 quum
523 4820 598 4885 firmo
617 4830 655 4881 pr·
676 4815 711 4866 bl·
732 4837 764 4852 ·-
798 4816 841 4866 2²1.
861 4817 981 4868 deductus
999 4818 1022 4868 1.
1045 4841 1072 4850 -
1108 4817 1152 4868 31.
1172 4817 1403 4880 reprehendebatur
1421 4816 1441 4864 1.
1462 4843 1493 4852 -
1528 4817 1570 4866 33.
1590 4817 1647 4880 quis

336 4891 510 4944 summouet.
548 4889 728 4952 (nequissimos
753 4898 807 4947 mg·
828 4885 889 4945 Μ.)
928 4911 954 4920 -
993 4887 1036 4937 33.
1056 4889 1156 4938 meum
1174 4886 1205 4935 ll.
1239 4910 1265 4919 -
1303 4887 1346 4937 34.
1366 4887 1531 4937 tadiconem.
1551 4886 1582 4935 u.
1612 4909 1647 4920 --

336 4962 379 5013 33.
400 4973 549 5026 quumom·
571 4973 609 5022 pr·
630 4957 667 5008 Μ.
690 4978 719 4990 -
756 4955 799 5004 37.
819 4955 930 5020 effugare
948 4955 1009 5007 utu.
1032 4981 1059 4990 -
1097 4957 1140 5008 38.
1158 4964 1263 5020 poteret
1281 4957 1303 5008 ll
1321 4961 1347 5006 et
1366 4970 1406 5020 pr.
1426 4955 1463 5006 Μ.
1483 4983 1514 4993 -
1541 4957 1585 5006 to.
1602 4969 1646 5018 pe-

337 5032 471 5082 titionibus
487 5030 510 5079 1.
533 5050 559 5062 -
596 5027 641 5078 41.
660 5025 816 5089 tmpetrobct
835 5025 989 5076 Larubiuus.
