<?xml version="1.0" encoding="UTF-8"?>
<!DOCTYPE html PUBLIC "-//W3C//DTD XHTML 1.0 Transitional//EN"
    "http://www.w3.org/TR/xhtml1/DTD/xhtml1-transitional.dtd">
<html xmlns="http://www.w3.org/1999/xhtml" xml:lang="en" lang="en">
 <head>
  <title>
</title>
<meta http-equiv="Content-Type" content="text/html;charset=utf-8" />
  <meta name='ocr-system' content='tesseract 3.04.00' />
  <meta name='ocr-capabilities' content='ocr_page ocr_carea ocr_par ocr_line ocrx_word'/>
</head>
<body>
  <div class='ocr_page' id='page_1' title='image "./mtulliiciceroni06baitgoog_0219.png"; bbox 0 0 3628 5876; ppageno 0'>
   <div class='ocr_carea' id='block_1_1' title="bbox 331 399 1216 466">
    <p class='ocr_par' dir='ltr' id='par_1_1' title="bbox 331 399 1216 466">
     <span class='ocr_line' id='line_1_1' title="bbox 331 399 1216 466; baseline 0 -2"><span class='ocrx_word' id='word_1_1' title='bbox 331 399 393 464; x_wconf 77' lang='lat' dir='ltr'><strong>tit</strong></span> <span class='ocrx_word' id='word_1_2' title='bbox 758 399 1034 466; x_wconf 63' lang='lat' dir='ltr'><strong>aelsweard!</strong></span> <span class='ocrx_word' id='word_1_3' title='bbox 1051 401 1105 464; x_wconf 76' lang='lat' dir='ltr'><strong>AD</strong></span> <span class='ocrx_word' id='word_1_4' title='bbox 1125 399 1216 466; x_wconf 74' lang='lat' dir='ltr'><strong>Fau.</strong></span> 
     </span>
    </p>
   </div>
   <div class='ocr_carea' id='block_1_2' title="bbox 5 529 1645 1958">
    <p class='ocr_par' dir='ltr' id='par_1_2' title="bbox 5 529 1645 1390">
     <span class='ocr_line' id='line_1_2' title="bbox 5 529 1645 684; baseline 0.002 -62"><span class='ocrx_word' id='word_1_5' title='bbox 5 573 7 684; x_wconf 64' lang='lat' dir='ltr'><strong>q</strong></span> <span class='ocrx_word' id='word_1_6' title='bbox 227 529 253 644; x_wconf 55' lang='lat' dir='ltr'><strong>d</strong></span> <span class='ocrx_word' id='word_1_7' title='bbox 328 556 513 623; x_wconf 76' lang='lat' dir='ltr'><strong>familiarem</strong></span> <span class='ocrx_word' id='word_1_8' title='bbox 533 575 648 622; x_wconf 90' lang='lat' dir='ltr'><strong>meum.</strong></span> <span class='ocrx_word' id='word_1_9' title='bbox 689 560 728 624; x_wconf 81' lang='lat' dir='ltr'><strong>lit</strong></span> <span class='ocrx_word' id='word_1_10' title='bbox 748 555 875 643; x_wconf 88' lang='lat' dir='ltr'><strong>quidem</strong></span> <span class='ocrx_word' id='word_1_11' title='bbox 894 575 965 620; x_wconf 91' lang='lat' dir='ltr'><strong>cum</strong></span> <span class='ocrx_word' id='word_1_12' title='bbox 986 555 1020 623; x_wconf 92' lang='lat' dir='ltr'><strong>in</strong></span> <span class='ocrx_word' id='word_1_13' title='bbox 1040 565 1176 622; x_wconf 78' lang='lat' dir='ltr'><strong>mentem</strong></span> <span class='ocrx_word' id='word_1_14' title='bbox 1197 557 1299 634; x_wconf 88' lang='lat' dir='ltr'><strong>venit,</strong></span> <span class='ocrx_word' id='word_1_15' title='bbox 1320 577 1423 644; x_wconf 88' lang='lat' dir='ltr'><strong>ponor</strong></span> <span class='ocrx_word' id='word_1_16' title='bbox 1443 558 1482 624; x_wconf 97' lang='lat' dir='ltr'><strong>ad</strong></span> <span class='ocrx_word' id='word_1_17' title='bbox 1503 558 1645 625; x_wconf 68' lang='lat' dir='ltr'><strong>serben-</strong></span> 
     </span>
     <span class='ocr_line' id='line_1_3' title="bbox 326 639 1643 740; baseline 0.002 -23"><span class='ocrx_word' id='word_1_18' title='bbox 326 651 401 717; x_wconf 89' lang='lat' dir='ltr'><strong>dum</strong></span> <span class='ocrx_word' id='word_1_19' title='bbox 409 639 472 728; x_wconf 46' lang='lat' dir='ltr'><strong>fet</strong></span> <span class='ocrx_word' id='word_1_20' title='bbox 492 659 566 716; x_wconf 91' lang='lat' dir='ltr'><strong>ante</strong></span> <span class='ocrx_word' id='word_1_21' title='bbox 586 651 680 718; x_wconf 90' lang='lat' dir='ltr'><strong>audio</strong></span> <span class='ocrx_word' id='word_1_22' title='bbox 697 659 821 716; x_wconf 90' lang='lat' dir='ltr'><strong>senatus</strong></span> <span class='ocrx_word' id='word_1_23' title='bbox 841 651 1016 716; x_wconf 88' lang='lat' dir='ltr'><strong>consultum</strong></span> <span class='ocrx_word' id='word_1_24' title='bbox 1031 650 1064 715; x_wconf 93' lang='lat' dir='ltr'><strong>in</strong></span> <span class='ocrx_word' id='word_1_25' title='bbox 1084 649 1262 716; x_wconf 80' lang='lat' dir='ltr'><strong>Armeniam</strong></span> <span class='ocrx_word' id='word_1_26' title='bbox 1282 661 1315 716; x_wconf 88' lang='lat' dir='ltr'><strong>et</strong></span> <span class='ocrx_word' id='word_1_27' title='bbox 1336 655 1457 740; x_wconf 73' lang='lat' dir='ltr'><strong>Syriam</strong></span> <span class='ocrx_word' id='word_1_28' title='bbox 1479 673 1549 718; x_wconf 86' lang='lat' dir='ltr'><strong>esse</strong></span> <span class='ocrx_word' id='word_1_29' title='bbox 1570 675 1643 740; x_wconf 90' lang='lat' dir='ltr'><strong>per-</strong></span> 
     </span>
     <span class='ocr_line' id='line_1_4' title="bbox 326 743 1642 832; baseline 0.002 -20"><span class='ocrx_word' id='word_1_30' title='bbox 326 747 440 822; x_wconf 91' lang='lat' dir='ltr'><strong>latum,</strong></span> <span class='ocrx_word' id='word_1_31' title='bbox 477 744 565 832; x_wconf 87' lang='lat' dir='ltr'><strong>quod</strong></span> <span class='ocrx_word' id='word_1_32' title='bbox 591 749 623 810; x_wconf 91' lang='lat' dir='ltr'><strong>in</strong></span> <span class='ocrx_word' id='word_1_33' title='bbox 650 765 752 810; x_wconf 87' lang='lat' dir='ltr'><strong>meam</strong></span> <span class='ocrx_word' id='word_1_34' title='bbox 781 749 965 809; x_wconf 85' lang='lat' dir='ltr'><strong>sententiam</strong></span> <span class='ocrx_word' id='word_1_35' title='bbox 990 743 1105 810; x_wconf 86' lang='lat' dir='ltr'><strong>lactum</strong></span> <span class='ocrx_word' id='word_1_36' title='bbox 1133 766 1201 810; x_wconf 90' lang='lat' dir='ltr'><strong>esse</strong></span> <span class='ocrx_word' id='word_1_37' title='bbox 1223 743 1361 819; x_wconf 89' lang='lat' dir='ltr'><strong>dicatur,</strong></span> <span class='ocrx_word' id='word_1_38' title='bbox 1398 767 1491 832; x_wconf 91' lang='lat' dir='ltr'><strong>quam</strong></span> <span class='ocrx_word' id='word_1_39' title='bbox 1512 746 1642 814; x_wconf 89' lang='lat' dir='ltr'><strong>omnino</strong></span> 
     </span>
     <span class='ocr_line' id='line_1_5' title="bbox 327 837 1643 924; baseline 0 -18"><span class='ocrx_word' id='word_1_40' title='bbox 327 839 517 906; x_wconf 77' lang='lat' dir='ltr'><strong>mentionem</strong></span> <span class='ocrx_word' id='word_1_41' title='bbox 547 837 641 906; x_wconf 90' lang='lat' dir='ltr'><strong>ullam</strong></span> <span class='ocrx_word' id='word_1_42' title='bbox 673 837 713 904; x_wconf 90' lang='lat' dir='ltr'><strong>de</strong></span> <span class='ocrx_word' id='word_1_43' title='bbox 745 859 782 902; x_wconf 90' lang='lat' dir='ltr'><strong>ea</strong></span> <span class='ocrx_word' id='word_1_44' title='bbox 816 859 852 903; x_wconf 90' lang='lat' dir='ltr'><strong>re</strong></span> <span class='ocrx_word' id='word_1_45' title='bbox 883 858 952 903; x_wconf 89' lang='lat' dir='ltr'><strong>esse</strong></span> <span class='ocrx_word' id='word_1_46' title='bbox 973 837 1097 903; x_wconf 88' lang='lat' dir='ltr'><strong>laetam.</strong></span> <span class='ocrx_word' id='word_1_47' title='bbox 1151 843 1253 924; x_wconf 82' lang='lat' dir='ltr'><strong>Atque</strong></span> <span class='ocrx_word' id='word_1_48' title='bbox 1274 837 1335 904; x_wconf 92' lang='lat' dir='ltr'><strong>boc</strong></span> <span class='ocrx_word' id='word_1_49' title='bbox 1354 839 1451 904; x_wconf 91' lang='lat' dir='ltr'><strong>nolim</strong></span> <span class='ocrx_word' id='word_1_50' title='bbox 1471 861 1523 905; x_wconf 87' lang='lat' dir='ltr'><strong>me</strong></span> <span class='ocrx_word' id='word_1_51' title='bbox 1543 840 1643 906; x_wconf 89' lang='lat' dir='ltr'><strong>iocari</strong></span> 
     </span>
     <span class='ocr_line' id='line_1_6' title="bbox 303 930 1643 1020; baseline 0.001 -23"><span class='ocrx_word' id='word_1_52' title='bbox 303 942 433 1019; x_wconf 65' lang='lat' dir='ltr'><strong>⁵putes;</strong></span> <span class='ocrx_word' id='word_1_53' title='bbox 462 953 534 996; x_wconf 91' lang='lat' dir='ltr'><strong>nam</strong></span> <span class='ocrx_word' id='word_1_54' title='bbox 555 931 630 998; x_wconf 90' lang='lat' dir='ltr'><strong>mibi</strong></span> <span class='ocrx_word' id='word_1_55' title='bbox 652 933 728 998; x_wconf 92' lang='lat' dir='ltr'><strong>scito</strong></span> <span class='ocrx_word' id='word_1_56' title='bbox 749 931 812 996; x_wconf 92' lang='lat' dir='ltr'><strong>iam</strong></span> <span class='ocrx_word' id='word_1_57' title='bbox 833 952 852 996; x_wconf 87' lang='lat' dir='ltr'><strong>a</strong></span> <span class='ocrx_word' id='word_1_58' title='bbox 872 930 1000 1016; x_wconf 87' lang='lat' dir='ltr'><strong>regibus</strong></span> <span class='ocrx_word' id='word_1_59' title='bbox 1020 931 1137 997; x_wconf 82' lang='lat' dir='ltr'><strong>ultimis</strong></span> <span class='ocrx_word' id='word_1_60' title='bbox 1158 932 1265 1002; x_wconf 80' lang='lat' dir='ltr'><strong>allatas</strong></span> <span class='ocrx_word' id='word_1_61' title='bbox 1286 952 1355 998; x_wconf 90' lang='lat' dir='ltr'><strong>esse</strong></span> <span class='ocrx_word' id='word_1_62' title='bbox 1369 932 1504 1010; x_wconf 87' lang='lat' dir='ltr'><strong>litteras,</strong></span> <span class='ocrx_word' id='word_1_63' title='bbox 1527 933 1643 1020; x_wconf 88' lang='lat' dir='ltr'><strong>quibus</strong></span> 
     </span>
     <span class='ocr_line' id='line_1_7' title="bbox 327 1025 1641 1114; baseline 0.001 -23"><span class='ocrx_word' id='word_1_64' title='bbox 327 1027 403 1091; x_wconf 91' lang='lat' dir='ltr'><strong>mibi</strong></span> <span class='ocrx_word' id='word_1_65' title='bbox 424 1025 537 1111; x_wconf 81' lang='lat' dir='ltr'><strong>gratias</strong></span> <span class='ocrx_word' id='word_1_66' title='bbox 558 1035 667 1112; x_wconf 91' lang='lat' dir='ltr'><strong>agant,</strong></span> <span class='ocrx_word' id='word_1_67' title='bbox 689 1025 775 1112; x_wconf 90' lang='lat' dir='ltr'><strong>quod</strong></span> <span class='ocrx_word' id='word_1_68' title='bbox 795 1046 830 1090; x_wconf 91' lang='lat' dir='ltr'><strong>se</strong></span> <span class='ocrx_word' id='word_1_69' title='bbox 852 1045 920 1090; x_wconf 91' lang='lat' dir='ltr'><strong>mea</strong></span> <span class='ocrx_word' id='word_1_70' title='bbox 941 1025 1091 1090; x_wconf 90' lang='lat' dir='ltr'><strong>sententia</strong></span> <span class='ocrx_word' id='word_1_71' title='bbox 1112 1045 1204 1109; x_wconf 89' lang='lat' dir='ltr'><strong>reges</strong></span> <span class='ocrx_word' id='word_1_72' title='bbox 1222 1025 1458 1110; x_wconf 88' lang='lat' dir='ltr'><strong>appellaverim;</strong></span> <span class='ocrx_word' id='word_1_73' title='bbox 1480 1048 1561 1114; x_wconf 85' lang='lat' dir='ltr'><strong>qnos</strong></span> <span class='ocrx_word' id='word_1_74' title='bbox 1581 1045 1641 1111; x_wconf 89' lang='lat' dir='ltr'><strong>ego</strong></span> 
     </span>
     <span class='ocr_line' id='line_1_8' title="bbox 327 1118 1642 1206; baseline -0.001 -20"><span class='ocrx_word' id='word_1_75' title='bbox 327 1142 390 1186; x_wconf 95' lang='lat' dir='ltr'><strong>non</strong></span> <span class='ocrx_word' id='word_1_76' title='bbox 411 1118 505 1185; x_wconf 92' lang='lat' dir='ltr'><strong>modo</strong></span> <span class='ocrx_word' id='word_1_77' title='bbox 527 1140 618 1204; x_wconf 89' lang='lat' dir='ltr'><strong>reges</strong></span> <span class='ocrx_word' id='word_1_78' title='bbox 640 1118 825 1206; x_wconf 91' lang='lat' dir='ltr'><strong>appellatos,</strong></span> <span class='ocrx_word' id='word_1_79' title='bbox 847 1118 902 1184; x_wconf 89' lang='lat' dir='ltr'><strong>sed</strong></span> <span class='ocrx_word' id='word_1_80' title='bbox 924 1122 1051 1183; x_wconf 93' lang='lat' dir='ltr'><strong>omnino</strong></span> <span class='ocrx_word' id='word_1_81' title='bbox 1068 1127 1157 1183; x_wconf 86' lang='lat' dir='ltr'><strong>natos</strong></span> <span class='ocrx_word' id='word_1_82' title='bbox 1178 1118 1364 1185; x_wconf 88' lang='lat' dir='ltr'><strong>nesciebam.</strong></span> <span class='ocrx_word' id='word_1_83' title='bbox 1407 1125 1437 1185; x_wconf 81' lang='lat'><strong>5.</strong></span> <span class='ocrx_word' id='word_1_84' title='bbox 1460 1118 1544 1197; x_wconf 87' lang='lat' dir='ltr'><strong>Quid</strong></span> <span class='ocrx_word' id='word_1_85' title='bbox 1564 1141 1642 1205; x_wconf 89' lang='lat' dir='ltr'><strong>ergn</strong></span> 
     </span>
     <span class='ocr_line' id='line_1_9' title="bbox 327 1211 1641 1301; baseline 0 -22"><span class='ocrx_word' id='word_1_86' title='bbox 327 1221 395 1279; x_wconf 79' lang='lat' dir='ltr'><strong>esti</strong></span> <span class='ocrx_word' id='word_1_87' title='bbox 431 1220 563 1288; x_wconf 89' lang='lat' dir='ltr'><strong>Tamen,</strong></span> <span class='ocrx_word' id='word_1_88' title='bbox 600 1213 749 1301; x_wconf 92' lang='lat' dir='ltr'><strong>quamdiu</strong></span> <span class='ocrx_word' id='word_1_89' title='bbox 777 1212 827 1278; x_wconf 91' lang='lat' dir='ltr'><strong>bic</strong></span> <span class='ocrx_word' id='word_1_90' title='bbox 852 1217 911 1278; x_wconf 90' lang='lat' dir='ltr'><strong>erit</strong></span> <span class='ocrx_word' id='word_1_91' title='bbox 932 1221 1039 1277; x_wconf 89' lang='lat' dir='ltr'><strong>noster</strong></span> <span class='ocrx_word' id='word_1_92' title='bbox 1060 1211 1110 1276; x_wconf 94' lang='lat' dir='ltr'><strong>bic</strong></span> <span class='ocrx_word' id='word_1_93' title='bbox 1131 1211 1308 1298; x_wconf 83' lang='lat' dir='ltr'><strong>praefectus</strong></span> <span class='ocrx_word' id='word_1_94' title='bbox 1329 1213 1487 1287; x_wconf 90' lang='lat' dir='ltr'><strong>moribus,</strong></span> <span class='ocrx_word' id='word_1_95' title='bbox 1523 1211 1641 1299; x_wconf 90' lang='lat' dir='ltr'><strong>parebo</strong></span> 
     </span>
     <span class='ocr_line' id='line_1_10' title="bbox 327 1304 1642 1390; baseline 0.001 -19"><span class='ocrx_word' id='word_1_96' title='bbox 327 1306 503 1372; x_wconf 77' lang='lat' dir='ltr'><strong>auctoritati</strong></span> <span class='ocrx_word' id='word_1_97' title='bbox 525 1315 613 1384; x_wconf 91' lang='lat' dir='ltr'><strong>tuae;</strong></span> <span class='ocrx_word' id='word_1_98' title='bbox 649 1328 719 1373; x_wconf 92' lang='lat' dir='ltr'><strong>cum</strong></span> <span class='ocrx_word' id='word_1_99' title='bbox 741 1327 818 1371; x_wconf 88' lang='lat' dir='ltr'><strong>vero</strong></span> <span class='ocrx_word' id='word_1_100' title='bbox 840 1305 959 1380; x_wconf 90' lang='lat' dir='ltr'><strong>aberit,</strong></span> <span class='ocrx_word' id='word_1_101' title='bbox 995 1304 1033 1370; x_wconf 93' lang='lat' dir='ltr'><strong>ad</strong></span> <span class='ocrx_word' id='word_1_102' title='bbox 1055 1305 1168 1390; x_wconf 87' lang='lat' dir='ltr'><strong>fungos</strong></span> <span class='ocrx_word' id='word_1_103' title='bbox 1190 1325 1239 1370; x_wconf 92' lang='lat' dir='ltr'><strong>me</strong></span> <span class='ocrx_word' id='word_1_104' title='bbox 1261 1315 1332 1388; x_wconf 85' lang='lat' dir='ltr'><strong>¹tuos</strong></span> <span class='ocrx_word' id='word_1_105' title='bbox 1357 1305 1526 1372; x_wconf 82' lang='lat' dir='ltr'><strong>conferam.</strong></span> <span class='ocrx_word' id='word_1_106' title='bbox 1578 1312 1642 1372; x_wconf 82' lang='lat' dir='ltr'><strong>lio·</strong></span> 
     </span>
    </p>

    <p class='ocr_par' dir='ltr' id='par_1_3' title="bbox 291 1398 1643 1958">
     <span class='ocr_line' id='line_1_11' title="bbox 292 1398 1640 1484; baseline 0.001 -19"><span class='ocrx_word' id='word_1_107' title='bbox 292 1410 317 1450; x_wconf 83' lang='lat'><strong>¹⁰</strong></span> <span class='ocrx_word' id='word_1_108' title='bbox 327 1422 414 1466; x_wconf 92' lang='lat' dir='ltr'><strong>mum</strong></span> <span class='ocrx_word' id='word_1_109' title='bbox 435 1402 461 1466; x_wconf 89' lang='lat' dir='ltr'><strong>si</strong></span> <span class='ocrx_word' id='word_1_110' title='bbox 482 1399 619 1474; x_wconf 90' lang='lat' dir='ltr'><strong>habebo,</strong></span> <span class='ocrx_word' id='word_1_111' title='bbox 642 1400 675 1468; x_wconf 92' lang='lat' dir='ltr'><strong>in</strong></span> <span class='ocrx_word' id='word_1_112' title='bbox 695 1399 793 1466; x_wconf 92' lang='lat' dir='ltr'><strong>denos</strong></span> <span class='ocrx_word' id='word_1_113' title='bbox 815 1399 881 1465; x_wconf 90' lang='lat' dir='ltr'><strong>dies</strong></span> <span class='ocrx_word' id='word_1_114' title='bbox 904 1399 1044 1484; x_wconf 75' lang='lat' dir='ltr'><strong>singidos</strong></span> <span class='ocrx_word' id='word_1_115' title='bbox 1065 1398 1275 1484; x_wconf 87' lang='lat' dir='ltr'><strong>sumptuariae</strong></span> <span class='ocrx_word' id='word_1_116' title='bbox 1298 1400 1375 1484; x_wconf 87' lang='lat' dir='ltr'><strong>legis</strong></span> <span class='ocrx_word' id='word_1_117' title='bbox 1391 1401 1457 1465; x_wconf 91' lang='lat' dir='ltr'><strong>dies</strong></span> <span class='ocrx_word' id='word_1_118' title='bbox 1471 1399 1640 1466; x_wconf 82' lang='lat' dir='ltr'><strong>conseram.</strong></span> 
     </span>
     <span class='ocr_line' id='line_1_12' title="bbox 327 1491 1641 1580; baseline -0.002 -18"><span class='ocrx_word' id='word_1_119' title='bbox 327 1496 381 1562; x_wconf 90' lang='lat' dir='ltr'><strong>Sin</strong></span> <span class='ocrx_word' id='word_1_120' title='bbox 403 1505 506 1562; x_wconf 89' lang='lat' dir='ltr'><strong>autem</strong></span> <span class='ocrx_word' id='word_1_121' title='bbox 527 1495 629 1562; x_wconf 91' lang='lat' dir='ltr'><strong>miuus</strong></span> <span class='ocrx_word' id='word_1_122' title='bbox 649 1495 817 1570; x_wconf 91' lang='lat' dir='ltr'><strong>invenero,</strong></span> <span class='ocrx_word' id='word_1_123' title='bbox 839 1492 925 1580; x_wconf 91' lang='lat' dir='ltr'><strong>quod</strong></span> <span class='ocrx_word' id='word_1_124' title='bbox 939 1495 1072 1580; x_wconf 88' lang='lat' dir='ltr'><strong>placeat,</strong></span> <span class='ocrx_word' id='word_1_125' title='bbox 1095 1491 1219 1559; x_wconf 82' lang='lat' dir='ltr'><strong>decrevi</strong></span> <span class='ocrx_word' id='word_1_126' title='bbox 1241 1491 1381 1558; x_wconf 91' lang='lat' dir='ltr'><strong>babitare</strong></span> <span class='ocrx_word' id='word_1_127' title='bbox 1402 1493 1486 1580; x_wconf 91' lang='lat' dir='ltr'><strong>apud</strong></span> <span class='ocrx_word' id='word_1_128' title='bbox 1505 1503 1554 1570; x_wconf 87' lang='lat' dir='ltr'><strong>te;</strong></span> <span class='ocrx_word' id='word_1_129' title='bbox 1576 1493 1641 1559; x_wconf 90' lang='lat' dir='ltr'><strong>scio</strong></span> 
     </span>
     <span class='ocr_line' id='line_1_13' title="bbox 327 1585 1643 1674; baseline -0.002 -20"><span class='ocrx_word' id='word_1_130' title='bbox 327 1589 409 1654; x_wconf 92' lang='lat' dir='ltr'><strong>enim</strong></span> <span class='ocrx_word' id='word_1_131' title='bbox 431 1610 480 1654; x_wconf 92' lang='lat' dir='ltr'><strong>me</strong></span> <span class='ocrx_word' id='word_1_132' title='bbox 502 1588 577 1655; x_wconf 92' lang='lat' dir='ltr'><strong>nibil</strong></span> <span class='ocrx_word' id='word_1_133' title='bbox 600 1587 655 1654; x_wconf 94' lang='lat' dir='ltr'><strong>tibi</strong></span> <span class='ocrx_word' id='word_1_134' title='bbox 677 1589 795 1674; x_wconf 89' lang='lat' dir='ltr'><strong>gratius</strong></span> <span class='ocrx_word' id='word_1_135' title='bbox 816 1588 920 1654; x_wconf 86' lang='lat' dir='ltr'><strong>lacere</strong></span> <span class='ocrx_word' id='word_1_136' title='bbox 941 1608 1044 1674; x_wconf 87' lang='lat' dir='ltr'><strong>posse.</strong></span> <span class='ocrx_word' id='word_1_137' title='bbox 1097 1593 1232 1652; x_wconf 90' lang='lat' dir='ltr'><strong>Domum</strong></span> <span class='ocrx_word' id='word_1_138' title='bbox 1260 1587 1418 1662; x_wconf 86' lang='lat' dir='ltr'><strong>Sullanam</strong></span> <span class='ocrx_word' id='word_1_139' title='bbox 1439 1585 1643 1673; x_wconf 84' lang='lat' dir='ltr'><strong>desperabam</strong></span> 
     </span>
     <span class='ocr_line' id='line_1_14' title="bbox 325 1680 1643 1768; baseline -0.001 -21"><span class='ocrx_word' id='word_1_140' title='bbox 325 1682 403 1756; x_wconf 90' lang='lat' dir='ltr'><strong>iam,</strong></span> <span class='ocrx_word' id='word_1_141' title='bbox 425 1691 461 1748; x_wconf 90' lang='lat' dir='ltr'><strong>ut</strong></span> <span class='ocrx_word' id='word_1_142' title='bbox 481 1681 538 1748; x_wconf 90' lang='lat' dir='ltr'><strong>tibi</strong></span> <span class='ocrx_word' id='word_1_143' title='bbox 558 1682 703 1768; x_wconf 81' lang='lat' dir='ltr'><strong>proxime</strong></span> <span class='ocrx_word' id='word_1_144' title='bbox 724 1682 850 1768; x_wconf 89' lang='lat' dir='ltr'><strong>scripsi;</strong></span> <span class='ocrx_word' id='word_1_145' title='bbox 873 1681 930 1747; x_wconf 91' lang='lat' dir='ltr'><strong>sed</strong></span> <span class='ocrx_word' id='word_1_146' title='bbox 950 1691 1053 1747; x_wconf 91' lang='lat' dir='ltr'><strong>tamen</strong></span> <span class='ocrx_word' id='word_1_147' title='bbox 1074 1701 1138 1746; x_wconf 90' lang='lat' dir='ltr'><strong>non</strong></span> <span class='ocrx_word' id='word_1_148' title='bbox 1159 1680 1268 1746; x_wconf 89' lang='lat' dir='ltr'><strong>abieci.</strong></span> <span class='ocrx_word' id='word_1_149' title='bbox 1311 1687 1359 1747; x_wconf 89' lang='lat' dir='ltr'><strong>Tu</strong></span> <span class='ocrx_word' id='word_1_150' title='bbox 1380 1681 1488 1757; x_wconf 91' lang='lat' dir='ltr'><strong>velim,</strong></span> <span class='ocrx_word' id='word_1_151' title='bbox 1510 1691 1546 1747; x_wconf 89' lang='lat' dir='ltr'><strong>ut</strong></span> <span class='ocrx_word' id='word_1_152' title='bbox 1567 1681 1643 1746; x_wconf 90' lang='lat' dir='ltr'><strong>scri-</strong></span> 
     </span>
     <span class='ocr_line' id='line_1_15' title="bbox 325 1773 1643 1863; baseline -0.002 -23"><span class='ocrx_word' id='word_1_153' title='bbox 325 1774 393 1852; x_wconf 89' lang='lat' dir='ltr'><strong>bis,</strong></span> <span class='ocrx_word' id='word_1_154' title='bbox 419 1796 491 1842; x_wconf 89' lang='lat' dir='ltr'><strong>cum</strong></span> <span class='ocrx_word' id='word_1_155' title='bbox 518 1774 614 1841; x_wconf 85' lang='lat' dir='ltr'><strong>labris</strong></span> <span class='ocrx_word' id='word_1_156' title='bbox 643 1797 712 1842; x_wconf 91' lang='lat' dir='ltr'><strong>eam</strong></span> <span class='ocrx_word' id='word_1_157' title='bbox 738 1776 917 1863; x_wconf 89' lang='lat' dir='ltr'><strong>perspicias.</strong></span> <span class='ocrx_word' id='word_1_158' title='bbox 960 1775 994 1842; x_wconf 89' lang='lat' dir='ltr'><strong>Si</strong></span> <span class='ocrx_word' id='word_1_159' title='bbox 1014 1775 1098 1841; x_wconf 92' lang='lat' dir='ltr'><strong>enim</strong></span> <span class='ocrx_word' id='word_1_160' title='bbox 1119 1774 1196 1840; x_wconf 90' lang='lat' dir='ltr'><strong>nibil</strong></span> <span class='ocrx_word' id='word_1_161' title='bbox 1217 1775 1318 1840; x_wconf 89' lang='lat' dir='ltr'><strong>estin</strong></span> <span class='ocrx_word' id='word_1_162' title='bbox 1342 1773 1514 1862; x_wconf 88' lang='lat' dir='ltr'><strong>parietibus</strong></span> <span class='ocrx_word' id='word_1_163' title='bbox 1536 1773 1643 1840; x_wconf 91' lang='lat' dir='ltr'><strong>autin</strong></span> 
     </span>
     <span class='ocr_line' id='line_1_16' title="bbox 291 1869 983 1958; baseline -0.001 -22"><span class='ocrx_word' id='word_1_164' title='bbox 291 1879 317 1918; x_wconf 83' lang='lat'><strong>¹⁶</strong></span> <span class='ocrx_word' id='word_1_165' title='bbox 327 1879 409 1938; x_wconf 86' lang='lat' dir='ltr'><strong>tecto</strong></span> <span class='ocrx_word' id='word_1_166' title='bbox 430 1869 511 1947; x_wconf 91' lang='lat' dir='ltr'><strong>vitii,</strong></span> <span class='ocrx_word' id='word_1_167' title='bbox 535 1879 640 1937; x_wconf 92' lang='lat' dir='ltr'><strong>cetera</strong></span> <span class='ocrx_word' id='word_1_168' title='bbox 659 1869 738 1936; x_wconf 90' lang='lat' dir='ltr'><strong>mibi</strong></span> <span class='ocrx_word' id='word_1_169' title='bbox 756 1869 983 1958; x_wconf 90' lang='lat' dir='ltr'><strong>probabuntur.</strong></span> 
     </span>
    </p>
   </div>
   <div class='ocr_carea' id='block_1_3' title="bbox 786 2007 1182 2094">
    <p class='ocr_par' dir='ltr' id='par_1_4' title="bbox 786 2007 1182 2094">
     <span class='ocr_line' id='line_1_17' title="bbox 786 2007 1182 2094; baseline 0 -20"><span class='ocrx_word' id='word_1_170' title='bbox 786 2011 866 2075; x_wconf 84' lang='lat' dir='ltr'><strong>rvr.</strong></span> <span class='ocrx_word' id='word_1_171' title='bbox 909 2007 958 2094; x_wconf 78' lang='lat' dir='ltr'><strong>(a.</strong></span> <span class='ocrx_word' id='word_1_172' title='bbox 984 2010 1016 2076; x_wconf 84' lang='lat' dir='ltr'><strong>o.</strong></span> <span class='ocrx_word' id='word_1_173' title='bbox 1039 2011 1071 2076; x_wconf 89' lang='lat' dir='ltr'><strong>c.</strong></span> <span class='ocrx_word' id='word_1_174' title='bbox 1095 2007 1182 2094; x_wconf 82' lang='lat' dir='ltr'><strong>ros.)</strong></span> 
     </span>
    </p>
   </div>
   <div class='ocr_carea' id='block_1_4' title="bbox 717 2131 1242 2198">
    <p class='ocr_par' dir='ltr' id='par_1_5' title="bbox 717 2131 1242 2198">
     <span class='ocr_line' id='line_1_18' title="bbox 717 2131 1242 2198; baseline 0 0"><span class='ocrx_word' id='word_1_175' title='bbox 717 2131 860 2198; x_wconf 86' lang='lat' dir='ltr'>CICERO</span> <span class='ocrx_word' id='word_1_176' title='bbox 881 2132 1037 2198; x_wconf 79' lang='lat' dir='ltr'>PAPIRIO</span> <span class='ocrx_word' id='word_1_177' title='bbox 1059 2133 1188 2198; x_wconf 77' lang='lat' dir='ltr'><strong>PAETO</strong></span> <span class='ocrx_word' id='word_1_178' title='bbox 1210 2131 1242 2198; x_wconf 89' lang='lat' dir='ltr'><strong>S.</strong></span> 
     </span>
    </p>
   </div>
   <div class='ocr_carea' id='block_1_5' title="bbox 287 2240 1644 4485">
    <p class='ocr_par' dir='ltr' id='par_1_6' title="bbox 287 2240 1644 4485">
     <span class='ocr_line' id='line_1_19' title="bbox 411 2240 1642 2330; baseline -0.002 -20"><span class='ocrx_word' id='word_1_179' title='bbox 411 2248 440 2310; x_wconf 86' lang='lat'><strong>1.</strong></span> <span class='ocrx_word' id='word_1_180' title='bbox 461 2242 665 2308; x_wconf 88' lang='lat' dir='ltr'><strong>Delectarunt</strong></span> <span class='ocrx_word' id='word_1_181' title='bbox 689 2263 739 2308; x_wconf 91' lang='lat' dir='ltr'><strong>me</strong></span> <span class='ocrx_word' id='word_1_182' title='bbox 759 2250 831 2308; x_wconf 92' lang='lat' dir='ltr'><strong>tuae</strong></span> <span class='ocrx_word' id='word_1_183' title='bbox 857 2243 993 2318; x_wconf 87' lang='lat' dir='ltr'><strong>litterae,</strong></span> <span class='ocrx_word' id='word_1_184' title='bbox 1024 2242 1056 2308; x_wconf 94' lang='lat' dir='ltr'><strong>in</strong></span> <span class='ocrx_word' id='word_1_185' title='bbox 1085 2240 1198 2330; x_wconf 88' lang='lat' dir='ltr'><strong>quibus</strong></span> <span class='ocrx_word' id='word_1_186' title='bbox 1219 2241 1358 2329; x_wconf 88' lang='lat' dir='ltr'><strong>primum</strong></span> <span class='ocrx_word' id='word_1_187' title='bbox 1378 2241 1481 2308; x_wconf 89' lang='lat' dir='ltr'><strong>amavi</strong></span> <span class='ocrx_word' id='word_1_188' title='bbox 1502 2263 1642 2308; x_wconf 91' lang='lat' dir='ltr'><strong>amorem</strong></span> 
     </span>
     <span class='ocr_line' id='line_1_20' title="bbox 326 2333 1643 2423; baseline -0.002 -18"><span class='ocrx_word' id='word_1_189' title='bbox 326 2345 446 2410; x_wconf 64' lang='lat' dir='ltr'><strong>tuum.</strong></span> <span class='ocrx_word' id='word_1_190' title='bbox 462 2335 517 2423; x_wconf 86' lang='lat' dir='ltr'><strong>qui</strong></span> <span class='ocrx_word' id='word_1_191' title='bbox 544 2347 574 2402; x_wconf 89' lang='lat' dir='ltr'><strong>te</strong></span> <span class='ocrx_word' id='word_1_192' title='bbox 602 2335 642 2401; x_wconf 89' lang='lat' dir='ltr'><strong>ad</strong></span> <span class='ocrx_word' id='word_1_193' title='bbox 669 2333 868 2401; x_wconf 90' lang='lat' dir='ltr'><strong>scribendum</strong></span> <span class='ocrx_word' id='word_1_194' title='bbox 895 2337 1032 2402; x_wconf 88' lang='lat' dir='ltr'><strong>incitavit</strong></span> <span class='ocrx_word' id='word_1_195' title='bbox 1058 2343 1233 2413; x_wconf 90' lang='lat' dir='ltr'><strong>verentem,</strong></span> <span class='ocrx_word' id='word_1_196' title='bbox 1265 2357 1305 2400; x_wconf 92' lang='lat' dir='ltr'><strong>ne</strong></span> <span class='ocrx_word' id='word_1_197' title='bbox 1327 2336 1420 2402; x_wconf 90' lang='lat' dir='ltr'><strong>Silius</strong></span> <span class='ocrx_word' id='word_1_198' title='bbox 1447 2357 1505 2402; x_wconf 89' lang='lat' dir='ltr'><strong>suo</strong></span> <span class='ocrx_word' id='word_1_199' title='bbox 1532 2335 1643 2402; x_wconf 88' lang='lat' dir='ltr'><strong>nuntio</strong></span> 
     </span>
     <span class='ocr_line' id='line_1_21' title="bbox 287 2427 1642 2518; baseline -0.001 -22"><span class='ocrx_word' id='word_1_200' title='bbox 287 2428 443 2518; x_wconf 74' lang='lat' dir='ltr'><strong>¹⁰aliquid</strong></span> <span class='ocrx_word' id='word_1_201' title='bbox 457 2429 533 2494; x_wconf 91' lang='lat' dir='ltr'><strong>mibi</strong></span> <span class='ocrx_word' id='word_1_202' title='bbox 554 2427 770 2494; x_wconf 85' lang='lat' dir='ltr'><strong>sollicitudinis</strong></span> <span class='ocrx_word' id='word_1_203' title='bbox 789 2429 953 2508; x_wconf 88' lang='lat' dir='ltr'><strong>attulisset;</strong></span> <span class='ocrx_word' id='word_1_204' title='bbox 989 2429 1028 2495; x_wconf 94' lang='lat' dir='ltr'><strong>de</strong></span> <span class='ocrx_word' id='word_1_205' title='bbox 1050 2450 1114 2515; x_wconf 93' lang='lat' dir='ltr'><strong>quo</strong></span> <span class='ocrx_word' id='word_1_206' title='bbox 1135 2438 1166 2494; x_wconf 90' lang='lat' dir='ltr'><strong>et</strong></span> <span class='ocrx_word' id='word_1_207' title='bbox 1186 2439 1221 2495; x_wconf 88' lang='lat' dir='ltr'><strong>tu</strong></span> <span class='ocrx_word' id='word_1_208' title='bbox 1242 2429 1318 2495; x_wconf 94' lang='lat' dir='ltr'><strong>mibi</strong></span> <span class='ocrx_word' id='word_1_209' title='bbox 1339 2441 1429 2495; x_wconf 88' lang='lat' dir='ltr'><strong>antea</strong></span> <span class='ocrx_word' id='word_1_210' title='bbox 1454 2429 1642 2517; x_wconf 88' lang='lat' dir='ltr'><strong>scripseras,</strong></span> 
     </span>
     <span class='ocr_line' id='line_1_22' title="bbox 325 2519 1643 2610; baseline 0 -21"><span class='ocrx_word' id='word_1_211' title='bbox 325 2523 373 2589; x_wconf 92' lang='lat' dir='ltr'><strong>bis</strong></span> <span class='ocrx_word' id='word_1_212' title='bbox 395 2520 522 2610; x_wconf 91' lang='lat' dir='ltr'><strong>quidem</strong></span> <span class='ocrx_word' id='word_1_213' title='bbox 553 2519 666 2587; x_wconf 90' lang='lat' dir='ltr'><strong>eodem</strong></span> <span class='ocrx_word' id='word_1_214' title='bbox 694 2523 855 2609; x_wconf 82' lang='lat' dir='ltr'><strong>exemplo,</strong></span> <span class='ocrx_word' id='word_1_215' title='bbox 890 2522 980 2589; x_wconf 82' lang='lat' dir='ltr'><strong>facile</strong></span> <span class='ocrx_word' id='word_1_216' title='bbox 1009 2532 1044 2588; x_wconf 90' lang='lat' dir='ltr'><strong>ut</strong></span> <span class='ocrx_word' id='word_1_217' title='bbox 1063 2522 1268 2609; x_wconf 79' lang='lat' dir='ltr'><strong>intelligerem</strong></span> <span class='ocrx_word' id='word_1_218' title='bbox 1290 2531 1321 2588; x_wconf 88' lang='lat' dir='ltr'><strong>tc</strong></span> <span class='ocrx_word' id='word_1_219' title='bbox 1344 2543 1412 2588; x_wconf 88' lang='lat' dir='ltr'><strong>csse</strong></span> <span class='ocrx_word' id='word_1_220' title='bbox 1434 2533 1643 2602; x_wconf 72' lang='lat' dir='ltr'><strong>commotum</strong></span> 
     </span>
     <span class='ocr_line' id='line_1_23' title="bbox 324 2614 1642 2704; baseline -0.003 -20"><span class='ocrx_word' id='word_1_221' title='bbox 324 2626 356 2684; x_wconf 89' lang='lat' dir='ltr'><strong>et</strong></span> <span class='ocrx_word' id='word_1_222' title='bbox 387 2637 447 2702; x_wconf 90' lang='lat' dir='ltr'><strong>ego</strong></span> <span class='ocrx_word' id='word_1_223' title='bbox 475 2614 542 2698; x_wconf 42' lang='lat' dir='ltr'><strong>tibi,</strong></span> <span class='ocrx_word' id='word_1_224' title='bbox 559 2622 702 2680; x_wconf 89' lang='lat' dir='ltr'><strong>accurate</strong></span> <span class='ocrx_word' id='word_1_225' title='bbox 729 2616 969 2703; x_wconf 88' lang='lat' dir='ltr'><strong>rescripseram,</strong></span> <span class='ocrx_word' id='word_1_226' title='bbox 997 2625 1033 2684; x_wconf 93' lang='lat' dir='ltr'><strong>ut</strong></span> <span class='ocrx_word' id='word_1_227' title='bbox 1062 2637 1192 2704; x_wconf 89' lang='lat' dir='ltr'><strong>quoquo</strong></span> <span class='ocrx_word' id='word_1_228' title='bbox 1225 2615 1320 2683; x_wconf 88' lang='lat' dir='ltr'><strong>modo</strong></span> <span class='ocrx_word' id='word_1_229' title='bbox 1351 2615 1384 2682; x_wconf 92' lang='lat' dir='ltr'><strong>in</strong></span> <span class='ocrx_word' id='word_1_230' title='bbox 1417 2615 1471 2680; x_wconf 90' lang='lat' dir='ltr'><strong>tali</strong></span> <span class='ocrx_word' id='word_1_231' title='bbox 1491 2636 1527 2682; x_wconf 90' lang='lat' dir='ltr'><strong>re</strong></span> <span class='ocrx_word' id='word_1_232' title='bbox 1548 2623 1642 2702; x_wconf 86' lang='lat' dir='ltr'><strong>atque</strong></span> 
     </span>
     <span class='ocr_line' id='line_1_24' title="bbox 324 2706 1642 2798; baseline -0.001 -21"><span class='ocrx_word' id='word_1_233' title='bbox 324 2719 467 2798; x_wconf 91' lang='lat' dir='ltr'><strong>tempore</strong></span> <span class='ocrx_word' id='word_1_234' title='bbox 488 2718 542 2775; x_wconf 90' lang='lat' dir='ltr'><strong>aut</strong></span> <span class='ocrx_word' id='word_1_235' title='bbox 562 2706 730 2775; x_wconf 90' lang='lat' dir='ltr'><strong>liberarem</strong></span> <span class='ocrx_word' id='word_1_236' title='bbox 751 2718 780 2775; x_wconf 91' lang='lat' dir='ltr'><strong>te</strong></span> <span class='ocrx_word' id='word_1_237' title='bbox 802 2709 861 2776; x_wconf 86' lang='lat' dir='ltr'><strong>ista</strong></span> <span class='ocrx_word' id='word_1_238' title='bbox 881 2731 956 2776; x_wconf 91' lang='lat' dir='ltr'><strong>cura</strong></span> <span class='ocrx_word' id='word_1_239' title='bbox 977 2721 1032 2776; x_wconf 92' lang='lat' dir='ltr'><strong>aut</strong></span> <span class='ocrx_word' id='word_1_240' title='bbox 1051 2719 1135 2775; x_wconf 90' lang='lat' dir='ltr'><strong>certe</strong></span> <span class='ocrx_word' id='word_1_241' title='bbox 1156 2711 1303 2778; x_wconf 88' lang='lat' dir='ltr'><strong>levarem.</strong></span> <span class='ocrx_word' id='word_1_242' title='bbox 1354 2714 1385 2776; x_wconf 94' lang='grc'><strong>2.</strong></span> <span class='ocrx_word' id='word_1_243' title='bbox 1407 2710 1470 2776; x_wconf 89' lang='lat' dir='ltr'><strong>Sed</strong></span> <span class='ocrx_word' id='word_1_244' title='bbox 1495 2709 1642 2798; x_wconf 90' lang='lat' dir='ltr'><strong>quoniam</strong></span> 
     </span>
     <span class='ocr_line' id='line_1_25' title="bbox 325 2802 1642 2893; baseline -0.001 -23"><span class='ocrx_word' id='word_1_245' title='bbox 325 2803 479 2892; x_wconf 86' lang='lat' dir='ltr'><strong>proximis</strong></span> <span class='ocrx_word' id='word_1_246' title='bbox 501 2823 627 2890; x_wconf 91' lang='lat' dir='ltr'><strong>quoquc</strong></span> <span class='ocrx_word' id='word_1_247' title='bbox 648 2803 760 2870; x_wconf 88' lang='lat' dir='ltr'><strong>litteris</strong></span> <span class='ocrx_word' id='word_1_248' title='bbox 781 2803 936 2880; x_wconf 88' lang='lat' dir='ltr'><strong>ostendis,</strong></span> <span class='ocrx_word' id='word_1_249' title='bbox 958 2813 1091 2893; x_wconf 90' lang='lat' dir='ltr'><strong>quantae</strong></span> <span class='ocrx_word' id='word_1_250' title='bbox 1113 2802 1170 2870; x_wconf 92' lang='lat' dir='ltr'><strong>tibi</strong></span> <span class='ocrx_word' id='word_1_251' title='bbox 1191 2825 1285 2870; x_wconf 88' lang='lat' dir='ltr'><strong>curae</strong></span> <span class='ocrx_word' id='word_1_252' title='bbox 1306 2804 1346 2870; x_wconf 91' lang='lat' dir='ltr'><strong>sit</strong></span> <span class='ocrx_word' id='word_1_253' title='bbox 1367 2826 1404 2871; x_wconf 90' lang='lat' dir='ltr'><strong>ea</strong></span> <span class='ocrx_word' id='word_1_254' title='bbox 1424 2824 1491 2880; x_wconf 89' lang='lat' dir='ltr'><strong>res,</strong></span> <span class='ocrx_word' id='word_1_255' title='bbox 1513 2803 1573 2878; x_wconf 87' lang='lat' dir='ltr'><strong>sic,</strong></span> <span class='ocrx_word' id='word_1_256' title='bbox 1596 2804 1642 2870; x_wconf 93' lang='lat' dir='ltr'><strong>mi</strong></span> 
     </span>
     <span class='ocr_line' id='line_1_26' title="bbox 287 2895 1643 2986; baseline -0.003 -20"><span class='ocrx_word' id='word_1_257' title='bbox 287 2903 434 2972; x_wconf 64' lang='lat' dir='ltr'><strong>illecta,</strong></span> <span class='ocrx_word' id='word_1_258' title='bbox 465 2895 596 2962; x_wconf 87' lang='lat' dir='ltr'><strong>habeto:</strong></span> <span class='ocrx_word' id='word_1_259' title='bbox 624 2896 776 2984; x_wconf 93' lang='lat' dir='ltr'><strong>quidquid</strong></span> <span class='ocrx_word' id='word_1_260' title='bbox 804 2908 870 2964; x_wconf 89' lang='lat' dir='ltr'><strong>arte</strong></span> <span class='ocrx_word' id='word_1_261' title='bbox 895 2897 964 2964; x_wconf 90' lang='lat' dir='ltr'><strong>lieri</strong></span> <span class='ocrx_word' id='word_1_262' title='bbox 997 2899 1196 2986; x_wconf 79' lang='lat' dir='ltr'><strong>potuerit-</strong></span> <span class='ocrx_word' id='word_1_263' title='bbox 1218 2920 1283 2969; x_wconf 91' lang='lat' dir='ltr'><strong>non</strong></span> <span class='ocrx_word' id='word_1_264' title='bbox 1311 2897 1396 2964; x_wconf 91' lang='lat' dir='ltr'><strong>enim</strong></span> <span class='ocrx_word' id='word_1_265' title='bbox 1416 2898 1479 2963; x_wconf 87' lang='lat' dir='ltr'><strong>iam</strong></span> <span class='ocrx_word' id='word_1_266' title='bbox 1500 2896 1574 2962; x_wconf 90' lang='lat' dir='ltr'><strong>satis</strong></span> <span class='ocrx_word' id='word_1_267' title='bbox 1596 2906 1643 2963; x_wconf 90' lang='lat' dir='ltr'><strong>est</strong></span> 
     </span>
     <span class='ocr_line' id='line_1_27' title="bbox 324 2990 1643 3080; baseline -0.003 -20"><span class='ocrx_word' id='word_1_268' title='bbox 324 2992 456 3060; x_wconf 85' lang='lat' dir='ltr'><strong>consilio</strong></span> <span class='ocrx_word' id='word_1_269' title='bbox 476 3011 634 3078; x_wconf 85' lang='lat' dir='ltr'><strong>pugnare;</strong></span> <span class='ocrx_word' id='word_1_270' title='bbox 669 2991 834 3057; x_wconf 88' lang='lat' dir='ltr'><strong>artificium</strong></span> <span class='ocrx_word' id='word_1_271' title='bbox 855 2991 1012 3080; x_wconf 90' lang='lat' dir='ltr'><strong>quoddam</strong></span> <span class='ocrx_word' id='word_1_272' title='bbox 1040 2991 1280 3077; x_wconf 80' lang='lat' dir='ltr'><strong>excogitandum</strong></span> <span class='ocrx_word' id='word_1_273' title='bbox 1301 2999 1347 3058; x_wconf 87' lang='lat' dir='ltr'><strong>est</strong></span> <span class='ocrx_word' id='word_1_274' title='bbox 1368 3027 1430 3066; x_wconf 85' lang='lat'><strong>-,</strong></span> <span class='ocrx_word' id='word_1_275' title='bbox 1462 2990 1517 3057; x_wconf 91' lang='lat' dir='ltr'><strong>sed</strong></span> <span class='ocrx_word' id='word_1_276' title='bbox 1539 2999 1643 3056; x_wconf 89' lang='lat' dir='ltr'><strong>tamen</strong></span> 
     </span>
     <span class='ocr_line' id='line_1_28' title="bbox 325 3083 1643 3173; baseline -0.002 -22"><span class='ocrx_word' id='word_1_277' title='bbox 325 3084 477 3173; x_wconf 90' lang='lat' dir='ltr'><strong>quidquid</strong></span> <span class='ocrx_word' id='word_1_278' title='bbox 513 3083 670 3151; x_wconf 87' lang='lat' dir='ltr'><strong>elaborari</strong></span> <span class='ocrx_word' id='word_1_279' title='bbox 698 3095 752 3152; x_wconf 90' lang='lat' dir='ltr'><strong>aut</strong></span> <span class='ocrx_word' id='word_1_280' title='bbox 783 3085 863 3151; x_wconf 87' lang='lat' dir='ltr'><strong>ellici</strong></span> <span class='ocrx_word' id='word_1_281' title='bbox 889 3088 1027 3172; x_wconf 89' lang='lat' dir='ltr'><strong>potuerit</strong></span> <span class='ocrx_word' id='word_1_282' title='bbox 1055 3086 1095 3152; x_wconf 93' lang='lat' dir='ltr'><strong>ad</strong></span> <span class='ocrx_word' id='word_1_283' title='bbox 1116 3085 1250 3152; x_wconf 90' lang='lat' dir='ltr'><strong>istorum</strong></span> <span class='ocrx_word' id='word_1_284' title='bbox 1269 3084 1517 3151; x_wconf 89' lang='lat' dir='ltr'><strong>benevolentiam</strong></span> <span class='ocrx_word' id='word_1_285' title='bbox 1539 3083 1643 3150; x_wconf 91' lang='lat' dir='ltr'><strong>conci-</strong></span> 
     </span>
     <span class='ocr_line' id='line_1_29' title="bbox 323 3177 1643 3264; baseline -0.002 -19"><span class='ocrx_word' id='word_1_286' title='bbox 323 3179 463 3248; x_wconf 87' lang='lat' dir='ltr'><strong>liandum</strong></span> <span class='ocrx_word' id='word_1_287' title='bbox 484 3187 515 3244; x_wconf 89' lang='lat' dir='ltr'><strong>et</strong></span> <span class='ocrx_word' id='word_1_288' title='bbox 535 3179 763 3264; x_wconf 88' lang='lat' dir='ltr'><strong>colligendum,</strong></span> <span class='ocrx_word' id='word_1_289' title='bbox 796 3200 919 3246; x_wconf 91' lang='lat' dir='ltr'><strong>summo</strong></span> <span class='ocrx_word' id='word_1_290' title='bbox 941 3180 1044 3247; x_wconf 92' lang='lat' dir='ltr'><strong>studio</strong></span> <span class='ocrx_word' id='word_1_291' title='bbox 1073 3201 1123 3245; x_wconf 93' lang='lat' dir='ltr'><strong>me</strong></span> <span class='ocrx_word' id='word_1_292' title='bbox 1152 3188 1354 3246; x_wconf 87' lang='lat' dir='ltr'><strong>consecutum</strong></span> <span class='ocrx_word' id='word_1_293' title='bbox 1376 3200 1466 3255; x_wconf 91' lang='lat' dir='ltr'><strong>esse,</strong></span> <span class='ocrx_word' id='word_1_294' title='bbox 1498 3199 1556 3244; x_wconf 89' lang='lat' dir='ltr'><strong>nec</strong></span> <span class='ocrx_word' id='word_1_295' title='bbox 1576 3177 1643 3243; x_wconf 85' lang='lat' dir='ltr'><strong>irn-</strong></span> 
     </span>
     <span class='ocr_line' id='line_1_30' title="bbox 323 3270 1642 3358; baseline -0.004 -18"><span class='ocrx_word' id='word_1_296' title='bbox 323 3285 404 3350; x_wconf 85' lang='lat' dir='ltr'><strong>stra,</strong></span> <span class='ocrx_word' id='word_1_297' title='bbox 426 3282 462 3340; x_wconf 91' lang='lat' dir='ltr'><strong>ut</strong></span> <span class='ocrx_word' id='word_1_298' title='bbox 482 3271 635 3352; x_wconf 90' lang='lat' dir='ltr'><strong>arbitror;</strong></span> <span class='ocrx_word' id='word_1_299' title='bbox 672 3278 717 3338; x_wconf 90' lang='lat' dir='ltr'><strong>sic</strong></span> <span class='ocrx_word' id='word_1_300' title='bbox 738 3274 820 3338; x_wconf 91' lang='lat' dir='ltr'><strong>enim</strong></span> <span class='ocrx_word' id='word_1_301' title='bbox 842 3273 948 3346; x_wconf 91' lang='lat' dir='ltr'><strong>color,</strong></span> <span class='ocrx_word' id='word_1_302' title='bbox 981 3273 1026 3339; x_wconf 89' lang='lat' dir='ltr'><strong>sic</strong></span> <span class='ocrx_word' id='word_1_303' title='bbox 1053 3273 1208 3340; x_wconf 90' lang='lat' dir='ltr'><strong>observor</strong></span> <span class='ocrx_word' id='word_1_304' title='bbox 1233 3273 1272 3339; x_wconf 90' lang='lat' dir='ltr'><strong>ab</strong></span> <span class='ocrx_word' id='word_1_305' title='bbox 1304 3272 1449 3339; x_wconf 92' lang='lat' dir='ltr'><strong>omnibus</strong></span> <span class='ocrx_word' id='word_1_306' title='bbox 1470 3272 1525 3346; x_wconf 88' lang='lat' dir='ltr'><strong>iis,</strong></span> <span class='ocrx_word' id='word_1_307' title='bbox 1548 3270 1642 3358; x_wconf 91' lang='lat' dir='ltr'><strong>quia</strong></span> 
     </span>
     <span class='ocr_line' id='line_1_31' title="bbox 287 3362 1644 3454; baseline -0.004 -19"><span class='ocrx_word' id='word_1_308' title='bbox 287 3373 459 3436; x_wconf 75' lang='lat' dir='ltr'><strong>⁸⁰Caesare</strong></span> <span class='ocrx_word' id='word_1_309' title='bbox 479 3366 665 3451; x_wconf 89' lang='lat' dir='ltr'><strong>diliguntur,</strong></span> <span class='ocrx_word' id='word_1_310' title='bbox 687 3377 723 3433; x_wconf 87' lang='lat' dir='ltr'><strong>nt</strong></span> <span class='ocrx_word' id='word_1_311' title='bbox 743 3365 782 3432; x_wconf 92' lang='lat' dir='ltr'><strong>ab</strong></span> <span class='ocrx_word' id='word_1_312' title='bbox 804 3367 842 3432; x_wconf 90' lang='lat' dir='ltr'><strong>iis</strong></span> <span class='ocrx_word' id='word_1_313' title='bbox 859 3389 910 3432; x_wconf 91' lang='lat' dir='ltr'><strong>me</strong></span> <span class='ocrx_word' id='word_1_314' title='bbox 924 3367 1023 3432; x_wconf 90' lang='lat' dir='ltr'><strong>amari</strong></span> <span class='ocrx_word' id='word_1_315' title='bbox 1037 3375 1153 3454; x_wconf 90' lang='lat' dir='ltr'><strong>putem.</strong></span> <span class='ocrx_word' id='word_1_316' title='bbox 1196 3373 1271 3432; x_wconf 90' lang='lat' dir='ltr'><strong>Nam</strong></span> <span class='ocrx_word' id='word_1_317' title='bbox 1292 3367 1351 3433; x_wconf 88' lang='lat' dir='ltr'><strong>etsi</strong></span> <span class='ocrx_word' id='word_1_318' title='bbox 1371 3388 1435 3433; x_wconf 94' lang='lat' dir='ltr'><strong>non</strong></span> <span class='ocrx_word' id='word_1_319' title='bbox 1452 3365 1542 3431; x_wconf 88' lang='lat' dir='ltr'><strong>lacile</strong></span> <span class='ocrx_word' id='word_1_320' title='bbox 1563 3362 1644 3430; x_wconf 92' lang='lat' dir='ltr'><strong>diiu-</strong></span> 
     </span>
     <span class='ocr_line' id='line_1_32' title="bbox 325 3459 1641 3547; baseline -0.005 -17"><span class='ocrx_word' id='word_1_321' title='bbox 325 3463 446 3530; x_wconf 91' lang='lat' dir='ltr'><strong>dicatur</strong></span> <span class='ocrx_word' id='word_1_322' title='bbox 466 3480 556 3528; x_wconf 89' lang='lat' dir='ltr'><strong>amor</strong></span> <span class='ocrx_word' id='word_1_323' title='bbox 576 3480 671 3526; x_wconf 88' lang='lat' dir='ltr'><strong>verus</strong></span> <span class='ocrx_word' id='word_1_324' title='bbox 693 3470 725 3527; x_wconf 89' lang='lat' dir='ltr'><strong>et</strong></span> <span class='ocrx_word' id='word_1_325' title='bbox 745 3460 849 3538; x_wconf 87' lang='lat' dir='ltr'><strong>lictus,</strong></span> <span class='ocrx_word' id='word_1_326' title='bbox 878 3461 938 3526; x_wconf 93' lang='lat' dir='ltr'><strong>nisi</strong></span> <span class='ocrx_word' id='word_1_327' title='bbox 959 3459 1086 3547; x_wconf 88' lang='lat' dir='ltr'><strong>aliquod</strong></span> <span class='ocrx_word' id='word_1_328' title='bbox 1107 3460 1222 3526; x_wconf 87' lang='lat' dir='ltr'><strong>incidat</strong></span> <span class='ocrx_word' id='word_1_329' title='bbox 1241 3461 1397 3528; x_wconf 87' lang='lat' dir='ltr'><strong>eiusmodi</strong></span> <span class='ocrx_word' id='word_1_330' title='bbox 1417 3469 1555 3546; x_wconf 90' lang='lat' dir='ltr'><strong>tempus,</strong></span> <span class='ocrx_word' id='word_1_331' title='bbox 1589 3469 1641 3534; x_wconf 88' lang='lat' dir='ltr'><strong>ut,</strong></span> 
     </span>
     <span class='ocr_line' id='line_1_33' title="bbox 324 3553 1641 3643; baseline -0.003 -22"><span class='ocrx_word' id='word_1_332' title='bbox 324 3555 414 3643; x_wconf 90' lang='lat' dir='ltr'><strong>quasi</strong></span> <span class='ocrx_word' id='word_1_333' title='bbox 435 3575 546 3620; x_wconf 90' lang='lat' dir='ltr'><strong>aurum</strong></span> <span class='ocrx_word' id='word_1_334' title='bbox 567 3557 648 3639; x_wconf 92' lang='lat' dir='ltr'><strong>igni,</strong></span> <span class='ocrx_word' id='word_1_335' title='bbox 670 3553 716 3620; x_wconf 89' lang='lat' dir='ltr'><strong>sic</strong></span> <span class='ocrx_word' id='word_1_336' title='bbox 736 3553 953 3620; x_wconf 88' lang='lat' dir='ltr'><strong>benevolentia</strong></span> <span class='ocrx_word' id='word_1_337' title='bbox 974 3554 1073 3620; x_wconf 84' lang='lat' dir='ltr'><strong>fidelis</strong></span> <span class='ocrx_word' id='word_1_338' title='bbox 1093 3554 1235 3640; x_wconf 90' lang='lat' dir='ltr'><strong>periculo</strong></span> <span class='ocrx_word' id='word_1_339' title='bbox 1256 3555 1362 3641; x_wconf 90' lang='lat' dir='ltr'><strong>aliquo</strong></span> <span class='ocrx_word' id='word_1_340' title='bbox 1383 3553 1520 3641; x_wconf 89' lang='lat' dir='ltr'><strong>perspici</strong></span> <span class='ocrx_word' id='word_1_341' title='bbox 1533 3555 1641 3639; x_wconf 87' lang='lat' dir='ltr'><strong>possit,</strong></span> 
     </span>
     <span class='ocr_line' id='line_1_34' title="bbox 325 3645 1642 3736; baseline -0.002 -22"><span class='ocrx_word' id='word_1_342' title='bbox 325 3658 428 3714; x_wconf 92' lang='lat' dir='ltr'><strong>cetera</strong></span> <span class='ocrx_word' id='word_1_343' title='bbox 448 3656 521 3714; x_wconf 86' lang='lat' dir='ltr'><strong>sunt</strong></span> <span class='ocrx_word' id='word_1_344' title='bbox 540 3647 625 3732; x_wconf 88' lang='lat' dir='ltr'><strong>signa</strong></span> <span class='ocrx_word' id='word_1_345' title='bbox 647 3647 839 3721; x_wconf 91' lang='lat' dir='ltr'><strong>communia,</strong></span> <span class='ocrx_word' id='word_1_346' title='bbox 872 3646 927 3712; x_wconf 88' lang='lat' dir='ltr'><strong>sed</strong></span> <span class='ocrx_word' id='word_1_347' title='bbox 949 3667 1009 3732; x_wconf 93' lang='lat' dir='ltr'><strong>ego</strong></span> <span class='ocrx_word' id='word_1_348' title='bbox 1030 3668 1094 3713; x_wconf 93' lang='lat' dir='ltr'><strong>uno</strong></span> <span class='ocrx_word' id='word_1_349' title='bbox 1115 3659 1189 3714; x_wconf 92' lang='lat' dir='ltr'><strong>utor</strong></span> <span class='ocrx_word' id='word_1_350' title='bbox 1209 3660 1409 3735; x_wconf 90' lang='lat' dir='ltr'><strong>argumento,</strong></span> <span class='ocrx_word' id='word_1_351' title='bbox 1437 3645 1642 3736; x_wconf 91' lang='lat' dir='ltr'><strong>quamobrem</strong></span> 
     </span>
     <span class='ocr_line' id='line_1_35' title="bbox 325 3738 1643 3828; baseline -0.002 -22"><span class='ocrx_word' id='word_1_352' title='bbox 325 3763 376 3807; x_wconf 94' lang='lat' dir='ltr'><strong>me</strong></span> <span class='ocrx_word' id='word_1_353' title='bbox 398 3763 439 3808; x_wconf 84' lang='lat' dir='ltr'><strong>ex</strong></span> <span class='ocrx_word' id='word_1_354' title='bbox 468 3739 572 3806; x_wconf 90' lang='lat' dir='ltr'><strong>animo</strong></span> <span class='ocrx_word' id='word_1_355' title='bbox 601 3762 737 3828; x_wconf 87' lang='lat' dir='ltr'><strong>vereque</strong></span> <span class='ocrx_word' id='word_1_356' title='bbox 766 3738 901 3806; x_wconf 87' lang='lat' dir='ltr'><strong>arbitrer</strong></span> <span class='ocrx_word' id='word_1_357' title='bbox 921 3739 1025 3827; x_wconf 78' lang='lat' dir='ltr'><strong>diligi,</strong></span> <span class='ocrx_word' id='word_1_358' title='bbox 1062 3740 1133 3828; x_wconf 91' lang='lat' dir='ltr'><strong>quia</strong></span> <span class='ocrx_word' id='word_1_359' title='bbox 1155 3751 1187 3808; x_wconf 92' lang='lat' dir='ltr'><strong>et</strong></span> <span class='ocrx_word' id='word_1_360' title='bbox 1207 3751 1313 3808; x_wconf 89' lang='lat' dir='ltr'><strong>nostra</strong></span> <span class='ocrx_word' id='word_1_361' title='bbox 1334 3743 1460 3808; x_wconf 82' lang='lat' dir='ltr'><strong>fortuna</strong></span> <span class='ocrx_word' id='word_1_362' title='bbox 1482 3761 1519 3806; x_wconf 91' lang='lat' dir='ltr'><strong>ea</strong></span> <span class='ocrx_word' id='word_1_363' title='bbox 1542 3748 1589 3806; x_wconf 88' lang='lat' dir='ltr'><strong>est</strong></span> <span class='ocrx_word' id='word_1_364' title='bbox 1610 3747 1643 3804; x_wconf 91' lang='lat' dir='ltr'><strong>et</strong></span> 
     </span>
     <span class='ocr_line' id='line_1_36' title="bbox 288 3833 1643 3923; baseline 0 -23"><span class='ocrx_word' id='word_1_365' title='bbox 288 3834 466 3910; x_wconf 71' lang='lat' dir='ltr'><strong>uiltorum,</strong></span> <span class='ocrx_word' id='word_1_366' title='bbox 487 3842 524 3899; x_wconf 91' lang='lat' dir='ltr'><strong>ut</strong></span> <span class='ocrx_word' id='word_1_367' title='bbox 543 3833 708 3901; x_wconf 86' lang='lat' dir='ltr'><strong>simulandi</strong></span> <span class='ocrx_word' id='word_1_368' title='bbox 728 3855 820 3900; x_wconf 87' lang='lat' dir='ltr'><strong>causa</strong></span> <span class='ocrx_word' id='word_1_369' title='bbox 841 3855 905 3900; x_wconf 92' lang='lat' dir='ltr'><strong>non</strong></span> <span class='ocrx_word' id='word_1_370' title='bbox 927 3834 976 3900; x_wconf 85' lang='lat' dir='ltr'><strong>sit.</strong></span> <span class='ocrx_word' id='word_1_371' title='bbox 1018 3839 1048 3900; x_wconf 88' lang='lat'><strong>3.</strong></span> <span class='ocrx_word' id='word_1_372' title='bbox 1070 3841 1116 3901; x_wconf 87' lang='lat' dir='ltr'><strong>De</strong></span> <span class='ocrx_word' id='word_1_373' title='bbox 1138 3836 1192 3902; x_wconf 94' lang='lat' dir='ltr'><strong>illo</strong></span> <span class='ocrx_word' id='word_1_374' title='bbox 1214 3846 1334 3913; x_wconf 88' lang='lat' dir='ltr'><strong>autem,</strong></span> <span class='ocrx_word' id='word_1_375' title='bbox 1363 3855 1457 3923; x_wconf 91' lang='lat' dir='ltr'><strong>quem</strong></span> <span class='ocrx_word' id='word_1_376' title='bbox 1477 3851 1574 3921; x_wconf 88' lang='lat' dir='ltr'><strong>penes</strong></span> <span class='ocrx_word' id='word_1_377' title='bbox 1595 3840 1643 3900; x_wconf 86' lang='lat' dir='ltr'><strong>est</strong></span> 
     </span>
     <span class='ocr_line' id='line_1_37' title="bbox 326 3926 1641 4016; baseline -0.002 -22"><span class='ocrx_word' id='word_1_378' title='bbox 326 3929 427 3994; x_wconf 91' lang='lat' dir='ltr'><strong>omnis</strong></span> <span class='ocrx_word' id='word_1_379' title='bbox 449 3936 601 4014; x_wconf 89' lang='lat' dir='ltr'><strong>potestas,</strong></span> <span class='ocrx_word' id='word_1_380' title='bbox 624 3927 701 3994; x_wconf 91' lang='lat' dir='ltr'><strong>nibil</strong></span> <span class='ocrx_word' id='word_1_381' title='bbox 722 3926 832 4004; x_wconf 90' lang='lat' dir='ltr'><strong>video,</strong></span> <span class='ocrx_word' id='word_1_382' title='bbox 854 3928 939 4014; x_wconf 91' lang='lat' dir='ltr'><strong>quod</strong></span> <span class='ocrx_word' id='word_1_383' title='bbox 961 3929 1101 4007; x_wconf 92' lang='lat' dir='ltr'><strong>timeam;</strong></span> <span class='ocrx_word' id='word_1_384' title='bbox 1124 3927 1184 3994; x_wconf 92' lang='lat' dir='ltr'><strong>nisi</strong></span> <span class='ocrx_word' id='word_1_385' title='bbox 1204 3929 1289 4016; x_wconf 94' lang='lat' dir='ltr'><strong>quod</strong></span> <span class='ocrx_word' id='word_1_386' title='bbox 1312 3929 1415 3996; x_wconf 91' lang='lat' dir='ltr'><strong>omnia</strong></span> <span class='ocrx_word' id='word_1_387' title='bbox 1429 3939 1501 3995; x_wconf 88' lang='lat' dir='ltr'><strong>sunt</strong></span> <span class='ocrx_word' id='word_1_388' title='bbox 1514 3928 1641 4002; x_wconf 89' lang='lat' dir='ltr'><strong>incerta,</strong></span> 
     </span>
     <span class='ocr_line' id='line_1_38' title="bbox 325 4020 1643 4110; baseline -0.002 -24"><span class='ocrx_word' id='word_1_389' title='bbox 325 4039 437 4086; x_wconf 90' lang='lat' dir='ltr'><strong>cuma</strong></span> <span class='ocrx_word' id='word_1_390' title='bbox 466 4021 535 4086; x_wconf 93' lang='lat' dir='ltr'><strong>iure</strong></span> <span class='ocrx_word' id='word_1_391' title='bbox 557 4020 726 4088; x_wconf 88' lang='lat' dir='ltr'><strong>discessum</strong></span> <span class='ocrx_word' id='word_1_392' title='bbox 749 4031 812 4102; x_wconf 88' lang='lat' dir='ltr'><strong>est;</strong></span> <span class='ocrx_word' id='word_1_393' title='bbox 848 4042 905 4088; x_wconf 92' lang='lat' dir='ltr'><strong>nec</strong></span> <span class='ocrx_word' id='word_1_394' title='bbox 926 4022 1077 4108; x_wconf 85' lang='lat' dir='ltr'><strong>praestari</strong></span> <span class='ocrx_word' id='word_1_395' title='bbox 1103 4022 1272 4110; x_wconf 91' lang='lat' dir='ltr'><strong>quidquam</strong></span> <span class='ocrx_word' id='word_1_396' title='bbox 1293 4033 1411 4110; x_wconf 87' lang='lat' dir='ltr'><strong>potest,</strong></span> <span class='ocrx_word' id='word_1_397' title='bbox 1447 4021 1538 4109; x_wconf 88' lang='lat' dir='ltr'><strong>quale</strong></span> <span class='ocrx_word' id='word_1_398' title='bbox 1558 4020 1643 4085; x_wconf 88' lang='lat' dir='ltr'><strong>iutu-</strong></span> 
     </span>
     <span class='ocr_line' id='line_1_39' title="bbox 325 4111 1643 4202; baseline -0.002 -20"><span class='ocrx_word' id='word_1_399' title='bbox 325 4135 397 4182; x_wconf 90' lang='lat' dir='ltr'><strong>rum</strong></span> <span class='ocrx_word' id='word_1_400' title='bbox 418 4115 473 4190; x_wconf 91' lang='lat' dir='ltr'><strong>sit,</strong></span> <span class='ocrx_word' id='word_1_401' title='bbox 496 4115 581 4202; x_wconf 94' lang='lat' dir='ltr'><strong>quod</strong></span> <span class='ocrx_word' id='word_1_402' title='bbox 601 4116 738 4202; x_wconf 90' lang='lat' dir='ltr'><strong>positum</strong></span> <span class='ocrx_word' id='word_1_403' title='bbox 759 4125 806 4182; x_wconf 86' lang='lat' dir='ltr'><strong>cst</strong></span> <span class='ocrx_word' id='word_1_404' title='bbox 826 4115 859 4181; x_wconf 90' lang='lat' dir='ltr'><strong>in</strong></span> <span class='ocrx_word' id='word_1_405' title='bbox 880 4116 1008 4182; x_wconf 90' lang='lat' dir='ltr'><strong>alterius</strong></span> <span class='ocrx_word' id='word_1_406' title='bbox 1029 4117 1202 4192; x_wconf 89' lang='lat' dir='ltr'><strong>voluntate,</strong></span> <span class='ocrx_word' id='word_1_407' title='bbox 1225 4138 1264 4182; x_wconf 88' lang='lat' dir='ltr'><strong>nc</strong></span> <span class='ocrx_word' id='word_1_408' title='bbox 1284 4118 1386 4185; x_wconf 90' lang='lat' dir='ltr'><strong>dicam</strong></span> <span class='ocrx_word' id='word_1_409' title='bbox 1399 4115 1537 4182; x_wconf 89' lang='lat' dir='ltr'><strong>libidine.</strong></span> <span class='ocrx_word' id='word_1_410' title='bbox 1580 4111 1643 4180; x_wconf 89' lang='lat' dir='ltr'><strong>Sed</strong></span> 
     </span>
     <span class='ocr_line' id='line_1_40' title="bbox 325 4205 1642 4295; baseline -0.002 -21"><span class='ocrx_word' id='word_1_411' title='bbox 325 4217 429 4274; x_wconf 90' lang='lat' dir='ltr'><strong>tamen</strong></span> <span class='ocrx_word' id='word_1_412' title='bbox 451 4206 517 4274; x_wconf 88' lang='lat' dir='ltr'><strong>eius</strong></span> <span class='ocrx_word' id='word_1_413' title='bbox 535 4213 631 4295; x_wconf 89' lang='lat' dir='ltr'><strong>ipsius</strong></span> <span class='ocrx_word' id='word_1_414' title='bbox 652 4211 735 4276; x_wconf 89' lang='lat' dir='ltr'><strong>nulla</strong></span> <span class='ocrx_word' id='word_1_415' title='bbox 761 4233 798 4276; x_wconf 92' lang='lat' dir='ltr'><strong>re</strong></span> <span class='ocrx_word' id='word_1_416' title='bbox 818 4233 837 4276; x_wconf 89' lang='lat' dir='ltr'><strong>a</strong></span> <span class='ocrx_word' id='word_1_417' title='bbox 858 4229 908 4277; x_wconf 91' lang='lat' dir='ltr'><strong>me</strong></span> <span class='ocrx_word' id='word_1_418' title='bbox 931 4210 1068 4277; x_wconf 87' lang='lat' dir='ltr'><strong>oliensus</strong></span> <span class='ocrx_word' id='word_1_419' title='bbox 1089 4223 1136 4278; x_wconf 88' lang='lat' dir='ltr'><strong>est</strong></span> <span class='ocrx_word' id='word_1_420' title='bbox 1156 4209 1286 4278; x_wconf 83' lang='lat' dir='ltr'><strong>animm.</strong></span> <span class='ocrx_word' id='word_1_421' title='bbox 1328 4216 1383 4276; x_wconf 88' lang='lat' dir='ltr'><strong>Est</strong></span> <span class='ocrx_word' id='word_1_422' title='bbox 1404 4210 1487 4275; x_wconf 91' lang='lat' dir='ltr'><strong>enim</strong></span> <span class='ocrx_word' id='word_1_423' title='bbox 1505 4205 1642 4274; x_wconf 92' lang='lat' dir='ltr'><strong>adbibita</strong></span> 
     </span>
     <span class='ocr_line' id='line_1_41' title="bbox 288 4301 1642 4388; baseline 0 -20"><span class='ocrx_word' id='word_1_424' title='bbox 288 4301 358 4368; x_wconf 81' lang='lat' dir='ltr'><strong>⁴⁰in</strong></span> <span class='ocrx_word' id='word_1_425' title='bbox 380 4323 417 4368; x_wconf 90' lang='lat' dir='ltr'><strong>ea</strong></span> <span class='ocrx_word' id='word_1_426' title='bbox 439 4324 474 4368; x_wconf 92' lang='lat' dir='ltr'><strong>re</strong></span> <span class='ocrx_word' id='word_1_427' title='bbox 495 4302 564 4388; x_wconf 90' lang='lat' dir='ltr'><strong>ipsa</strong></span> <span class='ocrx_word' id='word_1_428' title='bbox 585 4324 705 4370; x_wconf 92' lang='lat' dir='ltr'><strong>summa</strong></span> <span class='ocrx_word' id='word_1_429' title='bbox 725 4325 744 4369; x_wconf 91' lang='lat' dir='ltr'><strong>a</strong></span> <span class='ocrx_word' id='word_1_430' title='bbox 764 4304 856 4371; x_wconf 91' lang='lat' dir='ltr'><strong>nobis</strong></span> <span class='ocrx_word' id='word_1_431' title='bbox 878 4303 1061 4371; x_wconf 84' lang='lat' dir='ltr'><strong>moderatio.</strong></span> <span class='ocrx_word' id='word_1_432' title='bbox 1118 4308 1155 4371; x_wconf 90' lang='lat' dir='ltr'><strong>Ut</strong></span> <span class='ocrx_word' id='word_1_433' title='bbox 1176 4305 1259 4370; x_wconf 91' lang='lat' dir='ltr'><strong>enim</strong></span> <span class='ocrx_word' id='word_1_434' title='bbox 1281 4304 1355 4370; x_wconf 90' lang='lat' dir='ltr'><strong>olim</strong></span> <span class='ocrx_word' id='word_1_435' title='bbox 1377 4301 1552 4370; x_wconf 90' lang='lat' dir='ltr'><strong>arbitrabar</strong></span> <span class='ocrx_word' id='word_1_436' title='bbox 1573 4323 1642 4368; x_wconf 88' lang='lat' dir='ltr'><strong>esse</strong></span> 
     </span>
     <span class='ocr_line' id='line_1_42' title="bbox 326 4396 1643 4485; baseline -0.001 -24"><span class='ocrx_word' id='word_1_437' title='bbox 326 4417 433 4464; x_wconf 93' lang='lat' dir='ltr'><strong>meum</strong></span> <span class='ocrx_word' id='word_1_438' title='bbox 452 4396 552 4463; x_wconf 89' lang='lat' dir='ltr'><strong>libere</strong></span> <span class='ocrx_word' id='word_1_439' title='bbox 573 4396 679 4484; x_wconf 90' lang='lat' dir='ltr'><strong>loqui,</strong></span> <span class='ocrx_word' id='word_1_440' title='bbox 714 4398 802 4464; x_wconf 90' lang='lat' dir='ltr'><strong>cuius</strong></span> <span class='ocrx_word' id='word_1_441' title='bbox 829 4420 927 4485; x_wconf 90' lang='lat' dir='ltr'><strong>opera</strong></span> <span class='ocrx_word' id='word_1_442' title='bbox 953 4407 1035 4464; x_wconf 90' lang='lat' dir='ltr'><strong>esset</strong></span> <span class='ocrx_word' id='word_1_443' title='bbox 1055 4397 1089 4464; x_wconf 93' lang='lat' dir='ltr'><strong>in</strong></span> <span class='ocrx_word' id='word_1_444' title='bbox 1110 4398 1232 4464; x_wconf 90' lang='lat' dir='ltr'><strong>civitate</strong></span> <span class='ocrx_word' id='word_1_445' title='bbox 1257 4398 1400 4472; x_wconf 90' lang='lat' dir='ltr'><strong>libertas,</strong></span> <span class='ocrx_word' id='word_1_446' title='bbox 1437 4398 1481 4463; x_wconf 90' lang='lat' dir='ltr'><strong>sic</strong></span> <span class='ocrx_word' id='word_1_447' title='bbox 1502 4417 1539 4462; x_wconf 88' lang='lat' dir='ltr'><strong>ea</strong></span> <span class='ocrx_word' id='word_1_448' title='bbox 1560 4416 1643 4460; x_wconf 91' lang='lat' dir='ltr'><strong>nunc</strong></span> 
     </span>
    </p>
   </div>
   <div class='ocr_carea' id='block_1_6' title="bbox 325 4615 1642 5104">
    <p class='ocr_par' dir='ltr' id='par_1_7' title="bbox 325 4615 1642 5104">
     <span class='ocr_line' id='line_1_43' title="bbox 395 4615 1642 4682; baseline -0.001 -17"><span class='ocrx_word' id='word_1_449' title='bbox 395 4617 420 4668; x_wconf 90' lang='lat' dir='ltr'><strong>l.</strong></span> <span class='ocrx_word' id='word_1_450' title='bbox 439 4630 520 4666; x_wconf 82' lang='lat' dir='ltr'><strong>conor</strong></span> <span class='ocrx_word' id='word_1_451' title='bbox 536 4617 572 4665; x_wconf 83' lang='lat' dir='ltr'><strong>od</strong></span> <span class='ocrx_word' id='word_1_452' title='bbox 589 4617 748 4666; x_wconf 76' lang='lat' dir='ltr'><strong>scribendum</strong></span> <span class='ocrx_word' id='word_1_453' title='bbox 766 4631 837 4668; x_wconf 88' lang='lat' dir='ltr'><strong>corr.</strong></span> <span class='ocrx_word' id='word_1_454' title='bbox 856 4618 901 4680; x_wconf 84' lang='grc' dir='ltr'><strong>Μ,</strong></span> <span class='ocrx_word' id='word_1_455' title='bbox 917 4632 1004 4682; x_wconf 79' lang='lat' dir='ltr'><strong>ponor</strong></span> <span class='ocrx_word' id='word_1_456' title='bbox 1021 4619 1135 4676; x_wconf 62' lang='lat' dir='ltr'><strong>minure</strong></span> <span class='ocrx_word' id='word_1_457' title='bbox 1152 4618 1285 4669; x_wconf 74' lang='lat' dir='ltr'><strong>scribendo</strong></span> <span class='ocrx_word' id='word_1_458' title='bbox 1302 4625 1411 4668; x_wconf 81' lang='lat' dir='ltr'><strong>auctam</strong></span> <span class='ocrx_word' id='word_1_459' title='bbox 1425 4618 1547 4670; x_wconf 76' lang='lat' dir='ltr'><strong>Manniio</strong></span> <span class='ocrx_word' id='word_1_460' title='bbox 1565 4615 1642 4665; x_wconf 76' lang='lat' dir='ltr'><strong>um·</strong></span> 
     </span>
     <span class='ocr_line' id='line_1_44' title="bbox 326 4682 1641 4752; baseline 0.001 -17"><span class='ocrx_word' id='word_1_461' title='bbox 326 4685 406 4735; x_wconf 86' lang='lat' dir='ltr'><strong>binus</strong></span> <span class='ocrx_word' id='word_1_462' title='bbox 425 4692 451 4736; x_wconf 90' lang='lat' dir='ltr'><strong>et</strong></span> <span class='ocrx_word' id='word_1_463' title='bbox 468 4687 618 4738; x_wconf 84' lang='lat' dir='ltr'><strong>Scbdtzius.</strong></span> <span class='ocrx_word' id='word_1_464' title='bbox 637 4685 693 4737; x_wconf 85' lang='lat' dir='ltr'><strong>Cir.</strong></span> <span class='ocrx_word' id='word_1_465' title='bbox 713 4687 792 4737; x_wconf 87' lang='lat' dir='ltr'><strong>lland</strong></span> <span class='ocrx_word' id='word_1_466' title='bbox 810 4689 889 4738; x_wconf 79' lang='lat' dir='ltr'><strong>Tura.</strong></span> <span class='ocrx_word' id='word_1_467' title='bbox 909 4689 931 4739; x_wconf 92' lang='lat' dir='ltr'><strong>l.</strong></span> <span class='ocrx_word' id='word_1_468' title='bbox 952 4703 977 4751; x_wconf 91' lang='lat' dir='ltr'><strong>p.</strong></span> <span class='ocrx_word' id='word_1_469' title='bbox 1000 4690 1058 4738; x_wconf 83' lang='lat' dir='ltr'><strong>tl&#39;i.</strong></span> <span class='ocrx_word' id='word_1_470' title='bbox 1077 4713 1111 4722; x_wconf 92' lang='lat'>-</span> <span class='ocrx_word' id='word_1_471' title='bbox 1146 4690 1173 4740; x_wconf 80' lang='grc'><strong>9.</strong></span> <span class='ocrx_word' id='word_1_472' title='bbox 1192 4685 1259 4750; x_wconf 75' lang='lat' dir='ltr'><strong>aim]</strong></span> <span class='ocrx_word' id='word_1_473' title='bbox 1279 4703 1357 4752; x_wconf 84' lang='lat' dir='ltr'><strong>qoem</strong></span> <span class='ocrx_word' id='word_1_474' title='bbox 1373 4689 1411 4738; x_wconf 91' lang='grc' dir='ltr'><strong>Μ.</strong></span> <span class='ocrx_word' id='word_1_475' title='bbox 1431 4711 1464 4724; x_wconf 91' lang='lat'><em>-</em></span> <span class='ocrx_word' id='word_1_476' title='bbox 1490 4689 1533 4738; x_wconf 84' lang='lat' dir='ltr'><strong>lii.</strong></span> <span class='ocrx_word' id='word_1_477' title='bbox 1553 4693 1576 4737; x_wconf 89' lang='lat' dir='ltr'><strong>te</strong></span> <span class='ocrx_word' id='word_1_478' title='bbox 1594 4682 1641 4747; x_wconf 84' lang='lat' dir='ltr'><strong>nd]</strong></span> 
     </span>
     <span class='ocr_line' id='line_1_45' title="bbox 325 4756 1641 4824; baseline 0 -18"><span class='ocrx_word' id='word_1_479' title='bbox 325 4757 362 4806; x_wconf 85' lang='lat' dir='ltr'><strong>od</strong></span> <span class='ocrx_word' id='word_1_480' title='bbox 380 4763 404 4806; x_wconf 83' lang='lat' dir='ltr'><strong>te</strong></span> <span class='ocrx_word' id='word_1_481' title='bbox 429 4756 545 4806; x_wconf 78' lang='lat' dir='ltr'><strong>Ernestii</strong></span> <span class='ocrx_word' id='word_1_482' title='bbox 570 4768 679 4819; x_wconf 85' lang='lat' dir='ltr'><strong>operae.</strong></span> <span class='ocrx_word' id='word_1_483' title='bbox 704 4780 734 4793; x_wconf 93' lang='lat'><em>-</em></span> <span class='ocrx_word' id='word_1_484' title='bbox 770 4759 815 4808; x_wconf 88' lang='grc'><strong>22.</strong></span> <span class='ocrx_word' id='word_1_485' title='bbox 840 4765 869 4808; x_wconf 81' lang='lat' dir='ltr'><strong>ot</strong></span> <span class='ocrx_word' id='word_1_486' title='bbox 895 4761 1023 4824; x_wconf 79' lang='lat' dir='ltr'><strong>quomodo</strong></span> <span class='ocrx_word' id='word_1_487' title='bbox 1048 4759 1086 4810; x_wconf 87' lang='grc' dir='ltr'><strong>Μ.</strong></span> <span class='ocrx_word' id='word_1_488' title='bbox 1114 4783 1145 4796; x_wconf 93' lang='lat'><em>-</em></span> <span class='ocrx_word' id='word_1_489' title='bbox 1181 4759 1225 4809; x_wconf 82' lang='grc'><strong>23.</strong></span> <span class='ocrx_word' id='word_1_490' title='bbox 1245 4761 1369 4822; x_wconf 81' lang='lat' dir='ltr'><strong>quoniam</strong></span> <span class='ocrx_word' id='word_1_491' title='bbox 1387 4759 1430 4808; x_wconf 85' lang='lat' dir='ltr'><strong>ll:</strong></span> <span class='ocrx_word' id='word_1_492' title='bbox 1461 4772 1540 4821; x_wconf 81' lang='lat' dir='ltr'><strong>quein</strong></span> <span class='ocrx_word' id='word_1_493' title='bbox 1557 4757 1587 4806; x_wconf 86' lang='lat' dir='ltr'><strong>ll.</strong></span> <span class='ocrx_word' id='word_1_494' title='bbox 1610 4779 1641 4790; x_wconf 96' lang='lat'><em>-</em></span> 
     </span>
     <span class='ocr_line' id='line_1_46' title="bbox 326 4825 1642 4894; baseline 0.001 -19"><span class='ocrx_word' id='word_1_495' title='bbox 326 4825 370 4875; x_wconf 85' lang='grc'><strong>25.</strong></span> <span class='ocrx_word' id='word_1_496' title='bbox 386 4829 504 4888; x_wconf 81' lang='lat' dir='ltr'><strong>potuerit</strong></span> <span class='ocrx_word' id='word_1_497' title='bbox 520 4825 687 4877; x_wconf 76' lang='lat' dir='ltr'><strong>Cratander:</strong></span> <span class='ocrx_word' id='word_1_498' title='bbox 710 4829 807 4889; x_wconf 83' lang='lat' dir='ltr'><strong>poterit</strong></span> <span class='ocrx_word' id='word_1_499' title='bbox 826 4829 885 4878; x_wconf 80' lang='lat' dir='ltr'><strong>ltu.</strong></span> <span class='ocrx_word' id='word_1_500' title='bbox 918 4852 948 4865; x_wconf 93' lang='lat'><em>-</em></span> <span class='ocrx_word' id='word_1_501' title='bbox 985 4830 1029 4879; x_wconf 85' lang='grc'><strong>27.</strong></span> <span class='ocrx_word' id='word_1_502' title='bbox 1048 4831 1237 4880; x_wconf 65' lang='lat' dir='ltr'><strong>conciliandum</strong></span> <span class='ocrx_word' id='word_1_503' title='bbox 1254 4836 1278 4878; x_wconf 85' lang='lat' dir='ltr'><strong>ct</strong></span> <span class='ocrx_word' id='word_1_504' title='bbox 1298 4829 1468 4894; x_wconf 75' lang='lat' dir='ltr'><strong>colligendum</strong></span> <span class='ocrx_word' id='word_1_505' title='bbox 1485 4827 1531 4878; x_wconf 80' lang='lat' dir='ltr'><strong>ll:</strong></span> <span class='ocrx_word' id='word_1_506' title='bbox 1558 4826 1642 4876; x_wconf 66' lang='lat' dir='ltr'><strong>emet</strong></span> 
     </span>
     <span class='ocr_line' id='line_1_47' title="bbox 325 4895 1639 4959; baseline 0.005 -15"><span class='ocrx_word' id='word_1_507' title='bbox 325 4895 444 4945; x_wconf 83' lang='lat' dir='ltr'><strong>iiundom</strong></span> <span class='ocrx_word' id='word_1_508' title='bbox 461 4903 485 4946; x_wconf 86' lang='lat' dir='ltr'><strong>at</strong></span> <span class='ocrx_word' id='word_1_509' title='bbox 503 4897 674 4959; x_wconf 82' lang='lat' dir='ltr'><strong>colligendum</strong></span> <span class='ocrx_word' id='word_1_510' title='bbox 693 4897 723 4951; x_wconf 86' lang='lat' dir='ltr'><strong>ll.</strong></span> <span class='ocrx_word' id='word_1_511' title='bbox 742 4919 776 4932; x_wconf 90' lang='grc'>-</span> <span class='ocrx_word' id='word_1_512' title='bbox 810 4899 854 4948; x_wconf 84' lang='grc'><strong>29.</strong></span> <span class='ocrx_word' id='word_1_513' title='bbox 873 4899 906 4948; x_wconf 79' lang='lat' dir='ltr'><strong>iis</strong></span> <span class='ocrx_word' id='word_1_514' title='bbox 924 4899 966 4949; x_wconf 86' lang='lat' dir='ltr'><strong>iil:</strong></span> <span class='ocrx_word' id='word_1_515' title='bbox 986 4899 1025 4948; x_wconf 79' lang='lat' dir='ltr'><strong>liis</strong></span> <span class='ocrx_word' id='word_1_516' title='bbox 1045 4899 1074 4950; x_wconf 83' lang='lat' dir='ltr'><strong>ll.</strong></span> <span class='ocrx_word' id='word_1_517' title='bbox 1096 4923 1126 4935; x_wconf 92' lang='lat'>-</span> <span class='ocrx_word' id='word_1_518' title='bbox 1163 4913 1180 4948; x_wconf 86' lang='lat' dir='ltr'><strong>o</strong></span> <span class='ocrx_word' id='word_1_519' title='bbox 1198 4912 1253 4949; x_wconf 89' lang='lat' dir='ltr'><strong>om.</strong></span> <span class='ocrx_word' id='word_1_520' title='bbox 1272 4898 1310 4949; x_wconf 90' lang='grc' dir='ltr'><strong>Μ.</strong></span> <span class='ocrx_word' id='word_1_521' title='bbox 1326 4925 1354 4936; x_wconf 89' lang='grc'>-</span> <span class='ocrx_word' id='word_1_522' title='bbox 1392 4899 1436 4948; x_wconf 80' lang='grc'><strong>30.</strong></span> <span class='ocrx_word' id='word_1_523' title='bbox 1454 4900 1488 4947; x_wconf 79' lang='lat' dir='ltr'><strong>iis</strong></span> <span class='ocrx_word' id='word_1_524' title='bbox 1505 4895 1639 4950; x_wconf 81' lang='lat' dir='ltr'><strong>oratlima</strong></span> 
     </span>
     <span class='ocr_line' id='line_1_48' title="bbox 326 4965 1640 5033; baseline 0.004 -19"><span class='ocrx_word' id='word_1_525' title='bbox 326 4965 366 5014; x_wconf 74' lang='lat' dir='ltr'><strong>bis</strong></span> <span class='ocrx_word' id='word_1_526' title='bbox 395 4965 454 5016; x_wconf 85' lang='grc' dir='ltr'><strong>ΜΒ.</strong></span> <span class='ocrx_word' id='word_1_527' title='bbox 482 4987 514 5004; x_wconf 85' lang='lat'><strong>·-</strong></span> <span class='ocrx_word' id='word_1_528' title='bbox 552 4967 664 5017; x_wconf 75' lang='lat' dir='ltr'><strong>Tametsi</strong></span> <span class='ocrx_word' id='word_1_529' title='bbox 690 4966 842 5030; x_wconf 77' lang='lat' dir='ltr'><strong>Madvigius</strong></span> <span class='ocrx_word' id='word_1_530' title='bbox 867 4974 893 5018; x_wconf 89' lang='lat' dir='ltr'><strong>et</strong></span> <span class='ocrx_word' id='word_1_531' title='bbox 918 4969 1093 5019; x_wconf 84' lang='lat' dir='ltr'><strong>lienttrolius.</strong></span> <span class='ocrx_word' id='word_1_532' title='bbox 1136 4967 1193 5020; x_wconf 78' lang='lat' dir='ltr'><strong>Cir.</strong></span> <span class='ocrx_word' id='word_1_533' title='bbox 1222 4969 1299 5020; x_wconf 85' lang='lat' dir='ltr'><strong>tland</strong></span> <span class='ocrx_word' id='word_1_534' title='bbox 1325 4967 1587 5033; x_wconf 76' lang='lat' dir='ltr'><strong>Tun.11.p.out.</strong></span> <span class='ocrx_word' id='word_1_535' title='bbox 1609 4991 1640 5008; x_wconf 88' lang='lat'><strong>··</strong></span> 
     </span>
     <span class='ocr_line' id='line_1_49' title="bbox 326 5034 1639 5104; baseline 0.003 -20"><span class='ocrx_word' id='word_1_536' title='bbox 326 5034 370 5086; x_wconf 84' lang='lat'><strong>³1.</strong></span> <span class='ocrx_word' id='word_1_537' title='bbox 389 5035 480 5086; x_wconf 80' lang='lat' dir='ltr'><strong>incidit</strong></span> <span class='ocrx_word' id='word_1_538' title='bbox 497 5035 547 5086; x_wconf 80' lang='lat' dir='ltr'><strong>Vb.</strong></span> <span class='ocrx_word' id='word_1_539' title='bbox 568 5059 598 5073; x_wconf 90' lang='lat'>-</span> <span class='ocrx_word' id='word_1_540' title='bbox 635 5035 680 5088; x_wconf 80' lang='lat'><strong>38.</strong></span> <span class='ocrx_word' id='word_1_541' title='bbox 698 5037 733 5088; x_wconf 80' lang='lat' dir='ltr'><strong>iit</strong></span> <span class='ocrx_word' id='word_1_542' title='bbox 750 5039 797 5101; x_wconf 87' lang='lat' dir='ltr'><strong>tu,</strong></span> <span class='ocrx_word' id='word_1_543' title='bbox 824 5039 893 5103; x_wconf 80' lang='lat' dir='ltr'><strong>quod</strong></span> <span class='ocrx_word' id='word_1_544' title='bbox 910 5053 965 5103; x_wconf 84' lang='lat' dir='ltr'><strong>mg.</strong></span> <span class='ocrx_word' id='word_1_545' title='bbox 986 5039 1089 5104; x_wconf 81' lang='lat' dir='ltr'><strong>Repeti.</strong></span> <span class='ocrx_word' id='word_1_546' title='bbox 1109 5038 1205 5090; x_wconf 75' lang='lat' dir='ltr'><strong>lamb.</strong></span> <span class='ocrx_word' id='word_1_547' title='bbox 1637 5080 1639 5088; x_wconf 94' lang='lat'><strong>.</strong></span> 
     </span>
    </p>
   </div>
   <div class='ocr_carea' id='block_1_7' title="bbox 0 0 1818 5876">
    <p class='ocr_par' dir='ltr' id='par_1_8' title="bbox 0 0 1818 5876">
     <span class='ocr_line' id='line_1_50' title="bbox 0 0 1818 5876; baseline 0 0"><span class='ocrx_word' id='word_1_548' title='bbox 0 0 1818 5876; x_wconf 95' lang='lat' dir='ltr'><strong> </strong></span> 
     </span>
    </p>
   </div>
  </div>
 </body>
</html>
