3628 5876
613 385 687 448 LlB.
709 385 790 451 v111.
832 388 891 450 ΕΡ.
915 389 965 452 10.
990 391 1039 453 ll.
1426 389 1486 452 137

161 567 303 634 possum.
345 547 483 611 Lilaea
502 545 597 623 uovi3
620 545 693 620 alia,
716 566 796 632 quae
820 555 952 632 possunt
971 545 1131 635 accidere,
1154 568 1219 614 uon
1243 569 1348 614 cerno.
1391 549 1486 616 Multa
1535 530 1540 540 ¹

162 652 287 728 tempus
308 638 435 718 alleret;
470 648 655 725 praeparata
682 641 778 705 multa
808 641 960 722 †rescio;
993 641 1048 706 sed
1069 642 1151 706 intra
1175 642 1253 708 fines
1280 643 1354 717 bos,
1391 665 1487 731 quae-

162 756 287 822 cunque
309 733 492 808 acciderint,
515 742 685 798 vertentur.
733 735 813 802 Illud
837 735 935 800 addo:
974 734 1035 820 [ad]
1064 741 1201 802 actiones
1224 741 1256 803 C.
1279 738 1424 804 Curionis
1446 737 1485 803 do

161 851 240 914 agro
262 833 433 914 Campan03
455 826 495 892 de
517 847 581 913 quo
603 837 717 912 negant
739 833 901 894 Caesarem
923 829 1083 903 laborare,
1107 830 1162 895 sed
1183 832 1368 918 Pompeium
1395 831 1486 898 valdo

162 925 260 999 nolle,
285 945 324 988 ue
346 943 463 986 vacuus
484 920 661 986 advenienti
680 923 806 988 Caesari
827 933 941 1008 pateat.
984 929 1015 990 5.
1038 924 1131 1001 Quod
1154 925 1193 990 ad
1216 936 1302 991 tuum
1324 926 1510 991 docessumn

162 1020 286 1092 attinet,
317 1015 395 1082 illud
417 1014 474 1079 tibi
495 1036 559 1079 nou
579 1035 707 1100 possum
728 1017 885 1102 polliceri,
907 1040 958 1083 me
981 1028 1179 1093 curaturum,
1207 1029 1243 1085 ut
1261 1019 1317 1085 tibi
1341 1020 1487 1088 succeda-

163 1123 228 1190 tur;
266 1109 343 1176 illud
372 1119 458 1176 certe
486 1107 666 1195 praestabo,
689 1131 728 1174 ue
748 1111 882 1197 amplius
904 1122 1104 1197 prorogetur.
1148 1113 1206 1178 Tui
1228 1114 1350 1178 consilii
1373 1125 1435 1189 est,
1458 1114 1486 1179 si

162 1216 301 1291 tompus,
333 1204 360 1270 si
385 1213 511 1270 senatus
531 1212 638 1288 coget,
670 1203 698 1268 si
718 1202 885 1268 honestea
911 1205 1003 1271 nobis
1025 1207 1166 1272 recusari
1191 1228 1254 1272 non
1279 1208 1411 1293 poterit,
1433 1230 1488 1273 ve-

163 1301 241 1364 lisne
261 1319 484 1384 perseverare:
521 1298 583 1362 mei
611 1298 704 1363 allicit
726 1307 773 1362 est
794 1298 988 1376 meminisse,
1021 1321 1083 1387 qua
1104 1300 1311 1368 obtestatione
1334 1302 1487 1369 decedens

163 1393 258 1468 mibi,
282 1413 321 1458 ne
342 1403 467 1478 paterer
489 1391 577 1467 fieri,
600 1392 767 1458 mandaris.
1497 1415 1523 1456 ro

639 1563 693 1626 m.
737 1558 786 1645 (Α.
812 1565 844 1626 u.
866 1565 899 1628 c.
921 1560 1006 1646 aaa.)

613 1696 775 1759 cancros
799 1695 982 1760 oronnam
1004 1699 1035 1762 s.

248 1831 277 1892 l.
308 1831 378 1891 Nou
400 1823 470 1898 diu,
504 1823 559 1889 sed
580 1825 695 1888 acriter
716 1844 774 1889 nos
795 1835 868 1890 tuae
890 1826 1130 1912 supplicationes
1162 1836 1336 1908 torserunt:
1368 1829 1487 1895 incide-

162 1944 268 1988 ramus
291 1926 373 1986 onim
396 1923 428 1985 in
450 1918 606 1984 difficilem
621 1917 749 1984 nodum.
792 1923 867 1982 Nam
884 1920 980 1985 Curio
995 1921 1041 1985 tui
1057 1921 1292 2008 cupidissimus,
1315 1923 1366 1988 cui
1385 1925 1485 1989 omni·

162 2018 220 2083 bus
242 2013 418 2081 rationibus
440 2012 613 2077 comitiales
635 2013 864 2098 eripiebantur,
895 2014 1028 2098 negabat
1049 2037 1081 2079 se
1103 2017 1169 2081 ullo
1191 2016 1287 2082 modo
1308 2018 1371 2102 pati
1393 2040 1524 2105 possets

162 2111 289 2176 decerni
318 2106 575 2194 supplicationes,
612 2107 759 2194 nequod
787 2107 897 2171 furore
918 2108 1017 2174 Paulli
1039 2108 1169 2196 adeptus
1192 2120 1273 2175 esset
1295 2110 1390 2186 boni,
1430 2133 1486 2176 sua

121 2259 131 2272 ,
162 2206 253 2290 culpa
275 2203 436 2268 videretur
457 2200 598 2266 amisisse
627 2211 658 2266 et
686 2207 918 2286 praevaricator
946 2223 1057 2267 causae
1079 2202 1221 2288 publicae
1244 2205 1485 2271 existimaretur.

161 2304 269 2385 ltaque
292 2297 332 2361 ad
352 2297 528 2382 pactionem
551 2294 787 2370 descendimus,
825 2305 855 2360 et
877 2295 1102 2361 confirmarunt
1122 2298 1265 2362 consules
1287 2321 1320 2363 se
1343 2300 1391 2364 bis
1413 2320 1485 2383 sup-

161 2389 382 2478 plicationibus
404 2396 435 2455 in
457 2390 539 2454 hunc
560 2410 675 2454 anuum
697 2411 760 2454 non
781 2410 905 2455 usuros.
947 2391 1057 2463 Plane,
1080 2389 1166 2476 quod
1187 2391 1328 2479 utrisque
1350 2392 1485 2457 consuli-

162 2486 220 2551 bus
242 2485 359 2571 gratias
381 2505 474 2568 agas,
498 2493 561 2562 est;
584 2483 692 2548 Paullo
713 2484 812 2567 magis
834 2494 928 2549 certe.
971 2488 1047 2548 Nam
1069 2485 1234 2550 Marcellus
1256 2485 1302 2550 sic
1322 2485 1522 2571 responditis

163 2581 211 2654 ei,
234 2602 269 2644 se
292 2579 433 2664 spemin
455 2577 521 2643 istis
543 2576 822 2663 supplicationibus
844 2599 906 2643 uon
921 2576 1054 2654 babere:
1076 2578 1221 2653 Paullus,
1244 2601 1278 2644 se
1300 2581 1428 2646 omnino
1451 2581 1484 2645 in

163 2675 243 2740 bunc
265 2695 382 2738 annum
404 2693 467 2737 non
488 2672 672 2736 edicturum.
715 2677 745 2736 2.
768 2672 988 2738 Renuntiatum
1010 2671 1101 2736 nobis
1124 2683 1191 2736 crat
1211 2673 1342 2739 Hirrum
1365 2674 1484 2740 diutius

162 2769 341 2833 dicturum:
374 2765 557 2853 prendimus
580 2787 668 2843 eum;
704 2787 767 2830 uon
789 2765 885 2830 modo
906 2788 970 2830 non
991 2766 1085 2840 lecit,
1115 2766 1186 2842 sed,
1220 2789 1291 2832 cum
1315 2768 1353 2832 de
1375 2768 1485 2833 hostiis

163 2872 310 2948 ageretur
332 2870 363 2927 et
383 2869 490 2947 posset
511 2881 580 2923 rem
597 2859 767 2945 impedire,
789 2863 836 2933 si,
858 2867 893 2923 ut
908 2870 1144 2932 numeraretur,
1168 2862 1356 2946 postularet,
1379 2861 1485 2926 tacuit.

163 2963 294 3022 Tantum
317 2959 425 3021 Catoni
447 2974 591 3018 assensus
614 2964 675 3028 est,
713 2953 767 3039 qui
789 2952 828 3016 de
850 2961 881 3016 te
903 2953 1024 3017 locutus
1046 2952 1233 3028 bonorilioc,
1256 2974 1319 3019 nou
1341 2953 1485 3018 decrerat
1494 2977 1523 3016 aa

162 3048 415 3138 supplicationes.
469 3048 593 3113 Tertius
614 3047 655 3112 ad
675 3045 733 3111 bos
754 3045 910 3111 Favonius
937 3047 1075 3111 accessit.
1120 3049 1227 3124 Quare
1248 3068 1307 3133 pro
1330 3047 1484 3134 cuiusque

162 3155 271 3210 natura
295 3152 326 3207 et
346 3141 486 3208 instituto
508 3142 626 3226 gratiae
654 3150 726 3205 sunt
746 3140 900 3225 agendae:
938 3140 1006 3214 bis,
1045 3139 1131 3227 quod
1151 3148 1269 3205 tantum
1292 3139 1484 3205 voluntatem

162 3240 382 3316 ostenderunt;
409 3256 469 3323 pro
491 3235 664 3310 sententia,
687 3256 759 3300 cum
781 3233 935 3320 impedire
956 3242 1100 3320 possent,
1123 3255 1186 3299 non
1207 3243 1401 3320 pugnaruut;
1425 3238 1486 3299 Cu-

161 3335 360 3407 ninnivem,
397 3330 483 3417 quod
510 3330 548 3394 de
577 3351 704 3394 suarum
726 3329 883 3394 actionum
906 3349 999 3393 cursu
1028 3338 1080 3394 tua
1102 3350 1194 3394 causa
1216 3328 1352 3394 deflexit.
1408 3333 1485 3393 Nam

161 3429 296 3495 Furnius
319 3436 350 3491 et
371 3426 535 3499 Lentulus,
567 3435 603 3490 ut
623 3424 819 3500 debuerunt,
853 3423 943 3510 quasi
965 3443 1077 3489 eorum
1098 3445 1149 3489 res
1172 3433 1273 3499 esset,
1295 3445 1357 3489 una
1377 3421 1522 3487 nobis-so

162 3546 232 3589 cum
264 3520 491 3587 circumierunt
517 3528 548 3584 et
569 3518 760 3584 laborarunt.
814 3517 902 3583 Balbi
925 3540 1050 3605 quoque
1073 3519 1211 3584 Cornelii
1233 3539 1362 3604 operam
1385 3527 1416 3582 et
1436 3538 1485 3582 se-

162 3617 323 3682 dulitatem
356 3614 484 3679 laudare
506 3634 645 3699 possum.
702 3617 779 3676 Nam
801 3631 873 3675 cum
895 3611 1032 3676 Curione
1053 3612 1255 3676 vehementer
1276 3611 1398 3676 locutus
1421 3618 1485 3687 est,

162 3719 192 3776 et
213 3732 304 3784 eum,
342 3707 368 3772 si
396 3707 488 3772 aliter
517 3707 661 3781 lecisset,
695 3704 843 3770 iniuriam
866 3705 992 3769 Caesari
1013 3705 1168 3771 iacturum
1191 3705 1290 3780 dixit,
1327 3715 1393 3770 tum
1416 3703 1484 3769 eius

163 3803 254 3869 bdem
276 3803 309 3868 in
338 3802 548 3887 suspicionem
570 3800 710 3865 adduxit.
752 3805 933 3872 haeserant,
956 3799 1009 3885 qui
1037 3799 1145 3886 inique
1167 3804 1295 3884 transigi
1317 3799 1483 3872 solebant,

162 3898 307 3970 llomitii,
339 3895 518 3982 Scipiones:
557 3893 671 3981 quibus
693 3893 751 3958 bac
772 3915 807 3958 re
830 3893 869 3957 ad
898 3892 1154 3958 intercessionem
1176 3893 1365 3958 evocandam
1388 3893 1524 3957 iuter-ao

162 3990 350 4078 pellantibus
371 3989 588 4054 venustissime
611 3993 707 4055 Curio
728 3987 890 4074 respondit
911 4009 945 4052 se
967 4009 1005 4051 eo
1028 3985 1174 4052 libentius
1196 4008 1259 4052 non
1277 3987 1483 4062 intercedere,

162 4086 246 4174 quod
268 4084 438 4173 quosdam,
460 4083 515 4171 qui
536 4084 756 4157 decernerent,
779 4081 901 4146 videret
922 4079 1032 4146 conlrci
1046 4082 1140 4146 nolle.
1183 4087 1212 4146 3.
1237 4082 1330 4160 Quod
1352 4080 1391 4146 ad
1414 4104 1482 4146 rem

161 4179 319 4264 publicam
340 4179 465 4252 attinet,
487 4179 520 4244 in
542 4200 635 4243 unam
657 4197 783 4242 causam
804 4175 906 4240 omnis
928 4175 1086 4240 contentio
1108 4175 1249 4240 coniecta
1270 4185 1333 4251 cst,
1356 4175 1395 4240 de
1411 4168 1486 4262 pro-

230 4401 257 4450 l.
284 4397 397 4447 occidero
424 4395 461 4444 M.
486 4419 521 4428 -
556 4395 583 4444 2.
607 4395 698 4459 offeret
722 4393 776 4442 Vb:
803 4393 897 4459 afferre
915 4401 940 4442 at
957 4394 1016 4444 Mu.
1037 4420 1066 4430 -
1105 4396 1186 4444 rescia
1204 4395 1250 4444 M:
1270 4398 1323 4444 acio
1342 4395 1372 4445 E.
1410 4395 1483 4445 Fort.
1568 4419 1569 4424 =

161 4469 245 4518 matta
271 4469 302 4518 ll.
328 4469 359 4517 P.
388 4462 438 4528 (rai
454 4465 583 4528 publicae)
601 4467 663 4513 scio.
683 4463 733 4514 On.
763 4488 795 4498 -
831 4463 858 4512 3.
877 4470 1040 4514 verterentur
1057 4463 1094 4514 Μ.
1116 4488 1147 4498 -
1183 4465 1219 4514 od
1237 4465 1291 4518 del.
1314 4465 1484 4526 Lambinus,

163 4539 225 4589 secl.
247 4537 376 4588 Orellius.
397 4560 428 4571 -
464 4535 490 4585 7.
509 4535 570 4585 illuc
589 4535 626 4585 Μ.
648 4557 679 4569 -·
714 4534 741 4584 9.
759 4528 819 4594 mat]
838 4546 877 4581 mc
894 4533 931 4583 M.
953 4560 982 4569 -
1022 4535 1064 4584 15.
1084 4534 1382 4598 eripianturnapabont
1400 4536 1482 4586 Μ.-

163 4609 204 4658 16.
224 4610 287 4673 qnid
306 4608 342 4658 Μ.
365 4631 396 4642 -
432 4606 569 4666 ademptus
587 4603 634 4665 Μ,
653 4605 803 4666 ademptum
821 4602 905 4653 Codd.
924 4603 1037 4666 aliquot.
1060 4627 1088 4638 -
1126 4604 1169 4658 18.
1189 4619 1260 4654 corn.
1279 4619 1331 4654 asse
1348 4607 1387 4655 Mn
1402 4606 1439 4657 Μ,
1453 4627 1484 4641 ..

163 4679 205 4728 21.
223 4682 247 4729 ai
265 4693 291 4728 re
309 4692 379 4740 spem
398 4677 562 4726 Lambinus:
582 4677 605 4724 et
623 4688 692 4736 spem
711 4673 755 4732 M,
776 4686 801 4722 sa
818 4687 887 4735 rpem
906 4673 937 4724 ll.
959 4699 987 4710 -
1026 4673 1070 4724 23.
1090 4675 1180 4723 hostiis
1198 4675 1240 4724 M:
1260 4674 1375 4724 noctibas
1400 4675 1430 4724 ll.
1453 4698 1484 4709 -

163 4749 205 4798 23.
224 4751 307 4812 possit
327 4749 364 4798 M.
390 4771 417 4784 -
452 4752 634 4796 numeraretur
652 4744 698 4795 M:
723 4750 925 4793 nuaaararentnr
942 4744 972 4794 tl.
995 4768 1025 4779 -
1063 4744 1107 4794 25.
1126 4746 1171 4808 qui
1190 4746 1220 4794 da
1239 4750 1263 4794 te
1280 4745 1380 4794 locutus
1399 4745 1486 4794 Grae-

165 4819 238 4868 vius:
264 4821 310 4882 out
328 4825 352 4868 et
371 4817 470 4866 locotus
490 4816 535 4874 M,
566 4819 611 4879 qne
629 4822 653 4863 at
671 4815 702 4864 da
721 4821 744 4863 ta
763 4815 862 4862 tocotna
881 4813 911 4862 ll.
945 4838 973 4849 -
1011 4815 1055 4864 27.
1077 4821 1180 4864 tantam
1198 4815 1244 4866 M:
1278 4822 1381 4864 tantam
1399 4815 1430 4864 E.
1449 4840 1484 4849 -

165 4889 206 4938 33.
226 4885 291 4952 rom]
311 4903 368 4936 ctam
387 4886 424 4936 M.
453 4909 480 4920 -
519 4885 563 4936 33.
584 4886 741 4941 Dertosam,
760 4885 804 4947 qut
821 4885 908 4946 iniqua
928 4886 1041 4949 tramtpt
1059 4884 1195 4936 Orellins:
1227 4885 1286 4934 ltlon
1303 4886 1410 4936 deuant
1428 4887 1484 4949 qut·

165 4961 219 5007 dem
243 4961 289 5022 qast
313 4971 394 5021 mque
416 4957 529 5022 transigi
558 4955 607 5015 Va,
636 4956 762 5004 Dcrarnnt
789 4955 832 5017 qni
856 4953 947 5016 iniqua
975 4956 1088 5016 transigi
1114 4955 1172 5012 Vb,
1204 4955 1345 5008 Daararnnt
1363 4955 1482 5021 quidem,

166 5032 207 5092 qni
224 5043 304 5094 mana
325 5029 439 5092 transigi
456 5025 486 5082 ll·
527 5027 578 5085 (lta
596 5026 623 5082 Μ
642 5039 697 5080 non
717 5023 781 5074 satis
800 5021 926 5087 constat.)
