3662 5892
319 410 382 472 712
806 409 868 472 ΕΡ.
888 409 941 472 ΑΙ)
963 407 1135 471 Armenta

317 567 547 653 certioremque
569 586 620 630 me
642 563 751 638 iacias,
781 563 855 651 quid
877 563 996 630 iudices
1017 564 1095 649 ipse.
1140 566 1336 649 Quamquam
1359 583 1485 638 vereor,
1529 583 1582 628 ne
1616 583 1677 628 aa·

319 754 549 837 Annocba'vovg
563 752 709 828 fulmina,
731 763 796 818 tum
813 752 964 836 intelliges
985 773 1078 838 posse
1100 762 1131 816 et
1145 753 1347 818 ἁττικῶτατα
1362 753 1563 836 gravissime
1590 752 1676 817 dici.

319 847 379 913 Sed
408 847 484 913 baec
512 867 628 911 coram.
671 851 759 911 Nunc
779 866 836 912 nec
864 845 931 911 sine
953 846 1084 930 epistola
1111 867 1169 912 nec
1195 867 1266 911 cum
1288 845 1372 912 inani
1393 847 1533 931 epistola
1572 845 1678 912 volui

296 939 358 1013 ¹,ad
380 951 410 1004 te
431 939 648 1006 Metrodorum
669 941 786 1006 venire.

795 1084 836 1146 ιι.
881 1079 937 1163 (Α.
963 1084 996 1144 o.
1020 1083 1052 1146 c.
1075 1083 1166 1157 πο.)

800 1204 943 1268 CICERO
964 1203 1109 1268 ATTICO
1132 1205 1164 1266 S.

407 1320 434 1381 1.
457 1336 515 1382 xv.
537 1313 667 1380 Kalend.
689 1335 707 1378 e
722 1313 911 1380 Sinuessano
926 1314 1139 1402 proficiscens,
1163 1333 1233 1378 cum
1249 1312 1404 1380 dedissem
1422 1313 1460 1379 ad
1476 1325 1506 1380 te
1521 1316 1676 1380 litteras

320 1409 586 1494 devertissemque
608 1430 626 1473 a
648 1407 770 1480 Cumis,
793 1408 825 1472 in
845 1410 980 1474 Vescino
1002 1409 1106 1493 accepi
1128 1430 1146 1473 a
1167 1407 1331 1473 tabellario
1353 1418 1421 1472 tuas
1443 1408 1595 1486 litteras;
1633 1408 1673 1472 in

285 1504 433 1592 iconibus
449 1504 541 1568 nimis
562 1503 658 1568 multu
680 1501 720 1566 de
734 1501 896 1569 Buthroto.
933 1507 1000 1569 Non
1023 1508 1105 1568 enim
1127 1502 1183 1568 tibi
1205 1525 1240 1568 aa
1262 1524 1313 1568 res
1336 1503 1448 1568 maiori
1471 1523 1580 1568 curae
1607 1513 1673 1567 aut

320 1609 367 1665 est
389 1609 443 1665 aut
463 1605 523 1663 erit
544 1618 637 1685 quam
655 1596 741 1662 mibi.
779 1597 926 1662 Sicanim
947 1596 1037 1662 decet
1057 1608 1087 1662 te
1109 1617 1178 1661 mea
1200 1617 1327 1669 curare,
1351 1606 1402 1660 tua
1424 1616 1485 1661 me.
1524 1599 1674 1673 Quam-

319 1693 429 1758 obrem
457 1693 489 1757 id
519 1691 645 1778 quidem
673 1690 716 1756 sic
744 1702 921 1777 susceptum
948 1701 994 1756 est
1022 1690 1114 1764 mibi,
1144 1698 1179 1754 ut
1199 1690 1277 1756 nihil
1298 1690 1356 1754 sim
1379 1689 1544 1755 habiturus
1572 1690 1669 1754 anti·

319 1787 422 1872 quius.
455 1791 486 1850 2.
508 1791 542 1851 L.
558 1789 725 1850 Antonium
747 1785 958 1850 contionatum
981 1807 1049 1850 esse
1064 1783 1197 1868 cognovi
1219 1785 1279 1849 tuis
1297 1784 1407 1848 litteris
1430 1796 1461 1848 et
1481 1783 1556 1848 aliis
1585 1804 1670 1847 sor-

320 1879 410 1958 dide;
432 1880 502 1953 sed,
524 1878 557 1943 id
579 1878 670 1964 quale
691 1877 802 1951 luerit,
826 1878 947 1954 nescio:
970 1879 1047 1944 nibil
1069 1879 1150 1943 enim
1174 1879 1335 1963 scripsisti.
1379 1883 1425 1942 De
1442 1877 1665 1948 Menedemo,

286 1973 436 2061 15probe3
466 1973 599 2052 Quintus
629 1981 714 2038 certe
740 1993 776 2037 ea
806 1971 937 2046 dictitat,
965 1993 1044 2058 quae
1071 1973 1191 2038 scribis.
1236 1972 1405 2039 Consilium
1435 1992 1540 2036 meum
1579 1991 1602 2034 a
1630 1979 1666 2034 te

319 2067 463 2155 probari,
493 2066 577 2154 quod
600 2087 637 2130 ea
658 2087 722 2132 non
743 2065 895 2141 scribam,
926 2087 1005 2153 quae
1028 2075 1060 2132 tu
1083 2088 1101 2132 a
1123 2088 1173 2131 me
1194 2066 1380 2152 postularis,
1409 2065 1500 2130 facile
1521 2064 1662 2150 patior;

318 2162 481 2248 multoque
496 2161 594 2246 magis
609 2161 641 2226 id
656 2159 821 2246 probabis,
838 2161 864 2224 si
880 2161 1053 2227 orationem
1069 2182 1154 2232 eam,
1177 2159 1292 2247 dequo
1308 2159 1400 2226 bodie
1415 2159 1454 2226 ad
1470 2169 1499 2224 te
1513 2157 1661 2244 scripsi,

317 2255 442 2339 legeris.
486 2257 574 2332 Quae
603 2254 642 2318 de
663 2252 840 2338 legionibus
867 2255 991 2329 scribis,
1019 2277 1055 2320 ea
1083 2277 1157 2322 vera
1186 2266 1267 2320 sunt.
1311 2254 1373 2320 Sed
1393 2275 1455 2320 non
1485 2259 1562 2319 satis
1590 2253 1662 2318 boc

204 2377 207 2384 ·
318 2349 394 2413 mibi
422 2347 539 2412 videris
567 2347 623 2412 tibi
652 2347 859 2432 persuasisse,
889 2347 1001 2433 †quid
1025 2349 1064 2412 de
1085 2349 1257 2414 Buthrotiis
1279 2353 1393 2414 nostris
1419 2355 1659 2433 personatum

281 2462 426 2526 ¹napuras
455 2439 566 2505 confici
594 2461 701 2526 posse;
731 2440 853 2525 †quod
881 2452 969 2525 puto.
1012 2446 1143 2508 Tantum
1166 2443 1247 2508 euim
1270 2442 1379 2507 video:
1410 2462 1473 2506 nou
1496 2439 1660 2506 videmur

319 2556 387 2600 esse
415 2535 539 2601 victuri.
582 2534 697 2615 †Sed,
726 2539 818 2599 etiam
847 2556 904 2602 uos
933 2534 994 2600 boc
1022 2535 1121 2610 lallat‚
1151 2537 1190 2603 de
1211 2537 1364 2603 Buthroto
1394 2544 1425 2600 te
1451 2556 1515 2600 non
1544 2533 1657 2598 lallet.

318 2635 348 2695 3.
370 2633 416 2692 De
433 2627 551 2692 Octavii
567 2629 711 2693 contione
726 2627 809 2692 idem
831 2630 947 2702 sentio,
971 2630 1056 2716 quod
1070 2640 1119 2709 tu;
1140 2630 1351 2716 ludorumque
1373 2629 1441 2694 eius
1462 2637 1654 2714 apparatus.

118 2797 137 2845 f,
153 2825 158 2845 Ι
168 2733 237 2833 sp
302 2715 350 2808 (et
371 2723 484 2787 Matius
506 2741 541 2785 ac
562 2721 739 2786 Postumius
760 2721 836 2787 mibi
857 2731 1080 2807 procuratores
1107 2745 1170 2788 non
1191 2721 1334 2832 placent}
1367 2728 1500 2790 Saserna
1521 2721 1655 2804 collega

321 2815 443 2900 dignus.
487 2814 546 2880 Sed
570 2815 619 2880 isti
641 2837 765 2889 omnes,
787 2813 1049 2903 quemadmodum
1072 2819 1180 2892 sentis,
1204 2839 1266 2884 non
1288 2839 1390 2883 minus
1412 2817 1510 2883 otium
1533 2815 1655 2880 timent

279 2940 307 2982 υ
325 2930 418 2996 quam
440 2930 497 2974 nos
518 2931 615 2976 arma.
657 2909 786 2976 Balbum
809 2911 906 2976 levari
928 2912 1042 2978 invidia
1063 2933 1193 2998 pernas
1214 2912 1323 2989 velim;
1345 2911 1399 2977 sed
1422 2931 1461 2976 ua
1482 2911 1549 2995 ipse
1573 2906 1655 2995 qui-

318 3004 388 3070 dem
417 3002 449 3068 id
471 3001 540 3068 fieri
561 3025 654 3090 posse
682 3003 819 3070 conlidit.
862 3010 969 3092 ltaque
991 3007 1049 3072 alia
1072 3007 1196 3092 cogitat.
1239 3011 1268 3072 t.
1292 3005 1385 3083 Quod
1408 3008 1510 3090 prima
1532 3003 1654 3088 dispu-

316 3099 392 3164 tatio
414 3099 587 3164 Tusculana
609 3109 639 3164 te
661 3097 837 3172 confirmat,
861 3119 934 3163 saue
952 3099 1091 3184 gaudeo;
1114 3121 1216 3186 neque
1238 3100 1320 3164 enim
1343 3099 1441 3163 ullum
1465 3106 1512 3161 est
1532 3095 1653 3182 perlu-

315 3195 402 3277 gium
425 3201 478 3258 aut
499 3193 610 3258 melius
632 3203 685 3258 aut
706 3193 855 3279 paratius.
887 3193 1023 3258 Flamma
1046 3194 1131 3278 quod
1144 3193 1225 3266 bene
1247 3195 1402 3280 loquitur,
1424 3212 1487 3257 non
1509 3189 1652 3255 moleste

316 3285 396 3351 lero.
440 3286 720 3374 Tyndaritanorum
743 3306 851 3359 causa,
876 3285 914 3349 de
937 3308 997 3371 qua
1020 3290 1149 3367 †causa
1172 3287 1311 3375 laborat,
1335 3285 1491 3374 quaesit,
1514 3285 1648 3369 ignoro.

279 3382 381 3446 sollus
403 3389 524 3453 tamen,
548 3381 771 3454 πεντέλοιπον,
794 3401 923 3444 movere
944 3382 1001 3446 ista
1023 3381 1181 3454 videntur,
1205 3382 1236 3446 in
1252 3381 1362 3468 primis
1385 3379 1526 3464 erogatio
1547 3399 1648 3463 pecus

316 3473 396 3539 niae.
433 3479 479 3538 De
494 3474 645 3539 Alexione
667 3474 775 3552 doleo;
799 3473 868 3548 sed,
892 3473 1038 3559 quoniam
1057 3474 1209 3539 inciderat
1230 3475 1318 3540 inita
1340 3495 1466 3559 gravem
1483 3470 1645 3544 morbum,

316 3565 397 3632 bene
427 3578 530 3632 actum
559 3589 629 3633 eum
659 3569 713 3634 illo
742 3568 891 3634 arbitror.
942 3571 1030 3646 Quos
1060 3579 1163 3632 tamen
1192 3569 1345 3634 secundos
1375 3567 1526 3640 heredes,
1558 3565 1646 3630 scire

316 3660 448 3734 vellem,
472 3670 503 3724 et
524 3660 607 3729 Mem
629 3667 814 3728 testamenti.

386 3841 413 3891 2.
439 3849 485 3891 tao
508 3857 562 3892 om.
589 3843 611 3892 1.
632 3869 661 3880 ·-
699 3843 877 3906 byparats'aas‘
890 3843 930 3903 Μ,
957 3861 1116 3908 cantrazac
1133 3847 1169 3905 ll,
1195 3847 1347 3909 bgprnticas
1366 3847 1386 3895 l.
1408 3871 1439 3882 ·-
1476 3841 1536 3908 sm]
1555 3849 1580 3895 et
1596 3857 1642 3906 pr.

317 3912 354 3964 tt.
380 3935 406 3945 -
428 3912 454 3962 3.
473 3913 560 3962 Attico
579 3917 637 3964 tota
655 3913 730 3963 Mill.
769 3911 901 3975 (Correxit
920 3913 1076 3978 Victorius.)
1097 3941 1129 3951 -
1149 3915 1216 3965 Cum
1235 3917 1366 3967 Lambino
1385 3915 1477 3965 malim
1495 3919 1521 3965 st
1538 3915 1644 3974 grauis·

316 3984 390 4032 sima.
419 3982 469 4032 On.
485 4007 518 4018 -
537 3983 563 4032 ts.
584 3983 659 4033 Nune
672 3998 725 4032 om.
742 3983 773 4033 R.
789 4007 819 4018 -
839 3997 885 4032 neo
897 3990 959 4033 sote
971 3985 1026 4033 sina
1044 3999 1098 4034 om.
1113 3986 1135 4033 1.
1150 4010 1181 4021 -
1200 3986 1227 4035 8.
1246 3987 1376 4037 Suessano
1390 3986 1410 4034 l.
1424 4011 1457 4020 —
1475 3986 1502 4036 3.
1521 3983 1646 4034 dicertis·

317 4065 418 4116 samana
430 4053 526 4104 mutu.
541 4077 573 4088 -
587 4069 605 4103 a
618 4051 716 4115 Cumis]
730 4054 835 4102 acutius
846 4052 898 4102 ΜΙ.
915 4078 944 4088 -
961 4055 1068 4104 Vescino
1081 4056 1146 4105 sod.
1161 4057 1188 4105 in
1203 4071 1258 4118 mg.
1270 4059 1373 4120 llopett.
1388 4056 1498 4106 tamn-2
1515 4055 1643 4104 Vasciona

317 4123 415 4174 Muta.
454 4123 519 4185 (Cir.
541 4123 692 4173 Bentloium
712 4123 745 4173 sd
765 4123 868 4174 Lucan.
887 4123 918 4181 2,
937 4123 1010 4179 425.)
1030 4150 1060 4161 -
1091 4122 1204 4188 litteras]
1223 4129 1347 4189 epistolas
1367 4129 1397 4176 ll.
1419 4150 1448 4160 -
1484 4125 1526 4175 tt.
1545 4123 1643 4187 scripti

319 4207 360 4255 pr.
381 4194 417 4241 M.
439 4219 471 4228 -
508 4193 551 4242 15.
568 4193 880 4256 protagorasrteMRl.
902 4219 931 4230 -
969 4191 1141 4257 talsthtl.
1164 4220 1194 4232 -
1228 4199 1271 4247 1¹1.
1291 4211 1373 4248 mecm
1391 4197 1426 4246 ill
1445 4204 1529 4258 etpr.
1548 4194 1585 4244 Μ.
1607 4217 1642 4230 ·-

318 4264 365 4311 boc
383 4261 424 4312 dia
445 4262 464 4310 l·
494 4263 548 4312 Cir.
571 4263 648 4313 llaud
668 4264 748 4313 Tura.
769 4264 819 4315 tlt.
845 4278 870 4326 p.
890 4264 932 4313 97.
959 4289 985 4300 -
1025 4266 1066 4316 19.
1088 4264 1145 4329 tibi]
1171 4266 1221 4317 sibi
1239 4268 1290 4318 Ml.
1312 4294 1343 4305 -
1378 4262 1453 4330 quid]
1481 4265 1548 4316 Cum
1567 4265 1589 4313 l.
1609 4264 1641 4313 F.

319 4333 457 4384 Gronovia
476 4333 569 4382 malim
589 4335 645 4394 qni.
666 4333 716 4384 On.
739 4361 767 4371 -
789 4333 929 4383 Buthrotia
948 4334 979 4384 ll.
1003 4361 1031 4372 -
1052 4337 1094 4384 20.
1114 4335 1195 4400 qaod]
1215 4337 1281 4387 Cum
1301 4339 1323 4386 1.
1342 4339 1371 4386 F.
1392 4337 1528 4387 Gronario
1548 4334 1642 4384 malim

318 4403 410 4452 Haud.
431 4403 480 4454 Oa.
503 4427 533 4439 -
552 4404 623 4453 anina
636 4404 811 4452 odiumaidsa
828 4405 861 4454 n.
883 4427 913 4439 -
933 4406 976 4455 21,
995 4408 1091 4455 uictori
1109 4407 1146 4456 M.
1166 4433 1199 4442 -
1217 4407 1267 4458 Sed
1280 4413 1361 4458 etiam
1378 4407 1421 4458 M:
1441 4406 1507 4466 Sed,
1525 4407 1548 4455 st
1561 4406 1641 4454 etiarn

319 4473 380 4533 lili,
400 4471 450 4523 Sed
464 4473 578 4523 etiamsi
597 4473 617 4524 l.
644 4473 754 4524 Malim:
774 4473 838 4527 Sed.
858 4477 887 4522 nt
905 4477 993 4525 stium.
1022 4475 1077 4525 Clr.
1098 4476 1179 4526 huius
1197 4478 1260 4527 libri
1278 4479 1326 4540 Ep.
1345 4479 1378 4536 5,
1398 4478 1424 4526 2.
1453 4475 1503 4527 On·
1523 4499 1557 4510 -
1580 4475 1642 4524 boas

320 4543 349 4590 n.
373 4568 402 4578 -
423 4543 467 4592 23.
487 4545 625 4592 Postumus
643 4558 684 4608 pr.
704 4544 740 4595 M.
762 4569 794 4579 -
813 4547 1003 4605 procuratores
1020 4547 1074 4595 cius
1092 4559 1146 4596 non
1165 4549 1196 4597 u.
1216 4575 1250 4585 -
1275 4549 1319 4599 25.
1339 4547 1470 4598 inuidiam
1488 4561 1528 4611 pr.
1547 4544 1586 4595 Μ.
1608 4565 1640 4580 -·

319 4613 363 4662 23.
384 4609 450 4674 aiio]
469 4613 542 4663 Fort.
562 4613 626 4662 clia
657 4613 708 4663 On.
731 4637 759 4649 —
786 4613 829 4663 27.
851 4621 888 4664 cst
905 4618 1135 4679 comperfectum
1153 4617 1185 4667 tt.
1206 4643 1237 4654 -
1256 4619 1299 4668 23.
1318 4617 1441 4668 Fiamana
1457 4617 1500 4676 M,
1519 4614 1642 4664 mamas

321 4683 356 4740 R,
375 4681 469 4732 Flama
488 4683 508 4731 1.
531 4707 562 4720 ·-
598 4684 642 4732 29.
668 4697 721 4747 qna
739 4697 819 4732 cansa
837 4682 943 4735 laborat
960 4685 1041 4735 xut:
1067 4701 1119 4750 qna
1136 4694 1194 4737 tam
1210 4689 1317 4738 laborat
1334 4689 1370 4748 ll,
1390 4701 1444 4752 qna
1461 4693 1516 4736 tam
1534 4685 1642 4750 laboras

321 4765 383 4801 cum
397 4751 463 4802 Cod.
479 4751 592 4802 Melmst.
611 4753 646 4810 li,
667 4767 719 4814 qua
737 4753 843 4802 laborat
860 4753 1005 4805 Victorius.
1035 4755 1128 4806 Malim
1147 4771 1210 4807 eum
1230 4759 1294 4809 Cod.
1315 4758 1403 4808 Ursini
1423 4756 1640 4818 atmg.1tepctt.

322 4822 415 4870 Lamb.
441 4837 494 4887 qao
512 4823 601 4873 Pansa
619 4822 733 4872 laborat.
766 4822 816 4873 On.
850 4849 874 4860 -
913 4825 955 4874 30.
984 4827 1040 4875 Hos
1058 4832 1155 4877 tamen.
1191 4826 1389 4880 Havsa'itoseroa
1414 4840 1476 4876 aum
1500 4827 1580 4876 Basia
1602 4825 1642 4874 dl·

322 4892 433 4955 stinguit
450 4893 480 4942 li.
509 4893 580 4942 Fort.
599 4892 657 4942 Hoc
670 4900 758 4942 tamen
777 4891 922 4954 (gaudeam
939 4895 1128 4948 πεντέλοιπον
1140 4911 1175 4948 m.
1196 4897 1246 4950 On·
1261 4924 1293 4938 -
1310 4911 1416 4948 monera
1433 4897 1455 4946 1.
1474 4919 1509 4934 -·
1526 4897 1571 4948 31.
1589 4890 1640 4957 ita]

322 4964 366 5012 ira
384 4976 425 5024 pr.
446 4963 488 5022 M,
508 4970 564 5013 tam
582 4963 617 5013 Rl
635 4968 662 5013 et
680 4976 750 5014 corr.
770 4963 808 5014 Μ.
846 4960 1017 5025 (Emendarit
1035 4966 1193 5026 Victorius.)
