3658 5930
590 438 663 499 Llll.
685 435 755 498 llll.
795 435 853 496 ΕΡ.
876 433 926 496 38.
949 433 999 494 ³9.
1022 432 1072 493 60.
1425 431 1487 493 ota

167 598 269 664 levari
291 615 398 682 posse,
433 593 492 659 nisi
514 592 639 658 solvero
661 603 714 657 aut
735 589 845 658 videro
867 609 918 653 me
939 607 1032 674 possa
1054 587 1191 660 solvere,
1220 585 1336 662 idest,
1366 587 1486 658 locum,

168 693 295 780 qualem
318 688 415 763 solo,
449 687 610 752 invenero.
667 684 807 750 Heredes
829 681 996 768 Scapulae,
1029 679 1056 745 si
1078 679 1154 744 istos
1175 678 1298 754 hortos,
1322 689 1357 745 ut
1377 679 1488 745 scribis

169 784 229 850 tibi
252 782 406 849 Othonem
429 780 560 855 dixisse,
593 778 734 865 partibus
756 786 903 864 quattuor
923 774 1027 849 factis,
1063 773 1151 838 liceri
1173 773 1323 856 cogitant,
1345 772 1421 839 nihil
1443 781 1490 837 est

170 878 289 942 scilicet
310 875 443 961 emptori
466 874 536 939 loci.
594 874 647 938 Sin
670 870 834 944 venibunt,
857 868 932 956 quid
954 867 1021 933 lieri
1043 867 1158 953 possit,
1186 864 1369 930 videbimus.
1412 871 1489 931 Nam

169 971 224 1035 ille
245 970 332 1035 locus
354 967 570 1039 Publicianus,
602 965 656 1052 qui
679 977 725 1031 ast
753 965 900 1031 Trebonii
923 973 954 1028 et
975 964 1115 1036 Cusinii‚
1148 969 1215 1025 erat
1237 959 1275 1023 ad
1298 981 1348 1023 me
1369 960 1511 1025 allatuss

172 1062 233 1128 Sed
263 1066 322 1127 scis
351 1083 456 1125 aream
489 1081 568 1125 esse.
626 1059 715 1124 Nullo
747 1071 837 1145 pacto
867 1056 978 1144 probo.
1023 1056 1149 1122 Clodiae
1170 1075 1244 1119 sane
1266 1052 1400 1139 placent;
1435 1053 1491 1117 sed

171 1179 236 1221 non
258 1166 334 1241 puto
357 1177 424 1219 esse
447 1155 580 1220 venales.
630 1158 676 1217 De
697 1153 791 1216 Drusi
814 1150 928 1224 bortis,
958 1149 1102 1235 quamvis
1123 1147 1162 1212 ab
1184 1147 1222 1212 iis
1245 1144 1435 1220 abhorreas,
1457 1156 1492 1210 ut

171 1250 299 1324 scribis,
331 1258 433 1314 tamen
461 1269 500 1313 eo
532 1246 727 1330 coniugium,
765 1245 824 1310 uisi
846 1244 922 1332 quid
943 1243 1111 1308 inueneris.
1154 1239 1335 1306 Aedificatio
1356 1259 1407 1303 me
1428 1260 1491 1305 non

172 1352 290 1409 moret.
340 1342 422 1408 Nihil
451 1341 532 1406 enim
561 1340 643 1405 aliud
673 1337 844 1403 aedificabo
875 1337 935 1402 nisi
956 1335 1004 1410 id,
1042 1335 1256 1422 quodetiam,
1290 1339 1315 1399 si
1337 1334 1407 1400 illos
1429 1355 1491 1399 non

172 1436 326 1502 habuero.
368 1440 482 1519 Κῦρος
504 1441 537 1509 tl,
560 1462 590 1508 a,
624 1431 699 1496 mihi
722 1431 766 1496 sic
787 1431 917 1518 placuit,
940 1439 975 1497 ut
995 1443 1100 1496 cetera
1120 1427 1326 1504 Antisthenis,
1357 1426 1528 1493 hominisn
1582 1396 1604 1487 d

174 1531 257 1596 acuti
280 1530 379 1616 magis
401 1552 493 1618 quam
516 1528 641 1594 eruditi.
1408 1523 1448 1542 “

626 1697 767 1760 rrrrr.
809 1692 858 1778 (a.
884 1696 917 1758 u.
942 1695 974 1759 o.
996 1693 1083 1774 119.)

666 1818 810 1884 cronno
832 1817 978 1882 rauco
1002 1819 1033 1881 s.

263 1957 292 2015 1.
322 1947 513 2014 Tabellarius
541 1945 580 2011 ad
609 1968 659 2011 me
686 1967 757 2011 oum
789 1948 855 2011 sine
890 1946 1000 2033 litteris
1037 1946 1097 2012 tuis
1126 1949 1281 2028 venisset,
1318 1953 1493 2019 existimavi

179 2044 237 2110 tibi
259 2065 328 2108 eam
349 2062 472 2108 oausam
495 2061 557 2105 non
580 2039 736 2105 scribendi
759 2040 871 2114 luisse,
908 2039 993 2121 quod
1023 2039 1124 2124 pridie
1153 2043 1330 2128 scripsisses
1352 2067 1389 2111 ea
1410 2047 1493 2132 ipsa,
1507 2079 1532 2122 1³

178 2138 252 2220 †ad
275 2159 354 2224 quae
376 2135 522 2221 rescripsi
545 2134 686 2218 epistola.
730 2139 950 2220 Exspectaram
974 2145 1076 2198 tamen
1098 2133 1214 2221 aliquid
1236 2137 1274 2203 de
1295 2140 1407 2205 litteris
1427 2141 1497 2205 Asi-

179 2231 224 2297 nii
246 2229 403 2296 Pollionis.
458 2228 520 2292 Sed
542 2227 671 2292 nimium
695 2249 735 2293 ex
757 2250 829 2294 meo
852 2227 916 2293 otio
940 2239 1026 2294 tuurn
1049 2239 1166 2314 specto.
1222 2234 1417 2320 Quamquam
1439 2232 1496 2298 tibi

179 2329 320 2398 remitto,
357 2323 414 2388 nisi
444 2322 519 2409 quid
548 2342 675 2386 necesse
705 2321 785 2395 erit,
820 2341 947 2384 necesse
970 2341 1010 2384 ne
1032 2319 1147 2385 babeas
1169 2322 1328 2401 seribere,
1352 2327 1410 2392 nisi
1434 2327 1496 2392 eris

179 2419 269 2486 valde
291 2419 420 2484 otiosus.
474 2421 503 2480 2.
529 2420 575 2481 De
605 2414 775 2480 tabellariis
796 2413 932 2478 facerem
954 2413 1039 2500 quod
1069 2414 1198 2490 suades,
1236 2417 1262 2481 si
1289 2427 1392 2483 essent
1413 2418 1496 2484 ullae

178 2513 371 2578 necessariae
394 2511 531 2584 litterae,
553 2520 587 2575 ut
609 2518 698 2574 erant
720 2509 816 2580 olirn,
846 2529 916 2574 cum
939 2507 1139 2574 brevioribus
1162 2507 1272 2576 diebus
1294 2520 1396 2575 tamen
1419 2533 1535 2598 quo-20

179 2606 254 2672 tidie
276 2603 506 2691 respondebant
527 2604 661 2689 tempori
683 2601 853 2680 tabellarii;
891 2613 921 2666 et
943 2612 1012 2667 erat
1034 2602 1173 2688 aliquid,
1210 2603 1322 2680 Silius,
1358 2610 1491 2682 Drusus,

180 2700 238 2764 alia
260 2698 422 2785 quaedam.
466 2703 569 2773 Nunc,
591 2697 650 2761 nisi
674 2697 756 2764 Otho
778 2695 964 2772 exstitisset,
987 2696 1063 2782 quid
1085 2691 1309 2774 scriberemus,
1337 2687 1499 2765 nouerat.

180 2792 214 2858 ld
237 2794 338 2879 ipsum
361 2792 489 2859 dilatum
512 2800 573 2869 est;
605 2801 707 2856 tamen
731 2791 863 2865 allevor,
894 2810 964 2854 cum
987 2790 1102 2876 loquor
1125 2801 1225 2858 tecum
1248 2793 1377 2868 absens,
1400 2795 1499 2860 multo

182 2887 274 2951 etiarn
297 2887 411 2971 magis,
434 2908 505 2951 curn
528 2897 596 2950 tuas
618 2885 737 2949 litteras
759 2884 840 2968 lego.
884 2883 945 2948 Sed
968 2885 1117 2970 quoniam
1139 2894 1169 2950 et
1191 2885 1265 2952 abes
1287 2926 1327 2937 -
1350 2887 1395 2952 sic
1416 2888 1499 2952 enim

183 2979 321 3044 arbitror
342 3013 399 3054 -,
423 2991 453 3045 et
475 2978 632 3044 scribendi
653 2977 820 3044 necessitas
841 2978 924 3045 nulla
947 2987 1013 3054 est,
1036 2978 1257 3065 conquiescent
1277 2981 1415 3056 litterae,
1437 2981 1535 3055 nisi2s

184 3072 260 3158 quid
282 3072 356 3138 novi
378 3073 542 3138 exstiterit.

644 3242 708 3304 rr.
751 3240 811 3321 (A.
837 3243 869 3305 u.
893 3243 924 3306 o.
946 3244 1041 3324 ron.)

662 3363 803 3427 crosno
825 3364 969 3429 bruco
993 3366 1024 3432 s.

276 3498 304 3560 1.
335 3490 442 3571 Qualis
469 3489 574 3556 lutura
601 3492 640 3557 sit
662 3492 801 3558 Caesaris
822 3491 1011 3578 vituperatio
1033 3503 1140 3560 contra
1162 3494 1369 3561 laudationem
1391 3517 1501 3570 meam,

184 3586 334 3676 perspexi
355 3607 395 3650 ex
418 3606 457 3650 eo
478 3585 576 3660 libro,
614 3606 706 3672 quem
739 3584 860 3650 Hirtius
881 3584 920 3650 ad
942 3607 993 3650 me
1015 3587 1113 3663 misit,
1147 3589 1179 3654 in
1202 3611 1265 3675 quo
1287 3590 1405 3676 colligit
1428 3591 1538 3668 vitiam

185 3680 324 3756 Catonis,
355 3678 409 3744 sed
439 3700 509 3743 cum
540 3677 685 3744 maximis
716 3677 861 3744 laudibus
882 3679 971 3745 meis.
1015 3684 1121 3767 ltaque
1144 3683 1215 3747 misi
1237 3682 1351 3749 librum
1374 3684 1412 3749 ad
1435 3690 1504 3751 llu-

184 3797 284 3850 scam,
318 3781 353 3838 ut
373 3773 435 3838 tuis
457 3771 595 3838 librariis
618 3771 716 3837 daret.
759 3772 840 3838 Volo
863 3771 945 3836 enim
968 3793 1040 3838 eum
1063 3774 1237 3860 divulgari;
1268 3778 1351 3863 quod
1374 3801 1437 3866 quo
1459 3778 1503 3843 la·

184 3872 273 3936 cilius
295 3868 366 3944 liat,
399 3866 569 3954 imperabis
591 3867 662 3935 tuis.
705 3871 735 3932 2.
757 3868 1040 3950 Συμβουλευτικὸν
1062 3889 1154 3954 saepe
1177 3891 1289 3936 conor:
1314 3871 1390 3936 nibil
1411 3892 1503 3957 repe-

184 3964 250 4040 rio;
280 3962 458 4049 etquidem
492 3982 614 4026 mecum
652 3959 755 4026 habeo
790 3971 820 4024 et
845 3962 1091 4048 Ἀριστοτέλους
1127 3973 1159 4029 et
1191 3967 1386 4048 Θεοπόμπου
1423 3967 1504 4049 πρὸς

182 4061 414 4144 Ἀλέξανδρον·
448 4055 504 4121 sed
524 4055 600 4142 quid
629 4054 751 4120 similet
787 4054 836 4119 Illi
858 4065 889 4121 et
909 4076 989 4141 quae
1016 4056 1092 4141 ipsis
1114 4056 1243 4123 honesta
1265 4068 1368 4124 esseut
1387 4058 1541 4141 scribe„

259 4282 285 4333 1.
304 4283 354 4332 len.
366 4296 474 4344 possum
486 4283 518 4332 ll.
534 4307 564 4318 -
580 4279 606 4330 2'.
625 4281 687 4331 uolo
707 4283 923 4333 01111111-6.
942 4282 991 4333 Sin
1008 4281 1145 4347 venibunt]
1164 4287 1301 4336 tuoeas'eot
1319 4287 1340 4336 l.
1363 4312 1392 4322 -
1412 4287 1439 4336 5.
1456 4300 1507 4347 prs·

189 4353 309 4403 iliceous
327 4352 398 4403 11111.
426 4353 514 4411 (Corr.
535 4364 567 4401 es
586 4352 627 4401 Yz
646 4357 672 4401 et
690 4365 744 4416 mg.
764 4352 847 4408 Crat.)
868 4375 898 4387 -
935 4360 960 4403 et
978 4354 1079 4405 costati
1097 4368 1152 4410 om,
1173 4356 1194 4405 1.
1217 4382 1248 4392 -
1285 4357 1311 4406 6.
1330 4358 1381 4406 sois
1401 4353 1505 4418 ereum]

188 4424 341 4474 scissorium
359 4422 381 4471 1.
414 4445 442 4456 ··
481 4422 507 4472 9.
527 4423 622 4472 stom.
642 4423 665 4472 1.
696 4447 725 4458 -
763 4424 805 4472 10.
825 4421 980 4474 KYPOCAC
1000 4424 1036 4482 Y,
1067 4423 1252 4487 Krrcacz,
1272 4441 1327 4477 om.
1348 4426 1393 4476 111.
1431 4422 1507 4489 (Cor-

189 4491 655 4554 raxltllosiuselling.Laertti,
679 4491 721 4541 16.
749 4492 787 4542 De
806 4492 833 4542 11
852 4505 907 4542 nou
926 4493 1034 4556 liquet.)
1054 4519 1085 4530 -
1122 4496 1256 4545 Antisteos
1275 4498 1296 4546 1.
1317 4522 1347 4533 -
1385 4495 1428 4546 tt.
1449 4509 1507 4545 cum

190 4565 227 4613 ud
243 4575 284 4612 me
301 4562 324 4612 l.
345 4587 376 4598 -
414 4563 458 4612 16.
477 4562 601 4622 rescripsi
619 4562 730 4623 epistota
748 4561 813 4612 MR:
832 4564 955 4624 rescripsi
972 4565 1021 4614 bec
1039 4565 1149 4626 episimo
1168 4566 1210 4616 ill·
1235 4567 1329 4618 Malim
1348 4579 1410 4616 eum
1429 4565 1507 4615 Lam-

190 4635 272 4684 bine:
292 4647 322 4682 ee
340 4633 415 4694 ipso,
436 4633 472 4680 od
489 4645 569 4696 quom
587 4632 727 4692 rescripsi,
747 4632 868 4694 epistole.
889 4631 940 4684 01.
962 4655 993 4670 -·
1031 4637 1073 4684 17.
1098 4637 1225 4684 nimirum
1244 4636 1375 4686 Lambino
1394 4643 1507 4686 auctore

191 4704 360 4755 Schuetsius·
389 4727 422 4738 -
469 4716 501 4752 ee
528 4714 584 4752 meo
608 4699 657 4765 <oie
684 4702 708 4757 l)
736 4703 820 4751 otium
849 4711 966 4764 exspecto
992 4704 1067 4754 rattt.
1116 4704 1249 4764 (Corrarit
1282 4706 1444 4766 Manutius.)
1475 4731 1506 4742 -

190 4775 234 4826 16.
254 4775 303 4826 erit
320 4784 367 4822 nee
383 4786 415 4822 or
433 4772 479 4832 11,
499 4773 548 4821 erit
565 4785 662 4822 necesse
679 4784 725 4820 neo
741 4785 773 4821 rsa
791 4773 824 4823 u.
847 4795 876 4808 ·-
898 4774 941 4823 20.
961 4787 1020 4823 cum
1037 4778 1124 4824 tomen
1142 4775 1182 4823 br.
1202 4777 1293 4826 diebus
1310 4777 1427 4841 qnotidie
1445 4777 1505 4836 111,

191 4859 250 4896 com
275 4844 314 4892 br.
344 4849 432 4892 temen
461 4841 550 4892 diebus
572 4842 688 4905 quotidie
718 4842 751 4891 a.
789 4842 832 4898 (Ut
849 4856 916 4902 nos,
937 4843 1096 4906 Manutius.)
1121 4869 1152 4879 -
1189 4846 1233 4894 22.
1253 4847 1318 4911 qaid
1335 4847 1416 4897 lllsslr
1436 4847 1507 4908 quod

191 4929 253 4964 cum
274 4913 423 4964 Cratandro
442 4911 472 4961 E.
497 4934 523 4945 -
559 4913 696 4962 scriberem
715 4911 797 4960 11.-
832 4912 876 4962 23.
896 4914 928 4962 ld
951 4927 1005 4964 orn.
1025 4914 1099 4964 11111.
1137 4911 1267 4978 (inseruit
1284 4915 1454 4982 Cratander.)
1475 4943 1504 4955 -

192 4980 290 5046 tomen]
315 4988 371 5032 tam
396 4981 433 5032 11.
463 5007 493 5019 -
529 4983 613 5032 mutto
641 4981 725 5032 stul:
754 4989 779 5032 et
807 4983 890 5032 mzitto
917 4983 938 5034 li
965 4997 1027 5034 enm
1056 4984 1105 5038 Vb.
1137 5009 1164 5020 -
1203 4985 1248 5038 ³1.
1269 4989 1396 5039 mmiccm
1413 4988 1446 5039 a.
1475 5011 1507 5023 -

192 5057 235 5108 ³².
255 5049 343 5116 deret]
362 5052 444 5104 claret
462 5065 502 5116 pr·
523 5051 559 5102 ld·
582 5077 611 5089 -
648 5051 691 5103 66.
712 5056 737 5102 et
755 5049 935 5118 Θεοπόμπου
970 5068 1025 5105 om.
1045 5055 1076 5104 ll.
1258 5055 1264 5072 '
