3680 5944
306 431 369 496 512
799 426 857 488 ΕΡ.
879 427 931 488 at)
953 423 1126 488 turicum

304 585 345 653 dc
366 587 467 652 altero
487 583 543 650 illo
564 582 667 649 minna
688 601 757 649 sum
779 581 970 655 admiratus,
1003 578 1153 667 operario
1184 575 1321 643 homine.
1376 573 1440 640 Sed
1461 583 1566 641 umen
1589 597 1632 644 ne

303 681 359 746 illo
382 678 508 766 quidem
530 676 700 764 quidquam
721 674 910 762 improbius.
955 673 1164 762 Chrysippum
1186 692 1280 744 vero,
1303 689 1398 756 quem
1421 689 1482 754 ego
1496 683 1633 758 propter

304 773 514 840 litterularum
542 771 649 837 nescio
681 768 758 858 quid
784 767 920 836 libenter
949 767 1033 842 vidi,
1072 767 1105 832 in
1127 767 1248 832 honore
1274 761 1386 836 habui,
1424 760 1631 829 discederes

304 885 422 953 puero,
445 865 596 930 insciente
618 867 683 928 mei
706 863 795 928 Mitto
817 863 896 936 alia,
919 882 1001 948 quae
1016 860 1129 935 audio,
1153 859 1263 934 multa,
1286 857 1377 923 mitto
1400 855 1498 922 furta:
1521 857 1630 943 lugam

282 977 370 1025 anon
398 960 484 1034 lero,
515 979 576 1045 qua
599 957 676 1022 mibi
697 955 775 1022 nihil
803 955 905 1020 visum
927 964 975 1020 est
995 954 1188 1020 sceleratius.
1237 957 1345 1039 ltaque
1366 949 1517 1034 usurpavi
1537 962 1630 1017 vetus

304 1052 383 1118 illud
410 1052 521 1124 Drusi,
550 1059 586 1116 ut
607 1051 724 1125 lerunt,
762 1048 916 1135 praetoris
938 1047 971 1112 in
994 1067 1053 1120 eo,
1088 1047 1142 1132 qui
1164 1045 1274 1112 eadem
1296 1043 1376 1111 liber
1397 1063 1461 1108 uon
1489 1046 1626 1112 inraret:

305 1167 356 1212 me
384 1147 462 1212 istos
491 1143 609 1210 liberos
639 1166 701 1210 non
730 1141 902 1218 addixisse;
938 1141 1125 1227 praesertim
1147 1162 1216 1208 cum
1240 1139 1363 1206 adesset
1384 1155 1494 1210 nemo,
1522 1159 1629 1226 aquo

303 1249 390 1305 recte
411 1238 655 1305 vindicarentur.
698 1237 734 1302 ld
756 1247 806 1312 tu,
835 1244 871 1301 ut
891 1232 1066 1310 videbitur,
1100 1234 1143 1300 ita
1164 1235 1315 1322 accipies;
1360 1230 1498 1318 egotibi
1521 1253 1628 1298 assen-

305 1334 375 1400 tiar.
418 1333 476 1400 Uni
497 1343 569 1398 tuae
590 1331 814 1398 disertissimae
835 1329 985 1416 epistolae
1007 1349 1071 1394 non
1091 1329 1260 1416 rescripsi,
1282 1329 1316 1393 in
1337 1349 1400 1416 qua
1421 1335 1470 1392 est
1487 1325 1527 1391 de
1541 1327 1628 1412 peri-

275 1426 385 1493 roeulis
407 1427 455 1492 rei
483 1424 637 1513 publicae.
684 1424 768 1502 Quid
789 1421 1021 1490 rescriberem?
1057 1422 1155 1490 Valde
1177 1444 1264 1489 eram
1286 1419 1499 1509 perturbatus.
1541 1419 1626 1494 Sed,

307 1530 342 1587 nt
362 1521 440 1586 nihil
461 1540 575 1606 magno
596 1539 693 1607 opere
715 1527 869 1593 metuam,
897 1516 1003 1583 Parthi
1024 1515 1158 1594 iaciunt,
1180 1517 1235 1605 qui
1256 1523 1387 1602 repente
1408 1513 1555 1582 Bibulum
1576 1535 1629 1580 se-

305 1613 457 1680 mivivum
479 1614 685 1701 reliquerunt.

797 1778 1174 1864 mmmmm

786 1913 929 1978 crunno
952 1913 1095 1978 arrico
1118 1913 1150 1976 a.

273 2073 298 2114 ss
391 2049 421 2111 1.
444 2050 479 2111 Α.
501 2043 531 2109 d.
552 2063 629 2112 vrrs.
649 2042 695 2108 ld.
717 2040 883 2107 Decembr.
904 2041 1097 2108 Aeculanum
1120 2041 1190 2106 veni
1212 2051 1244 2106 et
1264 2042 1309 2108 ibi
1332 2055 1399 2112 tuas
1418 2047 1537 2115 litteras
1552 2050 1625 2136 legi,

306 2161 383 2228 quas
411 2138 595 2204 Philotimus
626 2136 702 2202 mihi
724 2134 877 2201 reddidit:
911 2157 929 2200 a
952 2134 1067 2221 quibus
1088 2135 1168 2200 banc
1188 2137 1292 2221 primo
1315 2140 1464 2226 adspectu
1485 2145 1625 2230 volupta-

305 2244 368 2300 tem
401 2232 486 2319 cepi,
524 2230 609 2319 quod
642 2239 732 2296 erant
761 2241 833 2295 ate
854 2229 923 2316 ipso
946 2229 1096 2316 scriptae;
1129 2227 1243 2294 deinde
1266 2252 1375 2300 earum
1396 2238 1626 2304 accuratissima

306 2326 467 2412 diligentia
488 2345 557 2390 suan
580 2324 695 2390 mirum
727 2324 760 2388 in
781 2323 910 2388 modurn
933 2322 1111 2390 delectatus.
1154 2323 1357 2409 deprimam
1378 2329 1476 2407 illud,
1509 2333 1541 2398 in
1562 2354 1626 2419 quo

306 2431 337 2486 tc
358 2418 549 2486 Dicaearcho
581 2418 726 2483 assentiri
747 2437 859 2502 negas,
893 2416 951 2482 etsi
981 2417 1181 2504 cupidissima
1203 2420 1376 2505 expetitum
1398 2444 1416 2488 a
1437 2446 1488 2490 me
1509 2425 1567 2500 sit,
1595 2435 1627 2492 et

272 2511 499 2601 saapprobante
535 2520 582 2586 te,
617 2533 656 2576 ne
684 2511 803 2578 diutius
828 2529 910 2574 anno
941 2510 974 2576 in
1009 2511 1171 2596 provincia
1205 2533 1318 2588 essem,
1356 2526 1460 2582 tamen
1488 2539 1551 2584 non
1579 2529 1627 2585 est

307 2616 416 2674 nosue
436 2607 635 2671 contentione
656 2606 843 2692 perlectum.
886 2607 938 2668 Sic
958 2604 1042 2670 enim
1064 2606 1158 2678 scito,
1181 2605 1313 2672 verbum
1335 2607 1368 2673 in
1383 2620 1492 2677 senatu
1512 2611 1627 2678 facturn

308 2722 376 2768 esse
397 2721 557 2785 nunquam
591 2699 630 2765 de
657 2700 722 2766 ullo
750 2703 906 2773 nostrum,
937 2700 991 2785 qui
1012 2699 1190 2786 provincias
1212 2699 1420 2778 obtinuimus,
1449 2727 1513 2792 qno
1534 2705 1567 2770 in
1588 2707 1627 2772 iis

306 2794 423 2861 diutius
438 2815 531 2880 quam
546 2815 587 2858 er
606 2804 729 2860 senatus
747 2796 889 2862 consulto
904 2814 1117 2868 maneremus;
1140 2802 1174 2858 ut
1194 2793 1254 2859 iam
1270 2816 1310 2860 ne
1329 2796 1418 2862 istius
1433 2798 1560 2884 quidem
1577 2800 1626 2864 rei

306 2890 431 2976 culpam
452 2893 638 2961 sustineam,
672 2887 757 2975 quod
779 2889 882 2956 minus
903 2888 959 2954 diu
980 2886 1093 2953 luerim
1117 2887 1149 2951 in
1170 2888 1351 2974 provincia,
1375 2912 1469 2976 quam
1491 2891 1626 2958 sortasse

272 2983 405 3050 caluerit
425 2982 513 3050 utile.
557 2985 587 3047 2.
610 2980 688 3059 Sed,
717 3001 799 3057 ovio
823 3003 854 3049 sr
876 3000 946 3049 noc
969 2985 1114 3047 usnrvst
1145 3001 1237 3068 saepe
1258 2992 1436 3068 opportune
1457 2984 1519 3050 dici
1541 2985 1627 3050 vide-

310 3089 378 3153 tur,
400 3086 436 3143 ut
455 3081 489 3142 in
510 3075 570 3142 hoc
591 3076 671 3162 ipso.
725 3076 798 3142 Sive
820 3077 903 3142 enim
925 3075 965 3142 ad
985 3073 1185 3140 concordiam
1208 3096 1260 3141 res
1281 3075 1395 3141 adduci
1424 3087 1527 3164 potest
1559 3081 1626 3145 sive

310 3171 350 3237 ad
370 3170 528 3238 honorum
555 3170 734 3245 victoriam,
764 3170 913 3236 utriusvis
942 3169 990 3236 rei
1011 3189 1062 3234 me
1084 3178 1137 3233 ant
1158 3168 1333 3234 adiutorem
1361 3171 1455 3236 velim
1485 3193 1553 3237 esse
1573 3183 1627 3238 aut

307 3275 392 3332 certe
413 3286 477 3330 non
500 3273 674 3351 expertem.
731 3264 786 3328 Sin
814 3264 981 3330 vincuntur
1006 3262 1097 3336 boni,
1125 3261 1304 3349 ubicunque
1325 3284 1443 3339 essem,
1471 3287 1532 3330 una
1554 3287 1627 3330 cum

306 3359 345 3425 iis
366 3358 466 3424 victus
488 3379 599 3423 essem.
644 3361 749 3436 Quare
770 3358 913 3424 celeritas
928 3357 1028 3423 nostri
1043 3355 1161 3421 reditus
1180 3359 1420 3442 ἀμεταμέλητος
1439 3356 1624 3436 debetesse.

272 3452 429 3532 aaQuodsi
458 3457 517 3518 ista
545 3451 637 3518 nobis
664 3452 813 3538 cogitatio
842 3451 882 3519 de
910 3451 1071 3537 triumpho
1097 3450 1211 3516 iniecta
1243 3472 1308 3517 non
1336 3463 1434 3526 esset,
1470 3474 1563 3540 quam
1592 3463 1627 3518 tu

307 3566 434 3632 qnoque
455 3543 630 3631 approbas,
665 3566 723 3610 nae
746 3557 780 3611 tu
800 3545 883 3612 baud
905 3545 1036 3610 multum
1058 3548 1239 3631 requireres
1260 3545 1348 3610 illum
1374 3550 1495 3623 virum,
1518 3548 1625 3634 quiin

306 3657 354 3705 vr.
378 3636 460 3704 libro
481 3637 668 3705 informatus
690 3647 747 3704 est.
801 3639 885 3717 Quid
907 3639 990 3704 enim
1012 3636 1070 3703 tibi
1090 3637 1218 3714 tactam,
1241 3639 1296 3725 qui
1318 3639 1389 3704 illos
1410 3639 1509 3706 libros
1531 3642 1626 3707 devo·

306 3730 403 3796 rastil
441 3732 525 3809 Quin
552 3753 635 3797 nunc
662 3733 764 3819 ipsum
788 3753 852 3798 non
874 3732 1025 3798 dubitabo
1047 3753 1114 3797 rem
1139 3740 1257 3796 tantum
1280 3731 1434 3808 abiicere,
1465 3733 1491 3798 si
1514 3734 1544 3798 id
1566 3735 1626 3800 erit

306 3823 433 3889 rectius.
481 3827 652 3912 Utrumque
684 3847 761 3892 vero
790 3827 885 3892 simul
912 3831 962 3911 agi
990 3848 1054 3892 non
1082 3837 1200 3911 potest,
1232 3839 1263 3892 et
1284 3827 1323 3891 de
1346 3827 1505 3913 triumpho
1527 3827 1625 3893 ambi-

271 3915 387 3991 „tiose
408 3916 500 3982 etde
522 3939 557 3983 re
578 3917 703 4005 publica
725 3918 835 3985 libere.
886 3920 948 3986 Sed
969 3941 1010 3985 ne
1032 3918 1200 3992 dubitaris,
1224 3920 1318 4004 quin,
1341 3920 1427 4006 quod
1450 3920 1624 3996 honestius,

307 4009 339 4075 id
360 4009 437 4075 mihi
457 4009 598 4078 futurum
620 4013 660 4078 sit
679 4013 847 4100 antiquins.
890 4019 919 4083 3.
940 4019 1017 4079 Nam
1039 4012 1125 4099 quod
1145 4023 1236 4099 putas
1258 4012 1366 4079 utilius
1388 4035 1456 4079 esse
1471 4015 1521 4080 vel
1539 4015 1625 4091 rnihi,

306 4104 392 4190 quod
420 4105 516 4171 tutius
543 4107 598 4181 sit,
636 4106 687 4172 vel
714 4108 809 4172 etiam
837 4119 872 4174 ut
893 4108 941 4174 rei
969 4105 1115 4194 publicae
1136 4106 1289 4193 prodesse
1310 4112 1446 4192 possim,
1483 4129 1534 4174 me
1556 4129 1626 4174 esse

305 4220 377 4264 cnm
398 4198 549 4285 imperio,
572 4199 604 4265 id
626 4222 734 4267 caram
755 4201 1024 4268 considerabimus
1046 4200 1139 4286 quale
1154 4201 1204 4266 sit.
1247 4199 1350 4267 Habet
1370 4201 1453 4267 enirn
1474 4223 1527 4267 res
1549 4203 1627 4268 deli-

305 4291 516 4372 berationem;
546 4294 605 4360 etsi
631 4316 673 4361 ex
694 4304 783 4382 parte
805 4317 916 4382 magna
944 4294 1001 4361 tibi
1023 4295 1189 4362 assentior.
1231 4299 1278 4360 De
1300 4294 1404 4362 animo
1426 4305 1532 4363 autem
1554 4318 1625 4362 meo

375 4503 401 4553 3.
427 4518 445 4554 a
461 4517 543 4565 puero
568 4504 695 4556 discedere
713 4506 735 4555 Ι.
766 4530 797 4542 -
833 4507 861 4557 7.
882 4507 961 4557 libros
978 4505 1029 4556 bil.
1060 4533 1089 4544 -
1127 4507 1155 4557 o.
1173 4505 1349 4556 disertissams
1367 4507 1406 4557 Μ.
1433 4529 1465 4539 -
1501 4500 1626 4564 epistotae

305 4585 361 4623 om.
382 4587 422 4637 pr.
442 4575 480 4625 Μ.
510 4597 537 4608 -
576 4575 619 4626 15.
638 4575 796 4626 Aeculanum
821 4577 955 4628 Orellius:
979 4577 1125 4628 neutonam
1156 4576 1199 4635 Μ.
1234 4576 1391 4626 Esaataaam
1417 4575 1468 4635 ttt,
1499 4570 1626 4622 limeseia·

304 4657 367 4692 aam
385 4658 448 4694 curn
468 4643 584 4696 Victoria
604 4645 633 4695 n.
655 4671 686 4682 -
723 4646 767 4696 18.
786 4661 836 4711 qua
854 4649 885 4698 de
905 4650 1065 4699 Dicaearcho
1083 4648 1207 4697 assentiri
1226 4649 1264 4702 rt.
1285 4661 1335 4711 qao
1353 4648 1383 4697 de
1402 4647 1436 4696 D.
1454 4643 1518 4693 mihi
1536 4653 1626 4691 assen-

306 4713 442 4763 1331.-
482 4715 524 4764 tu.
543 4731 601 4778 cap.
621 4729 769 4778 expressam
787 4724 809 4765 et
829 4719 978 4780 expeditum
996 4718 1025 4776 l,
1054 4733 1112 4781 cap.
1132 4731 1281 4780 eaprsssam
1299 4723 1323 4766 st
1342 4718 1485 4779 expetitum
1504 4713 1564 4762 Asc.
1584 4723 1623 4774 pr.

307 4807 338 4818 —
374 4786 423 4844 sit,
444 4789 468 4834 tc
485 4787 650 4846 approbante
668 4799 721 4847 mg.
744 4786 895 4838 Cratandri.
933 4815 954 4828 -
996 4790 1040 4839 21.
1060 4789 1204 4839 iateatioaa
1233 4789 1255 4837 1.
1289 4811 1319 4822 —
1356 4789 1400 4837 22.
1428 4788 1462 4834 iis
1486 4783 1555 4832 bili:
1587 4781 1626 4829 bis

305 4852 349 4901 lll.
383 4877 412 4890 -
450 4853 494 4903 23.
523 4858 660 4917 quominus
691 4857 735 4904 ut.
762 4883 793 4892 -
834 4858 878 4908 25.
904 4871 980 4921 saepe
1010 4871 1064 4908 om.
1096 4857 1169 4908 blitl.
1213 4857 1385 4919 (Suppletum
1416 4869 1446 4905 es
1477 4849 1566 4914 xttz.)
1593 4871 1624 4884 -

304 4921 349 4970 27.
370 4925 500 4972 utramuis
530 4924 582 4976 nst.
611 4949 642 4961 -
678 4925 722 4975 31.
749 4929 882 4989 approbas
907 4929 988 4979 Mitt:
1016 4927 1182 4990 approbabas
1200 4941 1250 4979 sue
1269 4928 1398 4977 arbitratu
1423 4923 1572 4975 Ernestius.
1594 4943 1622 4956 ·-

305 4991 350 5041 32.
366 4993 415 5043 tibi
431 4992 539 5058 faciam]
567 4996 638 5045 Fert.
668 4996 912 5061 tibiiafiticr·01s.
942 5023 968 5036 -
1004 4997 1048 5047 st.
1070 4995 1125 5060 aqi]
1152 5011 1185 5046 aa
1203 5011 1243 5060 pr.
1264 4997 1300 5047 Μ.
1331 5020 1362 5032 -
1398 4997 1442 5047 37.
1474 5007 1524 5058 qao
1544 4992 1625 5042 tatius

304 5060 367 5112 bili.
389 5087 416 5100 -
452 5063 583 5129 prodesse]
601 5066 709 5128 prodire
728 5081 768 5131 pr.
786 5067 824 5118 Μ.
844 5089 876 5104 ·-
912 5067 955 5118 32.
974 5069 1104 5118 asseats'ar
1122 5066 1170 5118 u:
1190 5068 1306 5118 assentio
1324 5066 1392 5117 lilii.
