3680 5944
745 352 818 414 LlB.
841 351 906 414 Vll.
950 351 1008 414 ΕΡ.
1031 353 1062 415 8.

700 511 781 573 un.
823 508 879 592 (Α.
905 511 938 574 a.
959 511 991 576 c.
1013 511 1105 592 roa.)

720 632 864 696 CICERO
885 631 1030 696 ATTICO
1053 633 1084 694 S.

322 750 350 810 1.
373 742 457 822 Quid
470 763 550 826 opus
564 751 612 808 est
623 740 662 806 de
674 741 826 828 Dionysio
841 740 1010 807 tam'valde
1025 742 1201 808 affirmaret
1230 747 1276 808 Aa
1291 742 1369 809 mibi
1384 753 1476 809 nutus
1490 755 1560 811 tuus

234 863 298 906 non
320 840 437 905 laceret
458 836 572 901 fidem?
602 836 818 920 Suspicionem
841 845 944 901 autem
967 854 1007 899 eo
1023 834 1099 899 mibi
1119 835 1271 901 maiorem
1293 838 1486 903 taciturnitas
1507 847 1559 903 tua

235 933 390 1006 attulerat,
412 929 498 1018 quod
520 940 551 995 et
572 938 606 994 tu
627 929 709 996 soles
732 928 946 1013 conglutinare
969 928 1119 994 amicitias
1140 929 1327 996 testimoniis
1348 936 1458 997 tuiset
1473 933 1583 998 illuma

235 1028 326 1092 aliter
354 1045 424 1090 cum
453 1023 521 1089 aliis
550 1023 589 1088 de
616 1021 708 1088 nobis
734 1022 873 1088 locutum
901 1021 1078 1088 audiebam.
1107 1022 1167 1087 Sed
1195 1044 1326 1109 prorsus
1348 1025 1390 1091 ita
1414 1047 1499 1101 esse,
1528 1036 1562 1093 ut

236 1118 362 1192 scribis,
385 1118 460 1183 mibi
481 1117 662 1204 persuades.
704 1121 813 1203 ltaque
835 1135 894 1200 ega
916 1114 998 1181 isin
1020 1116 1109 1180 illurn
1131 1138 1217 1191 sam,
1248 1139 1343 1204 quem
1365 1130 1398 1185 tu
1420 1140 1471 1184 ure
1493 1139 1561 1186 esse

235 1216 293 1279 vis.
337 1217 367 1277 2.
395 1212 485 1276 Diem
515 1221 603 1276 tuum
632 1231 692 1296 ega
721 1231 847 1298 quoque
875 1233 916 1276 ex
944 1209 1076 1296 epistola
1105 1210 1239 1297 quadam
1269 1221 1338 1284 tua,
1369 1233 1463 1299 quarn
1486 1212 1563 1278 inei-

234 1310 341 1396 piente
369 1304 520 1371 febricula
549 1305 734 1391 scripseras,
771 1304 846 1370 mibi
873 1313 1069 1382 notaveram
1105 1313 1137 1369 et
1164 1304 1444 1374 animadverteram
1468 1327 1561 1393 posse

236 1423 295 1490 pro
324 1422 361 1466 re
389 1408 461 1465 nata
493 1408 524 1464 te
550 1420 613 1464 non
641 1398 838 1464 incommode
867 1397 907 1462 ad
938 1417 990 1462 me
1011 1397 1044 1462 iu
1073 1395 1226 1463 Albanum
1254 1403 1362 1464 venire
1385 1421 1437 1467 111.
1459 1406 1597 1466 Nonasar

235 1501 358 1562 Ianuar.
416 1492 492 1566 Sed,
522 1489 633 1556 amabo
661 1503 708 1565 te,
743 1491 820 1558 nibil
851 1491 1052 1557 incommodo
1080 1491 1265 1558 valetudinis
1298 1493 1422 1560 leceris.
1478 1494 1563 1572 Quid

237 1588 321 1653 euim
351 1595 398 1652 est
425 1594 543 1651 tautum
571 1585 603 1649 iu
632 1607 696 1650 uuo
724 1594 777 1650 aut
804 1586 903 1652 altero
931 1585 1004 1650 diet
1046 1591 1077 1650 3.
1104 1586 1299 1652 Dolabellam
1333 1587 1427 1654 video
1454 1587 1561 1654 Liviae

236 1690 422 1748 testamento
446 1700 517 1744 cum
545 1677 669 1745 duobus
691 1678 901 1746 coheredibus
923 1700 992 1744 esse
1013 1679 1046 1746 in
1075 1680 1205 1755 triente,
1239 1681 1294 1746 sed
1316 1679 1419 1748 iuberi
1441 1692 1562 1749 mutare

237 1797 362 1843 nomen.
416 1778 471 1839 Est
492 1775 661 1840 πολιτικὸν
684 1787 829 1858 σκέμμα,
856 1783 1017 1838 rectumne
1040 1772 1080 1838 sit
1107 1772 1206 1839 nobili
1227 1773 1417 1841 adolescenti
1438 1784 1561 1841 mutare

237 1889 353 1935 nomen
381 1868 522 1934 mulieris
555 1877 748 1935 testamento
808 1865 870 1932 Sed
898 1865 931 1932 id
968 1867 1241 1952 φιλοσοφώτερον
1278 1871 1598 1955 διευκρινήοομεν,1ῡ

238 1984 310 2029 curn
339 1963 489 2036 sciemus,
518 1972 667 2048 quantum
699 1962 787 2047 quasi
817 1960 857 2026 sit
885 1961 917 2026 iu
945 1961 1067 2026 trientis
1096 1961 1219 2027 triente.
1271 1965 1302 2027 4.
1332 1963 1427 2040 Quod
1446 1964 1562 2051 putasti

238 2059 325 2131 lore,
347 2064 493 2130 utente,
517 2077 610 2142 quam
632 2056 712 2120 istuc
735 2055 892 2129 venirem,
922 2055 1106 2140 Pompeium
1127 2055 1283 2129 viderem,
1307 2056 1422 2123 lactum
1445 2069 1493 2124 est
1509 2061 1560 2122 ita.

238 2156 314 2216 Nam
342 2170 389 2217 vr.
418 2151 485 2216 Kal.
514 2149 552 2215 ad
576 2149 763 2215 Lavernium
785 2171 836 2214 me
857 2160 1043 2216 consecutus
1072 2158 1128 2215 ast.
1172 2155 1236 2218 Una
1257 2152 1398 2218 Formias
1420 2153 1563 2218 venimus

238 2256 271 2311 et
291 2243 329 2309 ab
351 2243 430 2309 bora
451 2252 560 2308 octava
584 2243 623 2308 ad
645 2263 811 2328 vesperum
833 2252 956 2308 secrato
977 2242 1125 2310 collocuti
1146 2265 1264 2310 sumus.
1308 2246 1403 2324 Quod
1425 2247 1562 2332 quaeris,

238 2359 357 2434 ecquae
374 2357 446 2424 spes
461 2335 682 2422 pacificationis
701 2337 756 2402 sit:
780 2347 930 2423 quantum
947 2357 986 2402 ex
1010 2336 1150 2424 Pompeii
1168 2339 1267 2404 multo
1289 2347 1321 2403 et
1336 2352 1481 2406 accurato
1496 2359 1599 2406 ser-to
1648 2329 1675 2407 b

237 2454 331 2500 moue
345 2430 507 2518 perspexi,
527 2451 566 2495 ne
584 2431 727 2496 voluutas
742 2430 870 2516 quidem
891 2439 947 2496 est.
977 2431 1029 2496 Sic
1043 2431 1126 2496 enim
1142 2432 1315 2507 existimat,
1345 2434 1371 2499 si
1385 2434 1437 2499 ille
1453 2433 1502 2498 vel
1517 2434 1564 2499 di·

237 2527 334 2594 misso
363 2525 506 2590 exercitu
534 2523 643 2589 consul
673 2523 772 2590 lactus
803 2526 858 2599 sit,
892 2526 1050 2609 σύγχυσιν
1075 2530 1129 2605 τῆς
1149 2531 1312 2602 πολιτείας
1340 2527 1419 2594 lore.
1463 2536 1564 2614 Atque

238 2623 330 2688 etiam
353 2629 441 2707 putat
462 2640 549 2694 eum,
586 2639 657 2684 cum
679 2618 815 2684 audierit
835 2629 944 2685 contra
967 2640 1001 2684 se
1023 2618 1190 2704 diligenter
1210 2621 1330 2706 parari,
1367 2622 1563 2687 consulatum

238 2715 299 2780 boc
328 2735 410 2780 anua
443 2713 657 2799 neglecturum
687 2734 723 2778 ac
750 2713 856 2800 potius
878 2714 1051 2779 exercitum
1078 2715 1334 2802 provinciamque
1356 2725 1562 2782 retenturum.

239 2810 294 2875 Sia
320 2818 425 2874 autem
455 2807 508 2872 ille
537 2805 682 2881 fureret,
717 2806 918 2872 vehementer
946 2807 1105 2872 bominem
1133 2808 1351 2874 contemnebat
1378 2821 1409 2876 et
1441 2811 1506 2876 suis
1532 2818 1599 2872 etan

238 2903 286 2968 rei
314 2901 457 2988 publicae
488 2901 587 2987 copiis
616 2899 802 2966 confidebat.
847 2901 931 2978 Quid
964 2901 1113 2988 quaeris?
1141 2903 1208 2967 Etsi
1232 2903 1308 2968 mibi
1333 2901 1446 2967 crebro
1472 2903 1563 2982 ξυνὸς

235 2998 407 3072 Ἐνυάλιος
434 2994 641 3068 occurrebat,
669 3005 773 3060 tamen
803 2993 931 3060 levabar
952 3016 1042 3070 cura,
1078 2999 1182 3060 virum
1214 2995 1329 3061 lortcm
1361 3005 1393 3060 et
1427 2995 1563 3082 peritum

239 3099 271 3155 et
302 3091 472 3176 plurimum
506 3089 690 3156 auctoritate
728 3088 881 3154 valentem
914 3088 1044 3154 audieus
1076 3093 1247 3165 πολιτικῶς
1281 3089 1320 3154 de
1352 3089 1437 3175 pacis
1467 3088 1564 3152 simu-

239 3184 319 3250 latae
350 3183 498 3269 periculis
527 3182 743 3248 disserentem.
794 3187 823 3248 5.
855 3181 1053 3248 Habebamus
1066 3261 1069 3268 .
1082 3193 1186 3248 autem
1214 3183 1246 3247 in
1271 3181 1414 3248 manibus
1438 3181 1563 3246 Antonii
1672 3243 1675 3250 ,

239 3278 419 3344 cautionem
441 3276 576 3343 habitam
599 3297 634 3342 x.
655 3277 723 3342 llal.
744 3265 938 3360 lanuar.,(in
960 3298 1021 3364 qua
1043 3286 1114 3354 erat
1131 3277 1286 3342 accusatio
1300 3271 1600 3370 Pompeiilusqueaa
1631 3259 1729 3340 (lv

239 3393 258 3436 a
285 3382 358 3455 toga
385 3391 478 3456 pura,
493 3369 642 3464 (querela
674 3369 713 3436 de
742 3369 909 3446 damnatis,
944 3380 1050 3436 terror
1076 3371 1270 3470 armorum)
1291 3370 1323 3435 iu
1353 3368 1467 3456 quibus
1494 3369 1562 3442 ille,

240 3463 351 3543 „Quid
373 3467 521 3538 censes”,
555 3462 673 3539 aiebat,
707 3464 891 3538 „lecturum
913 3486 982 3532 esse
1005 3465 1123 3552 ipsum,
1160 3465 1187 3530 si
1209 3465 1241 3530 in
1262 3462 1493 3550 possessionem
1516 3463 1564 3527 rei

239 3557 383 3646 publicae
412 3557 549 3632 venerit,
586 3579 657 3624 cum
688 3557 765 3623 haec
791 3569 940 3646 quaestor
968 3559 1036 3624 eius
1057 3557 1199 3624 infirmus
1220 3567 1252 3624 et
1272 3558 1363 3644 inops
1384 3557 1497 3623 audeat
1518 3556 1565 3621 di·

240 3657 357 3718 cerel''
392 3651 477 3729 Quid
498 3651 616 3716 multat
656 3656 724 3717 Non
745 3651 841 3716 modo
868 3673 932 3718 non
954 3661 1103 3739 expetere
1124 3673 1233 3738 pacem
1260 3651 1351 3717 istam
1384 3650 1439 3716 sed
1471 3649 1564 3714 etiarn

241 3749 352 3814 timere
385 3749 470 3814 visus
497 3757 554 3812 est.
606 3745 677 3830 [Ex]
706 3747 758 3812 illa
788 3760 890 3813 autem
924 3749 1075 3814 sententia
1103 3749 1194 3829 †1nx
1222 3744 1446 3832 relinquendae
1473 3743 1600 3810 urbisne

241 3851 350 3906 movet
381 3841 558 3914 bominem,
591 3850 627 3906 ut
654 3849 741 3926 puto.
792 3839 868 3907 blibi
890 3852 995 3908 autem
1017 3842 1095 3908 illud
1117 3841 1371 3907 molestissimum
1393 3847 1456 3911 est,
1479 3837 1564 3924 quod

243 3934 387 4001 solvendi
410 3945 481 4000 sunt
503 3935 622 4000 nummi
646 3934 769 4002 Caesari
793 3945 824 4000 et
844 3937 1086 4002 instrumentum
1107 3935 1257 4022 triumphi
1274 3957 1313 4001 eo
1330 3932 1565 4001 conserendum.

241 4033 297 4094 Est
319 4029 402 4094 enirn
425 4029 596 4114 ἄμορφον,
626 4034 950 4115 ἀντιπολιτευομένου
972 4033 1209 4118 χρεωφειλέτην
1231 4050 1310 4096 esse.
1354 4027 1415 4094 Sed
1436 4027 1513 4092 baec
1535 4036 1566 4091 et

242 4125 339 4188 multa
361 4123 420 4188 alia
443 4145 560 4190 eoram.

313 4343 339 4393 3.
359 4341 407 4406 ert]
435 4349 493 4394 erat
518 4343 642 4394 Errrestio
669 4349 780 4394 auctare
807 4344 974 4395 Schuetztus.
1005 4369 1037 4378 -
1074 4350 1130 4393 tam
1154 4356 1209 4393 om.
1229 4342 1251 4394 l.
1284 4367 1313 4380 ·-·
1351 4343 1459 4392 nuntiat
1478 4339 1499 4389 l.
1532 4365 1565 4374 -

242 4413 269 4464 4.
290 4415 461 4464 taciturnitas
479 4421 527 4464 tua
543 4416 590 4466 M:
611 4421 657 4464 tua
677 4416 847 4464 taciturnitas
864 4415 932 4464 lilli.
953 4439 984 4450 -
1015 4415 1041 4462 6.
1060 4408 1132 4475 alita]
1151 4413 1228 4462 mulir
1246 4425 1317 4462 corr.
1337 4412 1374 4462 Μ.
1397 4437 1425 4448 -
1459 4411 1501 4460 13.
1521 4411 1566 4460 Bi·
1623 4408 1624 4411 ’

242 4487 283 4533 oia
301 4485 332 4533 R.
354 4507 385 4520 -
423 4485 466 4534 15.
485 4484 693 4554 ὀιακρινουμιν
713 4484 744 4534 a.
765 4511 796 4520 —
833 4484 876 4534 13.
906 4484 1052 4533 Lauernam
1070 4484 1111 4543 Y,
1139 4484 1312 4534 dornomiam
1331 4483 1367 4532 Μ.
1407 4480 1565 4530 «Εωοτιᾱτίί

243 4554 328 4605 Cadd.
348 4555 633 4604 Lavinr'ambabeutn
670 4555 743 4604 Plus.
780 4577 807 4590 -
845 4567 958 4604 meam.
978 4552 1037 4604 ΜΒ.
1068 4579 1097 4590 -
1135 4555 1179 4604 lo.
1200 4549 1284 4615 Quod]
1304 4554 1454 4615 qnideorr.
1474 4549 1510 4600 ΜΙ
1533 4575 1565 4586 -

242 4624 287 4673 20.
303 4639 399 4687 ,ecquae
418 4625 482 4674 ltlll:
512 4631 620 4688 atquae
639 4623 666 4678 1.
699 4637 779 4687 ecqua
798 4637 861 4672 cum
880 4624 1011 4674 Lambiua
1031 4624 1061 4675 Ε.
1094 4648 1125 4660 -
1161 4623 1204 4672 33.
1221 4624 1319 4685 parari
1336 4621 1473 4687 diitpentar
1492 4623 1511 4666 t.
1534 4643 1565 4656 -

243 4695 288 4744 25.
307 4691 416 4758 [araret]
437 4696 509 4745 Fart.
529 4701 623 4744 naeret-
644 4693 694 4744 On.
717 4719 744 4729 -
783 4693 827 4742 ⁶26.
847 4689 939 4757 ὕπνος
957 4692 1084 4759 νήδυμος
1103 4695 1125 4743 a
1143 4698 1170 4743 et
1189 4705 1242 4754 mg.
1262 4693 1300 4744 Μ.
1332 4713 1364 4728 -
1400 4691 1443 4741 27.
1463 4690 1566 4740 headan

245 4765 267 4814 l.
292 4787 315 4797 -
340 4765 383 4814 33.
404 4767 456 4815 eius
474 4779 530 4814 arn.
549 4765 571 4814 l.
592 4788 624 4800 -
643 4763 687 4813 35.
707 4775 754 4812 rur
773 4764 807 4818 Y,
833 4765 863 4812 in
880 4763 920 4824 Μ,
949 4765 993 4814 ira
1010 4764 1047 4822 fl,
1067 4766 1106 4813 ita
1125 4777 1188 4812 cum
1207 4763 1323 4813 Grutero
1341 4763 1380 4820 ll,
1405 4775 1460 4812 om.
1480 4762 1503 4811 l.
1523 4760 1565 4817 (ln

244 4835 406 4898 corruptelis
433 4849 495 4892 rar,
530 4835 559 4883 in
584 4833 666 4884 latere
691 4834 799 4883 ridetur
825 4833 954 4896 temporis
980 4839 1052 4884 uota.
1098 4833 1236 4884 Sententia
1264 4833 1435 4896 aliquatenus
1462 4837 1566 4881 constat

245 4905 334 4956 deleto
353 4920 407 4963 ec,
433 4913 461 4955 ut
480 4904 586 4956 volebat
604 4905 752 4954 Ernestiur.
771 4904 826 4954 Nos
845 4903 1028 4960 seclusimus.)
1047 4930 1075 4941 -
1103 4904 1146 4956 37.
1169 4911 1193 4954 et
1210 4905 1241 4952 in
1257 4905 1456 4953 imtrrtmentarn
1476 4900 1514 4951 Μ.
1532 4925 1566 4936 -

244 4977 428 5040 conserendam
452 4983 499 5028 eat.
520 4977 567 5026 Est
585 4977 654 5026 enim
672 4975 704 5026 a.
729 4997 758 5012 -
779 4973 823 5025 33.
843 4973 1137 5039 αντιπολιττυομενον
1156 4975 1179 5024 a
1195 4978 1222 5024 et
1234 4971 1296 5025 tart.
1311 4972 1348 5026 u.
1368 4994 1403 5012 -
1420 4979 1446 5024 et
1458 4987 1514 5024 om.
1528 4971 1565 5024 Μ.
