3658 5930
827 469 886 531 ΕΡ.
907 471 960 531 All
982 469 1156 534 ATTICUM

743 627 913 688 aarum.
956 625 1015 703 (n.
1042 627 1074 690 a.
1097 629 1130 691 c.
1152 624 1244 709 roa.)

818 748 961 812 CICERO
984 749 1131 813 ATTICO
1154 751 1185 812 S.

418 861 446 921 1.
476 859 554 925 Aule
582 858 684 925 lucem
713 878 787 924 oum
816 857 990 924 scriberem
1019 867 1129 925 eontra
1156 859 1345 947 Epicureos,
1382 859 1422 928 de
1452 863 1563 929 eodem
1590 861 1671 928 oleo

332 960 364 1016 et
394 973 491 1038 opera
519 952 649 1018 exaravi
678 952 784 1017 nescio
808 952 884 1038 quid
906 952 947 1018 ad
969 961 999 1018 to
1022 962 1053 1019 ct
1074 962 1145 1018 ante
1167 954 1269 1019 lucem
1291 953 1372 1020 dedi.
1421 956 1542 1024 Deinde
1569 978 1670 1031 cum,

310 1065 444 1111 ssomno
465 1047 615 1131 repetito,
647 1046 741 1112 simul
772 1067 843 1111 cum
865 1047 932 1112 sole
955 1059 1158 1132 experrectus
1180 1069 1302 1123 essem,
1338 1048 1430 1114 datur
1460 1049 1503 1116 mi
1526 1051 1670 1138 epistola

332 1139 497 1204 asororis
527 1149 599 1205 tuae
628 1139 710 1216 lilio,
740 1161 834 1226 quam
869 1140 968 1226 ipsam
999 1140 1057 1206 tihi
1086 1142 1173 1220 misi;
1206 1145 1295 1209 cuius
1316 1154 1362 1210 est
1383 1145 1572 1231 principium
1598 1167 1671 1211 non

332 1232 399 1297 sine
421 1233 557 1299 maxima
585 1235 783 1300 contumelia.
827 1234 888 1300 Sed
914 1234 1046 1300 sortasse
1074 1239 1135 1300 οὐκ
1156 1247 1339 1318 ἐπέστησεν.
1389 1242 1443 1303 Est
1470 1249 1574 1304 autem
1599 1238 1668 1303 sic:

333 1331 442 1411 „Ego
474 1327 607 1408 †enim
636 1328 836 1416 quidquid
868 1350 944 1393 non
980 1327 1089 1395 belle
1120 1330 1158 1394 in
1191 1340 1229 1397 te
1267 1333 1346 1398 dici
1376 1340 1604 1418 potest...
1631 1335 1669 1396 .”

332 1424 428 1484 Posse
449 1420 515 1485 vult
536 1423 568 1487 in
591 1444 641 1487 me
662 1423 759 1487 multa
782 1422 843 1487 dici
865 1444 930 1489 non
952 1422 1049 1500 belle,
1074 1423 1130 1490 sed
1152 1447 1189 1490 ea
1211 1447 1245 1491 se
1267 1415 1359 1511 nepai
1373 1425 1559 1514 approbare.
1590 1429 1669 1492 Hoc

300 1513 503 1602 nequidquam
525 1527 599 1602 poto
620 1517 796 1603 impurius?
833 1521 898 1581 Iam
922 1525 1027 1582 cetera
1048 1519 1134 1604 leges
1155 1555 1196 1566 -
1218 1519 1289 1585 misi
1311 1521 1395 1585 enirn
1417 1520 1457 1586 ad
1477 1531 1508 1585 te
1531 1555 1588 1596 -,
1611 1518 1667 1585 iu·

332 1607 523 1695 dicabisque.
566 1612 653 1676 Bruti
675 1610 775 1676 nostri
796 1611 986 1698 quotidianis
1007 1612 1205 1699 assiduisque
1226 1614 1426 1690 laudibusno,
1456 1635 1534 1700 quas
1555 1612 1594 1678 ab
1620 1633 1666 1678 eo

332 1703 371 1769 dc
400 1703 491 1770 nobis
519 1703 629 1770 haberi
656 1706 806 1790 permulti
834 1704 911 1770 mihi
940 1708 1218 1780 renuntiaverunt,
1257 1719 1449 1774 commotum
1477 1708 1571 1773 istum
1603 1706 1666 1772 ali-

332 1796 474 1884 quando,
511 1798 672 1884 scripsisse
699 1798 817 1885 aliquid
846 1798 885 1864 ad
917 1805 991 1864 mei
1031 1800 1133 1866 Credo
1163 1809 1193 1866 et
1221 1799 1259 1865 ad
1287 1809 1337 1878 te;
1373 1801 1468 1889 idque
1491 1810 1524 1866 ut
1545 1801 1663 1875 sciam,

332 1891 445 1971 facies;
473 1912 563 1967 nam,
585 1891 626 1958 ad
647 1902 769 1979 patrem
792 1893 832 1958 de
854 1914 905 1958 me
928 1893 1005 1979 quid
1026 1893 1204 1980 scripserit,
1227 1895 1350 1973 nescio;
1381 1895 1420 1960 de
1442 1905 1542 1960 matre
1563 1915 1662 1981 quam

298 1986 400 2073 sapiet
430 1987 714 2062 „Volueram'’,
747 1987 864 2072 inquit,
898 1996 969 2060 „ut
999 2009 1110 2074 quam
1131 1988 1344 2073 plurimum
1367 1998 1491 2054 tecum
1514 2009 1660 2062 essem,

332 2079 504 2146 conduci
537 2081 630 2146 mihi
657 2080 826 2154 domurn,
856 2088 896 2146 et
927 2081 966 2147 id
996 2080 1042 2146 ad
1069 2091 1108 2147 te
1136 2082 1393 2168 scripseram:
1421 2084 1660 2169 neglexisti.

332 2179 390 2240 lta
417 2175 546 2241 minus
579 2174 744 2239 multum
773 2196 845 2240 una
879 2176 1043 2241 erimus.
1085 2181 1177 2242 Nam
1200 2177 1407 2260 egoistam
1429 2176 1660 2242 domumvi-

333 2268 427 2334 dere
455 2288 531 2333 non
565 2289 737 2355 possum:
778 2289 851 2354 qna
883 2267 928 2334 de
964 2289 1097 2342 causa,
1136 2270 1244 2335 scis.”
1292 2274 1379 2335 Hanc
1407 2281 1510 2336 autem
1532 2292 1659 2336 causam

333 2373 423 2448 pater
444 2361 551 2427 odium
573 2361 681 2427 matris
701 2382 770 2426 esse
793 2360 925 2427 dicebat.
968 2367 999 2427 2.
1022 2367 1111 2428 Nunc
1131 2385 1183 2428 mc
1204 2363 1293 2438 iuva,
1316 2363 1359 2428 mi
1378 2364 1491 2440 Attice,
1515 2364 1657 2438 oonsilio,

295 2455 472 2537 sonoraque
494 2460 569 2537 δίκᾳ
591 2470 693 2534 τεῖχος
715 2457 833 2536 ὕψιον,
869 2456 902 2522 id
924 2465 987 2530 est,
1021 2467 1125 2522 utrum
1148 2467 1255 2543 aperte
1277 2458 1435 2524 hominem
1457 2480 1605 2547 aspernor
1626 2468 1659 2523 et

333 2568 495 2634 respuam,
524 2551 715 2627 ἤσκολιαῐς
737 2551 892 2626 ἀπάταις.
943 2554 980 2614 Ut
1008 2551 1090 2614 enim
1120 2551 1270 2626 Pindaro,
1303 2552 1348 2618 sic
1374 2559 1450 2632 δίχα
1476 2581 1535 2638 μοι
1564 2553 1656 2629 νόος,

334 2647 506 2728 ἀτρέκειαν
527 2653 635 2708 εἰπεῖν.
691 2643 828 2709 Omnino
849 2642 991 2710 moribus
1013 2644 1093 2711 meis
1113 2645 1191 2711 illud
1212 2647 1331 2733 aptius,
1368 2647 1424 2713 sed
1445 2647 1506 2714 hoc
1526 2646 1658 2712 fortasse

334 2734 540 2822 temporibus.
583 2743 775 2812 luentem,
807 2736 892 2824 quod
914 2737 983 2824 ipse
1005 2738 1063 2804 tibi
1083 2740 1241 2814 suaseris,
1270 2740 1353 2806 idem
1375 2740 1453 2806 milri
1474 2761 1657 2826 persuasum

334 2840 452 2918 putato.
494 2830 648 2918 Equidem
669 2852 784 2897 vereor
806 2831 960 2908 maxime,
983 2853 1023 2898 ne
1045 2837 1076 2897 in
1099 2835 1273 2900 Tusculano
1295 2835 1466 2921 opprimar.
1509 2838 1545 2899 In
1567 2831 1657 2898 turba

297 2925 413 2991 ashaec
434 2937 537 2991 essent
556 2925 709 2992 faciliora.
766 2931 875 2992 Utrum
897 2927 993 3012 igitur
1020 2933 1172 2993 Asturae?
1209 2927 1306 3006 Quid,
1337 2929 1363 2993 si
1392 2932 1506 2995 Caesar
1527 2925 1657 2994 subitos

334 3022 410 3084 luva
432 3040 497 3094 me,
520 3041 656 3105 quaeso,
679 3019 821 3085 consilio.
866 3023 939 3086 Utar
961 3042 1020 3098 eo,
1043 3023 1130 3108 quod
1152 3032 1185 3088 tu
1207 3023 1395 3089 decreveris.

763 3190 906 3256 sarra.
950 3191 1005 3270 (a.
1031 3193 1063 3255 n.
1086 3194 1118 3256 o.
1140 3195 1227 3266 roo.)

816 3333 959 3398 CICERO
981 3332 1126 3397 ATTICO
1150 3334 1181 3396 S.

421 3465 449 3525 1.
484 3462 511 3526 0
539 3458 754 3526 incredibilem
790 3461 972 3526 vanitateml
1009 3462 1056 3528 Ad
1092 3471 1231 3547 patrem,
1264 3463 1360 3529 domo
1392 3463 1452 3529 sibi
1488 3465 1656 3532 carendum

298 3563 465 3640 sopropter
487 3567 635 3620 matrem:
659 3554 813 3640 †plenam
836 3555 969 3642 pietatis.
1013 3557 1070 3620 Hic
1091 3566 1195 3620 autem
1217 3556 1279 3621 iarn
1302 3558 1473 3642 languescit
1494 3568 1525 3623 et
1539 3559 1582 3624 ait
1597 3559 1655 3624 sibi

334 3647 422 3712 illum
454 3653 523 3713 iure
552 3647 678 3713 iratum.
728 3651 758 3713 2.
781 3648 844 3713 Sed
876 3659 947 3715 utar
969 3659 1023 3715 tuo
1046 3650 1187 3716 oonsilio.
1231 3653 1358 3718 Σκολιά
1382 3651 1464 3717 euim
1487 3652 1544 3718 tibi
1566 3652 1656 3718 video

336 3741 470 3827 placere.
529 3747 679 3820 Romam,
716 3751 751 3807 ut
787 3764 912 3816 censes,
946 3743 1088 3816 veniam,
1125 3743 1179 3810 sed
1220 3745 1349 3823 invitus,
1384 3746 1473 3812 valde
1509 3747 1593 3812 enim
1626 3747 1657 3812 in

335 3832 502 3900 scribendo
524 3834 651 3901 haereo.
694 3841 842 3912 Brutum,
869 3838 990 3923 inquis,
1015 3836 1124 3903 eadem
1147 3839 1274 3904 scilicet.
1318 3839 1381 3904 Sed
1402 3841 1462 3906 nisi
1484 3841 1544 3907 hoe
1566 3851 1655 3914 esset,

405 4035 431 4086 3.
451 4035 580 4099 Epicuros
596 4037 633 4088 M·
667 4060 699 4075 -
736 4034 994 4098 deldsosM,om.
1015 4039 1045 4087 R.
1078 4065 1103 4076 -·
1144 4040 1303 4091 5-ms'Ml:
1331 4041 1395 4089 milri
1412 4041 1465 4090 RE.
1487 4064 1514 4074 -
1554 4041 1581 4092 8.
1602 4041 1656 4106 Epo

335 4105 404 4155 ans'm
415 4107 541 4171 quidquid
555 4107 596 4157 Ml
607 4121 614 4156 s
634 4107 691 4171 Epo
705 4109 773 4156 enlm
782 4121 835 4156 non
843 4107 927 4170 prodo
937 4109 1063 4171 quidquid
1073 4109 1125 4158 RE.
1148 4110 1241 4160 Malim
1253 4125 1259 4158 s
1279 4113 1335 4175 Epo
1345 4112 1450 4159 minima
1460 4112 1587 4173 quidquid
1601 4112 1657 4174 (ab-

335 4183 427 4238 sorpto
446 4177 487 4227 vel
507 4176 631 4228 consulto
649 4178 750 4227 omisso
769 4177 850 4227 verbo
869 4177 990 4240 approbo
1009 4183 1191 4241 postposui).
1213 4180 1262 4231 On.
1296 4207 1326 4216 —
1365 4181 1406 4231 10.
1423 4177 1495 4243 pots]
1514 4186 1600 4243 potest
1618 4183 1655 4239 li,

333 4251 419 4308 potest
447 4261 498 4298 assa
529 4249 549 4297 l.
578 4271 605 4282 —
645 4249 688 4296 11.
718 4248 886 4306 laudidusna,
918 4260 985 4310 qaas
1010 4249 1242 4311 (interrogationis
1270 4251 1347 4310 signo
1368 4257 1426 4313 post
1444 4253 1537 4301 adme
1556 4251 1657 4314 posito)

336 4315 472 4367 Orellius:
506 4317 677 4367 laudidusne
700 4330 766 4380 pons
784 4317 811 4368 M
829 4324 855 4367 et
874 4319 935 4368 Asc.
957 4333 1016 4381 pr.,
1037 4320 1173 4379 laudidus,
1203 4335 1269 4386 quos
1287 4321 1317 4370 Β.
1357 4321 1407 4382 (ue
1437 4321 1473 4369 ut
1498 4335 1572 4371 nunc
1602 4336 1657 4371 non

335 4387 577 4452 1101110011.)-
613 4388 655 4437 11.
677 4385 845 4451 commotum]
864 4403 920 4438 cum
938 4397 1037 4447 motum
1055 4391 1133 4440 M.—
1172 4391 1214 4440 1³.
1234 4392 1361 4452 scripsisti
1379 4391 1480 4454 aliquid
1503 4391 1578 4442 MRl.
1615 4393 1658 4446 tUt

336 4471 401 4518 uos,
421 4457 577 4521 nescioqui
596 4458 667 4520 apud
688 4459 846 4508 (tetradum.
884 4457 994 4509 Malim:
1017 4460 1150 4521 scripsisse
1168 4461 1220 4511 tnta
1238 4461 1309 4524 quid.
1329 4459 1393 4522 On.)
1415 4486 1444 4498 -
1483 4461 1525 4511 10.
1545 4461 1658 4526 naplarit

336 4529 356 4578 l.
378 4551 409 4563 -
446 4525 1123 4595 ’2011111180011111111111101οηί101110.
1146 4531 1166 4579 l·
1188 4547 1213 4594 p.
1234 4531 1315 4580 1³³.:
1343 4531 1424 4594 δίκας
1442 4531 1512 4592 ME,
1533 4545 1590 4581 om.
1610 4531 1656 4582 Rl.

336 4597 492 4649 -idest-
508 4622 519 4632 ·
536 4611 657 4659 respuam
675 4605 785 4648 auctore
805 4599 1001 4649 Valckenaerio
1020 4600 1117 4657 (illatr.
1139 4614 1164 4662 p.
1185 4602 1259 4656 191.)
1279 4601 1343 4651 secl.
1365 4603 1395 4651 E.
1416 4623 1446 4636 -
1482 4599 1517 4664 st]
1531 4617 1563 4652 oc
1583 4603 1604 4652 1.
1624 4627 1656 4637 -

334 4668 377 4726 21.
403 4668 536 4731 σκολιαῖς
562 4664 691 4732 ἀπάταις
717 4669 776 4720 xz=
815 4668 937 4731 σκολιᾶς
970 4664 1085 4733 oa’aoisou,⁸
1110 4669 1170 4720 ME.
1205 4673 1326 4730 (samntio
1352 4685 1479 4739 nosapos
1504 4671 1658 4737 ησκολιαις

334 4752 459 4802 απαταις
477 4740 505 4787 id
522 4743 559 4787 est
575 4761 587 4772 ·
603 4762 614 4772 ·
631 4751 754 4802 scapnam
771 4734 899 4802 (spatium
919 4739 1045 4803 vacuum)
1065 4746 1094 4790 ut
1113 4741 1157 4794 R.)
1177 4768 1207 4778 -
1244 4741 1490 4804 1111110111.-
1514 4742 1559 4792 15.
1579 4741 1656 4804 Quid,

334 4809 358 4858 si
378 4806 484 4872 Caesar]
505 4809 568 4872 quid
587 4807 682 4858 Caesar
700 4809 770 4868 MR,
798 4823 850 4870 qao
870 4809 1006 4860 Caesari.
1039 4833 1069 4847 -·
1105 4811 1149 4860 10.
1165 4813 1272 4874 plenam
1290 4811 1370 4862 utut:
1392 4813 1472 4873 plasto
1490 4825 1552 4861 cum
1572 4811 1655 4862 Codd.

335 4878 407 4930 Basti
427 4879 458 4928 II.
495 4878 607 4929 Malim:
633 4887 744 4942 propter
761 4885 885 4939 matrem,
905 4881 942 4930 cd
958 4887 1088 4939 matrem,
1114 4881 1220 4942 planam
1249 4883 1357 4943 piatatis
1381 4880 1557 4943 (epistolam).
1603 4881 1656 4934 Cir.

336 4947 384 5010 Ep.
404 4947 448 5006 tt,
469 4950 493 4998 1.
514 4948 563 4999 On.
591 4972 621 4983 -
657 4947 717 5012 sibi]
738 4948 876 5000 1111111111.
915 4947 1083 5011 (Correctum
1103 4959 1144 5001 est
1170 4954 1196 5002 in
1220 4948 1284 5013 Vb.)
1315 4976 1345 4988 -
1382 4952 1426 5001 31.
1450 4950 1559 5014 iratum]
1583 4954 1657 5004 iare·

335 5023 389 5068 tom
420 5031 460 5079 pr.
487 5019 524 5068 M.
554 5043 587 5052 -
622 5019 666 5067 33.
690 5020 803 5091 1110111
833 5019 932 5069 Eodem
949 5022 1052 5071 salices.
1090 5021 1140 5072 Sad
1159 5023 1199 5084 R,
1220 5023 1307 5087 inquis
1324 5019 1422 5073 sddsnu
1460 5019 1570 5075 Scilicet.
1607 5021 1658 5074 Sed

335 5088 472 5140 Manutius
492 5094 519 5138 et
538 5089 683 5138 Lambinus
703 5090 730 5139 in
749 5090 827 5139 Coris
845 5103 898 5139 seo.
