3656 5868
299 405 341 468 76
726 400 1002 466 selsrotaettst
1023 403 1075 464 Al)
1096 402 1187 466 thl.

294 565 401 647 Neque
422 567 526 624 tamen
542 557 674 643 ignoro,
696 579 790 645 quam
807 556 1005 644 impudenter
1022 555 1149 633 ladam,
1171 557 1226 644 qui
1249 557 1387 644 primum
1415 555 1474 624 tibi
1498 565 1618 625 tantum

294 653 400 718 oneris
420 651 581 739 imponam
601 685 642 698 -
663 660 767 738 potest
787 652 870 717 enim
891 651 968 717 mibi
989 652 1146 736 denegare
1161 652 1326 738 occupatio
1347 660 1399 718 tua
1421 689 1480 727 -,
1502 651 1618 718 deinde

294 746 401 821 etiam,
423 753 461 810 ut
479 765 573 811 ornes
593 765 659 820 me,
680 745 846 832 postulem.
890 745 988 824 Quid,
1011 744 1037 809 si
1058 744 1111 809 illa
1132 743 1189 810 tibi
1210 765 1274 809 non
1292 753 1377 810 tanto
1393 766 1492 833 opere
1507 747 1617 814 viden-

293 848 346 905 tur
366 838 526 904 ornanda?
568 844 598 904 3.
622 840 683 906 Sed
704 848 822 914 tamen,
844 839 899 927 qui
920 837 1017 904 semel
1035 837 1244 903 verecundiae
1259 838 1335 903 lines
1350 839 1518 914 transierit,
1542 863 1618 906 eum

271 932 374 998 nbene
395 941 427 998 et
447 933 568 998 naviter
594 942 719 1020 oportet
748 954 817 998 esse
839 932 1062 1019 impudentem.
1104 936 1212 1018 ltaque
1238 940 1269 996 te
1290 932 1382 1018 plane
1404 932 1500 998 etiam
1521 945 1617 1021 atque

294 1027 388 1092 etiam
408 1048 504 1112 rogo,
535 1037 569 1094 ut
591 1036 623 1092 et
643 1049 737 1093 ornes
760 1047 797 1092 ea
817 1024 1032 1092 vehementius
1054 1024 1148 1088 etiam
1170 1045 1264 1111 mam
1286 1025 1418 1091 sortasse
1444 1028 1564 1102 sentis,
1586 1036 1617 1094 et

293 1120 326 1186 in
347 1143 386 1187 eo
407 1122 493 1208 leges
514 1121 663 1186 historiae
685 1121 839 1206 negligas,
861 1119 1055 1204 gratiamque
1077 1117 1178 1193 illam,
1201 1118 1239 1184 de
1260 1139 1323 1206 qua
1339 1120 1521 1186 suavissime
1539 1143 1619 1210 quo·

292 1214 365 1279 dam
385 1214 418 1279 in
439 1215 604 1301 prooemio
626 1215 796 1301 scripsisti,
832 1235 935 1301 aqua
957 1222 986 1278 te
1009 1211 1092 1277 llecti
1112 1233 1176 1278 non
1202 1213 1304 1298 magis
1325 1213 1465 1299 potuisse
1488 1214 1618 1281 demon-

292 1316 372 1373 stras
393 1329 486 1395 quam
508 1308 675 1374 Herculem
696 1308 952 1394 Xenophontium
973 1307 1062 1373 illum
1082 1328 1101 1372 a
1122 1306 1297 1393 voluptate,
1327 1327 1414 1382 earn,
1437 1308 1463 1372 si
1485 1329 1534 1372 me
1559 1308 1616 1374 tibi

258 1421 285 1464 ro
292 1402 507 1467 vehementius
521 1401 759 1477 commendabit,
781 1425 820 1468 ne
833 1423 1003 1488 aspernere
1017 1400 1181 1487 amorique
1196 1411 1305 1466 nostro
1322 1401 1497 1488 plusculum
1511 1401 1616 1476 etiam,

293 1515 387 1580 quam
408 1494 559 1560 concedet
579 1497 709 1572 veritas,
731 1496 876 1581 largiare.
925 1493 1047 1573 Quodsi
1076 1502 1106 1558 te
1137 1493 1347 1570 adducemus,
1378 1504 1414 1561 ut
1437 1495 1498 1561 boc
1519 1495 1616 1562 susci-

293 1587 378 1673 pias,
413 1589 488 1663 erit,
523 1598 559 1654 ut
590 1589 666 1654 mibi
694 1591 885 1676 persuadeo,
921 1588 1067 1653 materies
1093 1587 1186 1673 digna
1215 1588 1361 1654 facultate
1383 1597 1414 1654 et
1436 1589 1527 1675 copia
1554 1599 1617 1654 tua.

294 1686 324 1746 t.
347 1685 372 1745 A
395 1680 550 1768 principio
564 1683 647 1748 enim
670 1683 895 1749 coniurationis
912 1704 1012 1769 nsque
1034 1681 1074 1747 ad
1087 1681 1223 1747 reditum
1237 1692 1379 1748 nostrum
1394 1683 1520 1748 videtur
1538 1682 1615 1747 mibi

164 1853 166 1858 ,
293 1773 451 1839 modicum
472 1775 628 1862 quoddam
651 1797 766 1862 corpus
788 1777 899 1844 conlici
919 1798 1032 1864 posse:
1064 1776 1097 1841 in
1119 1797 1184 1862 qno
1205 1785 1236 1840 et
1256 1776 1309 1842 illa
1329 1776 1448 1862 poteris
1470 1776 1516 1842 uti
1538 1775 1616 1841 civi-

257 1869 369 1934 calinm
389 1870 666 1936 commutationum
692 1871 821 1937 scientia
848 1872 899 1937 rel
920 1871 953 1937 in
980 1869 1172 1956 explicandis
1203 1869 1307 1935 causis
1328 1891 1437 1936 rerum
1460 1890 1617 1935 novarum

291 1963 342 2028 vel
362 1962 395 2028 in
425 1963 574 2030 remediis
602 1965 891 2040 incommodorum,
927 1985 1000 2030 cum
1021 1973 1052 2028 et
1073 1963 1285 2050 reprehendes
1307 1985 1364 2040 ea,
1388 1985 1470 2052 quae
1493 1963 1617 2050 vitupe-

291 2056 389 2121 randa
411 2057 521 2133 duces,
543 2069 591 2132 ct,
614 2080 694 2146 quae
715 2058 896 2145 placebunt,
919 2056 1113 2144 exponendis
1129 2057 1303 2123 rationibus
1320 2057 1551 2144 comprobabis,
1575 2067 1615 2131 et,

292 2151 319 2216 si
339 2150 484 2227 liberius,
506 2161 541 2216 ut
562 2152 736 2227 consuesti,
764 2154 918 2238 agendum
944 2151 1084 2238 putabis,
1106 2150 1278 2217 multorum
1299 2151 1333 2216 in
1355 2174 1412 2219 nos
1433 2151 1615 2238 perfidiam,

291 2245 436 2322 insidias,
459 2245 670 2333 proditionem
690 2246 824 2312 nombis.
866 2247 994 2314 Multam
1015 2245 1110 2310 etiam
1131 2265 1221 2311 casus
1244 2245 1345 2311 nostri
1360 2247 1543 2312 varietatem
1559 2243 1615 2310 tibi

255 2340 324 2404 eoin
346 2339 511 2405 scribendo
534 2339 777 2426 suppeditabunt
798 2341 921 2426 plenam
936 2336 1097 2403 cuiusdam
1111 2338 1296 2424 voluptatis,
1319 2361 1399 2426 quae
1414 2339 1616 2404 vehementer

292 2432 413 2497 animos
433 2433 594 2499 hominurn
616 2435 649 2498 in
672 2435 805 2520 legendo
827 2441 882 2499 tuo
904 2432 1022 2518 scripto
1043 2431 1181 2496 retinere
1202 2432 1311 2517 possit.
1354 2433 1435 2499 Nihil
1458 2443 1505 2499 est
1531 2432 1616 2498 enim

292 2525 395 2611 aptius
422 2526 462 2591 ad
491 2527 728 2593 delectationem
756 2527 883 2594 lectoris
904 2547 997 2613 mam
1020 2534 1198 2610 temporum
1220 2526 1386 2593 varietates
1407 2528 1616 2614 fortunaeque

293 2618 539 2685 vicissitudines:
574 2641 655 2708 quae
675 2622 734 2686 etsi
755 2620 846 2686 nobis
868 2618 1021 2707 optabiles
1043 2618 1076 2684 in
1098 2617 1293 2704 experiendo
1315 2641 1378 2684 non
1401 2621 1545 2695 luerunt,
1581 2622 1614 2687 in

292 2712 425 2797 legendo
446 2724 551 2779 tamen
572 2724 665 2780 erunt
684 2714 855 2792 iucundae;
878 2713 974 2779 babet
994 2712 1078 2778 enim
1100 2712 1261 2799 praeteriti
1292 2713 1413 2780 doloris
1434 2736 1543 2780 secura
1564 2737 1617 2780 re-

255 2807 433 2873 secordatio
455 2808 704 2875 delectationem.
761 2815 791 2874 5.
825 2809 944 2875 Ceteris
967 2828 1045 2872 vero
1067 2807 1151 2872 nulla
1173 2807 1344 2892 perfunctis
1366 2809 1496 2894 propria
1517 2808 1617 2874 mole-

259 2949 261 2959 .
292 2901 366 2976 stia,
400 2923 490 2969 casus
512 2913 615 2974 autem
638 2903 758 2970 alienos
779 2903 847 2969 sinc
867 2902 933 2966 ullo
955 2900 1066 2967 dolore
1088 2899 1295 2976 intuentibus,
1318 2901 1411 2966 etiam
1433 2903 1501 2989 ipsa
1522 2905 1617 2968 mise-

291 2994 430 3060 ricordia
451 3005 498 3062 est
520 2996 665 3063 iucunda.
709 3000 811 3076 Quem
833 2996 916 3062 onim
938 2999 1081 3062 nostrum
1102 2994 1155 3059 ille
1177 2999 1316 3060 moriens
1331 2994 1414 3081 apud
1427 2996 1615 3061 Mantineam

291 3089 522 3175 Epaminondas
551 3113 614 3157 non
643 3111 714 3156 cum
746 3090 880 3177 quadam
901 3088 1103 3154 miseratione
1125 3088 1279 3154 delectat?
1312 3088 1453 3174 quitum
1479 3089 1616 3177 deniqne

291 3183 352 3249 sibi
374 3184 466 3250 avelli
488 3183 576 3250 iubet
596 3184 767 3270 spiculum,
790 3192 993 3270 posteaquam
1016 3182 1045 3247 ei
1066 3181 1261 3268 percontanti
1277 3181 1395 3246 dictum
1413 3191 1460 3246 est
1480 3182 1615 3268 clipeum

255 3293 361 3341 coesse
384 3278 522 3353 salvum,
544 3284 580 3342 ut
602 3277 695 3342 etiam
717 3276 750 3342 in
772 3278 910 3342 vulneris
931 3276 1042 3342 dolore
1061 3297 1163 3363 aequo
1184 3276 1289 3340 animo
1311 3296 1382 3341 cum
1404 3275 1496 3341 laude
1512 3297 1615 3342 more·

291 3380 389 3435 retur.
444 3371 539 3438 Cuius
561 3370 698 3435 studium
719 3369 753 3435 in
774 3370 907 3456 legendo
932 3390 995 3435 non
1017 3380 1157 3434 erectum
1179 3368 1379 3434 Themistocli
1401 3368 1474 3453 suga
1496 3368 1616 3436 reditu·

292 3483 355 3548 que
374 3463 549 3529 retinetur?
576 3464 700 3528 Etenim
722 3466 803 3530 ordo
824 3465 891 3550 ipse
913 3463 1069 3527 annalium
1089 3461 1292 3527 mediocriter
1312 3483 1370 3527 nos
1391 3463 1506 3528 retinet
1525 3465 1613 3549 quasi

291 3557 526 3621 enumeratione
547 3556 716 3634 fastorum3
738 3567 770 3622 at
790 3557 853 3622 viri
874 3577 967 3643 saepe
990 3555 1171 3620 excellentis
1193 3555 1343 3641 ancipites
1365 3555 1506 3642 variique
1524 3577 1613 3623 casus

292 3647 406 3714 habent
420 3651 673 3726 admirationem,
696 3651 981 3738 exspectationem,
1002 3649 1169 3723 laetitiam,
1191 3649 1381 3723 molestiam,
1398 3671 1502 3736 spem,
1522 3651 1616 3716 tinno-

254 3758 374 3808 wrem:
397 3743 424 3809 si
446 3766 523 3809 vero
545 3745 632 3810 exitu
654 3745 783 3811 notabili
805 3744 1047 3818 concluduntur,
1081 3742 1226 3828 expletur
1247 3743 1369 3808 animus
1391 3741 1614 3810 iucundissima

292 3835 434 3902 lectionis
456 3837 624 3923 voluptate.
674 3843 703 3904 6.
736 3842 808 3917 Quo
829 3837 908 3903 mihi
929 3837 1077 3902 acciderit
1098 3836 1256 3921 optatius,
1280 3836 1307 3901 si
1329 3836 1360 3900 in
1382 3835 1440 3901 bac
1461 3839 1614 3902 sententia

291 3928 405 4005 fueris,
440 3940 474 3996 ut
495 3953 512 3994 a
534 3931 765 3998 continentibus
788 3932 849 3998 tuis
871 3931 1010 4017 scriptis,
1033 3930 1203 4018 inquibus
1224 3940 1408 4016 perpetuam
1431 3951 1538 3995 rerum
1561 3952 1615 4016 ge-

291 4033 410 4088 starum
431 4023 592 4089 historiam
616 4025 853 4111 complecteris,
875 4048 1019 4094 secernas
1041 4025 1120 4090 banc
1141 4024 1232 4112 quasi
1248 4023 1384 4089 fabulam
1398 4045 1506 4088 rerum
1521 4046 1615 4089 even-

291 4127 458 4203 torumque
480 4127 681 4197 nostrorum
705 4117 798 4184 babet
818 4120 902 4184 enim
924 4121 1029 4186 varios
1050 4130 1136 4185 actus
1154 4119 1327 4203 multasque
1342 4117 1481 4182 actiones
1495 4125 1526 4181 et
1540 4137 1615 4181 con·

253 4211 435 4278 oritorum
468 4220 499 4276 et
530 4219 718 4298 temporum.
780 4219 823 4279 Ac
859 4235 922 4279 non
957 4236 1087 4288 vereor,
1118 4235 1156 4277 nc
1186 4209 1447 4278 assentatiuncula
1480 4210 1612 4296 quadam

290 4303 440 4390 aucupari
462 4315 547 4370 tuam
568 4305 700 4389 gratiam
722 4307 850 4382 videar,
880 4328 951 4373 cum
974 4308 1034 4373 hoc
1056 4306 1286 4379 demonstrem,
1323 4326 1373 4369 me
1395 4325 1413 4368 a
1436 4312 1465 4367 tc
1487 4303 1613 4389 potissi-

290 4419 376 4463 mum
399 4399 507 4463 ornari
529 4397 744 4486 celebrarique
766 4399 855 4465 velle.
880 4387 1005 4486 (Neque
1027 4401 1110 4466 enim
1132 4399 1215 4466 tuis
1237 4421 1289 4475 es,
1311 4397 1380 4484 qui,
1403 4396 1458 4486 qui
1479 4396 1538 4471 sis,
1561 4419 1614 4461 ne-

163 4504 166 4514 '
290 4471 389 4606 scias)
409 4501 440 4557 et
460 4494 516 4580 qui
537 4514 600 4558 non
622 4513 678 4558 eos
699 4498 812 4578 magis,
835 4493 891 4579 qui
913 4505 943 4559 te
958 4517 1021 4562 non
1036 4493 1247 4569 admirentur,
1269 4492 1413 4566 invidos,
1436 4511 1530 4577 quam
1546 4512 1610 4565 eos,

959 4634 1125 4646 ——-

361 4713 388 4762 5.
407 4713 480 4762 Fert.
500 4712 561 4762 bene
578 4713 691 4762 nooltor.
712 4711 763 4762 On.
792 4735 822 4748 -
857 4713 884 4762 8.
904 4713 971 4780 plecta·
990 4713 1025 4764 V:
1054 4714 1135 4780 effecta·
1152 4712 1199 4770 Μ,
1226 4713 1296 4777 offici
1315 4710 1345 4760 ll.
1367 4734 1396 4745 -
1432 4711 1613 4760 demonstrans

291 4781 328 4832 M.
355 4803 388 4816 -·
423 4783 450 4832 e.
476 4796 534 4831 eom
552 4782 598 4832 M:
619 4781 703 4842 coli,
723 4795 779 4830 om.
799 4781 830 4832 B.
860 4807 890 4818 -·
929 4784 972 4834 11.
992 4783 1173 4834 concedetM:
1192 4783 1315 4832 concedat
1333 4780 1364 4830 ll.
1394 4803 1424 4816 -·
1462 4781 1505 4830 to.
1525 4782 1612 4829 trerm-

292 4857 372 4899 totam
391 4851 439 4900 ttbe'
456 4852 500 4902 M:
520 4853 569 4903 tibi
586 4854 740 4902 sotietatem
761 4851 790 4900 E.
813 4878 840 4887 -
880 4853 924 4903 at.
947 4855 975 4902 tn
994 4855 1100 4918 legendo
1120 4855 1281 4916 conscripto
1299 4851 1409 4901 retinere
1427 4849 1564 4900 Orelltus:
1584 4851 1613 4898 tn

292 4920 371 4984 enon
389 4921 447 4970 dote
465 4925 563 4984 scripto
581 4924 691 4971 retinere
709 4921 754 4980 M,
781 4923 811 4970 tn
828 4921 934 4987 legendo
952 4927 1051 4986 scripto
1069 4926 1179 4973 retinere
1197 4923 1236 4983 B,
1257 4923 1285 4971 io
1303 4921 1408 4986 lependo
1427 4927 1510 4970 terere
1529 4921 1559 4970 E.
1581 4945 1609 4954 -

290 4990 335 5040 35.
354 4991 554 5041 iucundissimos
572 4992 622 5042 Vb.
656 5013 684 5028 -·
722 4991 767 5042 39.
798 5001 871 5042 octus
896 4997 1101 5059 mutationesque
1119 4994 1279 5056 Madvigius.
1314 5015 1343 5026 -
1380 4991 1423 5041 tt.
1448 4987 1515 5054 euml
1534 5003 1612 5055 quom

260 5063 263 5072 ’
291 5061 329 5112 Μ.
350 5082 381 5096 -
416 5060 461 5110 42.
480 5076 505 5111 cs
523 5062 585 5126 quid
601 5064 638 5111 sta
655 5061 701 5122 M,
720 5075 764 5117 et.
783 5063 845 5128 qut.
866 5065 928 5126 quid
945 5067 981 5114 ais
998 5065 1157 5116 Cratander.
