3628 5876
278 354 382 472 'sss
752 407 1099 478 nnrsronsaunan
1121 415 1213 478 ssu.

319 567 398 634 sime
413 573 452 632 'et
477 583 572 654 qnam
596 563 792 632 creberrime
817 579 930 656 potero
965 569 1099 638 scribam
1131 571 1171 638 ad
1198 582 1240 638 te.
1296 573 1328 638 1.
1356 577 1401 640 Ne
1422 593 1553 642 movear
1573 573 1643 640 elus

319 663 532 743 sermonibus,
555 687 648 752 quem
664 665 786 732 tametsi
800 685 893 732 nemo
915 674 975 741 est,
998 665 1052 753 qui
1074 665 1182 732 videre
1202 666 1294 742 velit,
1318 676 1420 733 tamen
1442 689 1641 757 nequaqnam

318 759 452 847 proinde
480 779 517 824 ec
547 758 660 845 dignus
689 769 736 826 est
771 759 906 826 oderunt
926 759 1088 837 homines,
1115 761 1291 847 pericnlum
1312 782 1376 827 non
1397 771 1461 841 est;
1491 763 1572 829 adeo
1593 773 1644 828 est

319 853 403 918 enim
430 853 549 920 invisus
578 853 671 929 mibi,
703 863 738 921 nt
758 855 835 920 nibil
864 875 927 920 non
949 852 1096 920 acerbum
1118 866 1240 942 putem,
1275 853 1360 942 qnod
1381 876 1547 923 commune
1568 877 1642 924 cnm

295 947 374 1014 sillo
395 948 444 1014 sit.
500 953 615 1014 Natura
644 957 748 1014 antem
775 970 845 1014 mea
874 957 906 1014 et
927 949 1027 1016 studia
1048 949 1175 1015 trabunt
1195 971 1246 1014 me
1268 949 1308 1015 ad
1328 950 1414 1035 pacis
1436 960 1468 1016 et
1487 950 1642 1016 libertatis

320 1041 529 1127 cupiditatem.
578 1046 687 1129 ltaque
708 1041 786 1108 illud
807 1042 930 1108 initium
952 1043 1051 1110 civilis
1072 1040 1147 1109 belli
1168 1064 1264 1131 saepe
1285 1042 1409 1110 deflevi.
1463 1049 1540 1113 Cum
1562 1067 1642 1112 vero

319 1156 383 1201 non
411 1136 520 1201 liceret
550 1136 628 1202 mibi
659 1136 774 1202 nullius
805 1138 902 1222 partis
928 1157 1014 1212 esse,
1048 1136 1120 1222 quia
1156 1136 1325 1225 utrobique
1346 1158 1476 1223 magnos
1497 1139 1642 1206 inimicos

319 1227 489 1302 habebam,
526 1251 562 1296 ea
583 1239 685 1295 castra
705 1229 787 1315 fugi,
820 1231 852 1296 in
874 1230 988 1318 quibus
1009 1231 1100 1316 plane
1122 1241 1224 1298 tutum
1246 1253 1296 1296 me
1317 1229 1357 1296 ab
1379 1231 1501 1298 insidiis
1522 1233 1641 1298 inimici

320 1321 456 1390 sciebam
477 1343 540 1390 non
562 1323 717 1402 futurum;
739 1325 919 1410 compulsas
935 1345 990 1399 eo,
1012 1345 1077 1411 quo
1092 1324 1221 1390 minime
1235 1323 1398 1398 volebam,
1420 1347 1460 1392 ne
1481 1326 1515 1391 in
1537 1337 1643 1393 extre·

284 1432 311 1473 ¹⁰
321 1418 380 1483 mis
402 1437 522 1492 essem,
545 1417 635 1503 plane
656 1417 795 1504 pericula
817 1439 881 1483 non
902 1416 1082 1484 dubitanter
1095 1416 1168 1482 adii.
1212 1423 1243 1483 3.
1265 1422 1430 1485 Caesarem
1444 1441 1532 1496 vero,
1555 1421 1642 1508 quod

320 1533 371 1578 me
398 1510 430 1577 in
465 1519 548 1576 tanta
580 1510 706 1578 fortuna
733 1511 829 1577 modo
855 1512 1013 1598 cognitum
1043 1512 1325 1578 vetustissimorum
1346 1511 1548 1580 familiarium
1569 1515 1642 1582 loco

320 1604 444 1679 babuit,
476 1604 573 1670 dilexi
595 1626 717 1672 summa
739 1625 811 1670 cum
832 1605 946 1691 pietate
968 1614 999 1670 et
1020 1603 1091 1672 fide.
1147 1607 1237 1683 Quae
1263 1628 1333 1672 mea
1355 1607 1505 1673 sententia
1528 1629 1642 1694 gerere

320 1699 395 1766 mibi
417 1698 519 1773 licerit,
540 1699 583 1764 ita
604 1699 686 1774 leci,
708 1708 744 1764 ut
766 1699 902 1785 optimus
924 1700 1057 1786 quisque
1073 1697 1209 1764 maxime
1225 1700 1378 1785 probarit.
1422 1700 1517 1778 Quod
1537 1701 1643 1768 iussus

319 1814 408 1867 snm,
441 1812 481 1857 eo
512 1801 655 1880 tempore
682 1800 776 1878 atque
803 1793 846 1858 ita
868 1793 943 1869 feci,
976 1803 1010 1860 ut
1032 1802 1198 1879 appareret
1218 1795 1316 1861 invito
1339 1795 1525 1881 imperatum
1561 1815 1642 1860 esse.

284 1893 415 1958 saeuius
435 1885 508 1951 facti
529 1886 730 1954 iniustissima
751 1885 869 1952 invidia
900 1887 1028 1954 erudire
1049 1909 1100 1952 me
1121 1887 1239 1973 potuit,
1273 1909 1367 1976 quam
1388 1887 1525 1954 iucunda
1546 1887 1644 1954 liber·

320 1997 366 2053 tas
394 1993 425 2052 et
454 2007 547 2073 quam
578 1983 693 2050 misera
714 1979 773 2047 sub
795 1979 1006 2048 dominatione
1028 1982 1088 2047 rita
1110 1991 1202 2048 esset.
1244 1987 1306 2058 lta,
1342 1982 1369 2048 si
1395 1980 1428 2048 id
1449 1980 1570 2067 agitur,
1608 1991 1644 2048 nt

319 2103 431 2148 rursus
451 2086 484 2147 in
504 2084 657 2166 potestate
678 2076 783 2142 omnia
804 2074 897 2140 unius
918 2075 995 2149 sint,
1031 2074 1210 2163 quicunque
1230 2075 1258 2141 is
1280 2085 1343 2152 cst,
1366 2075 1395 2141 ei
1417 2096 1468 2142 me
1489 2073 1644 2162 profiteor

319 2175 489 2242 inimicum.
541 2177 605 2236 Nec
636 2169 810 2256 periculum
843 2167 1023 2244 astudam,
1060 2168 1146 2256 quod
1167 2190 1227 2256 pro
1247 2169 1392 2236 libertate
1414 2179 1467 2236 aut
1486 2169 1643 2254 refugiam

320 2280 375 2335 aut
395 2269 557 2354 deprecer.
599 2269 631 2330 1.
653 2260 715 2329 Sed
737 2261 881 2328 consules
902 2283 1004 2349 neque
1024 2273 1150 2330 senatus
1171 2264 1313 2330 consulto
1334 2284 1436 2350 neque
1450 2261 1562 2329 litteris
1577 2263 1644 2328 suis

282 2381 311 2418 a·
320 2369 545 2450 praeceperant
565 2356 659 2430 mibi,
681 2355 757 2443 quid
780 2355 927 2422 facerem.
970 2358 1050 2421 Unas
1071 2357 1155 2422 enim
1175 2365 1247 2444 post
1268 2357 1340 2424 ldns
1361 2355 1489 2422 Martias
1515 2355 1644 2422 demum

320 2477 339 2521 a
358 2461 458 2523 Pansa
478 2454 597 2520 litteras
616 2449 738 2536 accepi,
774 2448 808 2514 in
829 2447 944 2536 quibus
965 2447 1108 2516 bortatur
1129 2471 1199 2526 me,
1236 2460 1272 2517 ut
1292 2451 1413 2516 senatui
1434 2448 1569 2516 scribam
1592 2471 1644 2517 me

320 2558 352 2615 et
373 2547 547 2614 exercitum
566 2545 601 2610 in
621 2550 772 2630 potestate
794 2542 862 2609 eius
883 2540 1035 2608 futurum.
1088 2543 1199 2622 Quod,
1232 2565 1302 2611 eum
1324 2542 1461 2630 Lepidus
1482 2543 1646 2610 contiona-

320 2652 410 2708 retur
430 2651 525 2727 atque
545 2636 692 2705 omnibus
714 2634 866 2701 scriberet
886 2655 920 2700 se
941 2639 1117 2702 consentire
1139 2659 1209 2704 cum
1232 2638 1382 2710 munio,
1411 2636 1547 2704 maxime
1568 2658 1645 2702 con-

320 2737 452 2801 trarium
474 2732 542 2798 lirit.
584 2734 662 2796 Nam
683 2727 797 2816 quibus
819 2727 1044 2796 commeatibus
1065 2731 1163 2797 invito
1188 2731 1244 2798 illo
1264 2753 1322 2818 per
1342 2731 1426 2798 illius
1446 2731 1644 2818 provinciam

282 2847 311 2885 u
320 2829 462 2914 legiones
483 2825 654 2892 ducerem?
688 2830 756 2898 ant,
779 2821 807 2886 si
828 2832 932 2888 cetera
953 2824 1152 2900 transissem,
1174 2847 1250 2891 num
1271 2827 1365 2894 etiam
1385 2826 1479 2912 Alpes
1500 2833 1644 2912 poteram

320 2921 530 2995 transvolare,
563 2939 644 3006 quae
672 2916 829 3004 praesidio
862 2915 946 2983 illius
973 2924 1141 2984 tenenturt
1173 2918 1260 2985 Adde
1283 2918 1360 2993 buc,
1398 2917 1485 3007 quod
1506 2918 1644 3006 perferri

318 3016 440 3082 litterae
475 3014 559 3081 nulla
591 3012 775 3080 condicione
805 3020 989 3097 potuemnt3
1025 3011 1180 3078 sexcentis
1208 3013 1292 3080 enirn
1317 3013 1395 3079 locis
1424 3013 1643 3090 excutiuntur,

319 3107 432 3176 deinde
453 3109 547 3175 etiam
568 3105 745 3173 retinentur
765 3102 805 3170 ab
826 3105 947 3192 Lepido
968 3104 1133 3172 tabellarii.
1176 3112 1206 3172 5.
1228 3104 1308 3172 illud
1329 3127 1380 3173 me
1395 3106 1562 3174 Cordubae
1583 3127 1644 3192 pro

318 3203 465 3269 contione
486 3201 604 3268 dixisse
625 3219 718 3266 nemo
739 3197 864 3264 vocabit
884 3199 917 3265 in
938 3199 1083 3276 dubium,
1105 3201 1299 3286 provinciam
1320 3223 1371 3266 me
1392 3201 1490 3277 nulli,
1511 3201 1572 3266 nisi
1587 3200 1645 3288 qui

282 3296 359 3362 anab
381 3306 491 3362 senata
511 3295 625 3361 missus
645 3292 797 3367 venisset,
832 3293 1032 3362 traditurum.
1088 3299 1167 3360 Nam
1187 3294 1227 3360 de
1255 3294 1380 3380 legione
1401 3295 1560 3362 tricesima
1580 3303 1645 3359 tra·

319 3390 419 3457 denda
451 3397 583 3476 quantas
615 3387 829 3453 contentiones
864 3385 1029 3453 habuerim
1060 3387 1137 3475 quid
1165 3408 1225 3474 ego
1258 3388 1414 3455 scribant
1450 3409 1513 3475 qua
1528 3386 1644 3453 tradita

320 3491 437 3571 quanto
457 3503 517 3569 pro
538 3479 720 3568 republica
741 3479 896 3546 infirmior
916 3479 1041 3546 ferturus
1055 3481 1184 3556 inerim,
1207 3482 1277 3570 quis
1299 3481 1446 3568 ignorat?
1478 3486 1544 3549 Hac
1558 3481 1642 3548 enim

320 3577 443 3661 legione
465 3577 530 3642 noli
548 3576 652 3642 acrius
673 3584 727 3640 aut
748 3574 919 3660 pugnacius
934 3574 1104 3661 quidquam
1119 3584 1230 3660 putare
1245 3596 1324 3640 esse.
1370 3578 1476 3654 Quare
1496 3597 1570 3642 enm
1593 3595 1644 3638 me

320 3670 466 3734 existima
486 3689 571 3744 esse,
594 3667 649 3755 qui
670 3667 808 3754 primum
829 3666 914 3753 pacis
936 3667 1154 3753 cupidissimus
1175 3669 1235 3734 sim
1258 3700 1299 3713 -·
1320 3690 1429 3736 omnes
1451 3672 1535 3737 enirn
1556 3669 1642 3736 cives

282 3765 412 3849 aplane
433 3760 545 3829 studeo
576 3783 660 3828 esse
681 3761 783 3827 salvos
805 3795 863 3836 -,
886 3759 999 3827 deinde
1021 3763 1074 3848 qui
1097 3773 1128 3828 et
1149 3785 1200 3829 me
1222 3773 1253 3828 et
1274 3784 1340 3828 rem
1363 3762 1519 3849 publicam
1542 3761 1644 3829 vindi·

321 3877 393 3922 care
413 3857 446 3922 in
466 3855 642 3923 libertatem
664 3863 791 3943 paratus
812 3853 881 3920 sim.
934 3859 965 3920 6.
988 3855 1083 3933 Quod
1103 3855 1288 3922 familiarem
1310 3878 1414 3923 meum
1436 3866 1563 3924 tuorum
1587 3879 1644 3922 nu-

320 3971 410 4018 mero
432 3950 544 4026 babes,
573 3949 722 4037 opinione
754 3956 808 4013 tua
829 3947 907 4013 mibi
928 3955 1047 4035 gratius
1069 3957 1126 4016 est.
1180 3949 1309 4017 Invideo
1330 3950 1376 4016 illi
1396 3960 1520 4026 tamen,
1557 3949 1644 4037 quod

321 4045 459 4113 ambulat
480 4057 512 4113 et
531 4047 653 4112 iocatur
672 4053 786 4110 tecum.
830 4043 988 4121 Quaeres,
1010 4043 1117 4131 quanti
1133 4043 1315 4109 aestimem?
1348 4043 1382 4109 Si
1395 4065 1533 4130 unquam
1547 4043 1644 4109 licue-

319 4141 363 4206 rit
383 4141 492 4207 vivere
513 4141 545 4206 in
567 4141 651 4215 otio,
674 4136 862 4226 experieris3
883 4136 1004 4204 nnllam
1026 4137 1110 4202 enim
1132 4137 1297 4223 vestigium
1320 4136 1427 4204 abste
1449 4137 1643 4204 discessurus

283 4255 401 4301 susum.
457 4235 538 4302 lllnd
559 4235 762 4300 vehementer
782 4229 937 4305 admiror,
973 4250 1037 4296 non
1059 4231 1221 4318 scripsisse
1242 4241 1273 4297 te
1293 4230 1394 4306 mibi,
1433 4228 1589 4295 manendo
1610 4231 1643 4296 in

323 4327 481 4415 provincia
510 4349 550 4392 an
578 4324 721 4394 ducendo
757 4328 930 4390 exercitum
957 4323 989 4389 in
1021 4325 1140 4390 ltaliam
1170 4325 1383 4414 reipublicae
1405 4325 1503 4410 magis
1524 4324 1645 4392 satisfa-

322 4442 395 4487 cere
424 4421 554 4509 possim.
606 4424 674 4508 Ego
703 4418 846 4507 quidem,
881 4416 940 4483 etsi
974 4417 1050 4483 rnihi
1082 4419 1178 4486 tutius
1199 4441 1236 4486 ac
1256 4419 1360 4485 minus
1380 4417 1576 4485 laboriosum
1597 4427 1644 4485 est

393 4642 419 4691 1.
437 4655 556 4692 moveare
574 4639 613 4691 11.
643 4663 673 4675 -
709 4639 736 4688 ³.
755 4637 863 4700 perinde
881 4636 1040 4687 Cratander.
1071 4665 1104 4676 —-
1141 4639 1167 4690 ’1.
1192 4639 1329 4704 utrubique
1345 4639 1383 4691 11.
1417 4663 1447 4676 -
1484 4640 1529 4691 19.
1549 4639 1644 4690 littsss's

322 4712 376 4760 suls
394 4711 436 4762 lt:
467 4712 562 4761 ttttsrts
580 4709 609 4759 n.
645 4731 673 4744 -
709 4707 959 4759 tandilian&
992 4733 1022 4744 -
1060 4709 1102 4760 ae.
1128 4709 1318 4772 samoluall.
1347 4734 1379 4744 -
1416 4709 1644 4760 tumultum

323 4781 360 4832 lt.
383 4805 411 4818 -
449 4782 599 4831 suenum
617 4779 663 4838 ld,
683 4779 817 4842 mutans
835 4777 867 4826 n.
885 4802 918 4812 -
955 4777 998 4828 31.
1018 4783 1195 4830 contentiosus
1212 4781 1346 4831 buturum
1357 4779 1492 4830 Orellius:
1512 4781 1643 4830 romum

323 4850 456 4900 humanm
474 4850 520 4910 11,
546 4850 679 4899 habuerim
697 4849 873 4897 contractem
891 4847 922 4897 11.
949 4873 977 4884 -
1016 4849 1059 4900 ³³·
1077 4857 1174 4913 putore
1191 4863 1243 4900 asse
1261 4850 1303 4901 bl:
1320 4855 1417 4914 putore
1435 4849 1465 4899 11.
1485 4871 1517 4886 -
1553 4849 1597 4900 dd.
1615 4851 1644 4898 ts

324 4925 429 4969 tuorum
456 4920 613 4971 Lambinus.
642 4943 671 4956 -
710 4916 753 4968 ³8·
780 4917 852 4979 Quos
876 4931 916 4967 ras
933 4917 980 4977 11,
1011 4920 1082 4980 Quas
1109 4935 1149 4970 res
1176 4921 1206 4972 N.
1243 4921 1316 4971 Fort.
1340 4921 1469 4983 Quaeres,
1501 4921 1595 4983 quauta·
1615 4918 1644 4968 td

323 4991 463 5040 uminum
490 4990 541 5041 On.
574 5015 604 5028 —
642 4988 686 5040 311.
705 4985 925 5038 dismsumlla
950 5000 1094 5040 messum
1112 4990 1142 5041 s.
1169 5017 1200 5028 -
1236 4990 1280 5041 tl.
1297 4991 1438 5054 praumato
1455 4989 1512 5041 Vb:
1536 4990 1644 5054 pseudu-

323 5059 392 5110 etuus
410 5059 461 5121 Ι,
478 5061 647 5123 prouisum
664 5059 696 5110 B.
