3658 5930
640 455 715 518 LlB.
736 455 819 518 Xlll.
861 455 921 518 ΕΡ.
942 454 994 516 26.
1015 453 1067 518 27.
1089 454 1140 518 28.
1471 457 1532 520 675

207 609 313 676 locum
336 606 440 674 babeo
461 608 596 685 nullum,
618 608 674 674 ubi
697 610 817 676 facilius
840 629 908 674 esse
929 610 1047 696 possim
1071 631 1164 698 quam
1178 615 1320 678 Asturae.
1364 614 1426 681 Sed
1440 615 1530 702 quia,

208 707 264 792 qui
284 725 407 769 mecum
436 710 569 766 sunt-
591 704 705 779 credo,
736 704 821 791 quod
851 705 1037 769 maestitiam
1059 725 1159 770 meam
1185 727 1249 772 uon
1270 707 1375 773 lerunt
1396 745 1453 782 -,
1476 709 1532 774 do·

208 819 294 863 mum
315 805 500 884 properent,
537 797 595 863 etsi
616 809 758 884 poteram
780 819 960 874 remanere,
997 807 1116 874 tamen,
1146 810 1180 865 ut
1201 800 1313 886 scripsi
1335 801 1409 878 tibi,
1437 800 1533 889 proli-

208 893 309 958 ciscar
329 892 416 964 binc,
439 911 479 955 ne
501 892 629 958 relictus
649 893 768 959 videar.
814 897 886 972 Quo
901 900 1027 960 auteml
1049 895 1245 960 Lanuvium?
1268 899 1373 961 Conor
1387 895 1532 983 equidem

207 986 240 1051 in
263 985 481 1051 Tusculanum.
536 985 597 1050 Sed
627 986 737 1052 faciam
760 998 790 1053 te
812 992 915 1053 statim
936 989 1115 1054 certiorem.
1168 995 1216 1056 Tu
1237 989 1355 1054 litteras
1377 988 1556 1054 conficiens

207 1079 378 1165 Equidem,
401 1078 552 1144 credibile
574 1100 637 1144 non
659 1091 722 1155 cst,
746 1094 896 1168 quantum
917 1081 1052 1147 scribam
1075 1082 1141 1159 die;
1164 1088 1240 1169 quin
1262 1084 1355 1146 etiam
1377 1082 1531 1147 noctibus.

207 1173 290 1238 Nihil
312 1173 396 1238 enim
417 1173 529 1238 somni.
587 1174 662 1239 Heri
684 1175 776 1240 etiam
799 1174 889 1240 elleci
910 1176 1074 1261 epistolam
1096 1175 1134 1241 ad
1160 1181 1342 1253 Caesaream
1369 1174 1427 1240 tibi
1449 1181 1532 1240 enirn

207 1266 363 1353 placebat:
387 1289 480 1354 quam
509 1289 572 1334 non
602 1269 661 1334 luit
688 1269 804 1334 malum
831 1267 941 1344 scribi,
972 1269 999 1334 si
1020 1269 1102 1334 lorte
1125 1291 1204 1356 opus
1227 1291 1295 1335 esse
1316 1279 1454 1357 putares.
1497 1273 1534 1334 Ut

207 1361 334 1446 quidem
363 1382 445 1426 uunc
475 1370 536 1438 est,
570 1363 647 1428 nibil
676 1384 749 1428 saue
778 1373 825 1427 est
852 1383 979 1428 necesse
1006 1365 1138 1431 mittere.
1197 1363 1259 1429 Sed
1281 1363 1312 1428 id
1335 1363 1477 1451 quidem,
1500 1370 1534 1426 ut

208 1453 264 1519 tibi
286 1452 453 1520 videbitur.
506 1455 625 1522 Mittam
654 1465 757 1522 tamen
788 1456 826 1521 ad
855 1467 886 1522 te
914 1459 1096 1545 exemplum
1124 1457 1258 1524 fortasse
1285 1458 1445 1530 Lanuvio,
1474 1456 1572 1522 nisiro

207 1545 290 1614 lorte
312 1553 454 1615 Romam.
497 1550 559 1615 Sed
582 1571 651 1616 cras
673 1551 763 1617 scies.

651 1695 778 1758 nnnc.
819 1693 874 1775 (A.
900 1697 932 1760 u.
955 1697 987 1759 c.
1010 1693 1096 1772 ros)

691 1817 833 1881 CICERO
855 1819 1000 1884 ATTICO
1023 1820 1056 1882 S.

294 1931 321 1992 1.
343 1931 389 1992 De
410 1926 541 2012 epistola
563 1925 603 1990 ad
624 1929 806 2000 Caesarem,
840 1927 931 1994 nobis
952 1949 1030 1993 vero
1062 1948 1188 2015 semper
1207 1926 1380 1993 rectissime
1402 1926 1532 2014 placuit,

208 2031 243 2090 ut
263 2021 314 2088 isti
340 2031 411 2088 ante
432 2020 582 2104 legerent.
641 2021 738 2086 Aliter
766 2021 849 2086 enim
878 2021 1046 2087 luissemus
1075 2031 1106 2086 et
1127 2022 1159 2087 in
1182 2022 1239 2087 bos
1260 2021 1426 2087 inofficiosi
1448 2031 1479 2087 et
1500 2023 1531 2086 in
1547 2055 1572 2096 η

207 2115 452 2201 nosmetipsos,
489 2114 514 2178 si
537 2113 624 2178 illum
647 2113 797 2180 offensuri
819 2114 953 2189 luimus,
989 2136 1088 2201 paene
1114 2115 1294 2202 periculosi.
1351 2114 1404 2180 Isti
1427 2126 1531 2181 autem

207 2210 358 2296 ingenue;
392 2207 531 2294 mihique
553 2217 691 2291 gratum
721 2208 823 2294 quod,
846 2208 923 2293 quid
943 2211 1110 2284 sentirent,
1139 2231 1203 2274 non
1224 2209 1434 2278 reticuerunt:
1457 2209 1533 2275 illud

207 2323 285 2368 vero
306 2302 356 2368 vel
378 2302 512 2386 optime,
535 2302 622 2388 quod
642 2302 684 2366 ita
705 2300 802 2368 multa
823 2303 938 2368 mutari
960 2303 1083 2378 volunt,
1106 2313 1142 2368 ut
1163 2302 1241 2367 mibi
1255 2303 1295 2368 de
1313 2303 1437 2387 integro
1457 2305 1533 2369 scri·

207 2397 303 2464 bendi
328 2417 421 2462 causa
442 2417 504 2462 non
527 2397 580 2472 sit:
616 2417 803 2482 quamquam
826 2397 865 2462 de
889 2397 1034 2464 Parthico
1055 2396 1139 2462 bello
1161 2397 1236 2483 quid
1258 2404 1399 2482 spectare
1421 2395 1533 2472 debui,

206 2493 266 2558 nisi
290 2491 375 2578 quod
397 2490 483 2556 illum
505 2489 586 2555 velle
610 2489 807 2556 arbitrabar?
845 2491 939 2576 Quod
967 2490 1050 2556 enim
1072 2489 1155 2556 aliud
1178 2498 1395 2575 argumentum
1418 2491 1571 2578 episto-2⁰

206 2585 256 2651 lae
277 2594 403 2651 nostrae
424 2585 485 2650 nisi
506 2592 647 2652 κολακια
668 2583 749 2650 luit?
776 2588 838 2650 dn.
861 2584 886 2648 si
909 2605 962 2659 ea,
985 2605 1065 2669 quoa
1088 2585 1204 2671 optima
1219 2591 1378 2669 putarem,
1400 2585 1533 2650 suadere

206 2679 393 2754 voluissem,
427 2679 529 2746 oratio
556 2679 634 2744 mibi
666 2678 836 2745 defuisset?
872 2679 958 2744 Totis
994 2677 1091 2762 igitur
1118 2677 1229 2743 litteris
1256 2676 1334 2742 nibil
1367 2699 1447 2765 opus
1475 2689 1532 2744 est.

207 2773 266 2839 Ubi
300 2773 383 2838 enim
412 2784 586 2857 ἐπίτευγμα
615 2793 760 2856 magnum
792 2771 913 2836 nullum
944 2770 1012 2835 fieri
1041 2771 1155 2858 possit,
1184 2772 1375 2855 ἀπότευγμα
1396 2771 1447 2836 vel
1469 2793 1532 2838 non

207 2887 353 2954 magnum
384 2867 549 2933 molestum
578 2865 719 2931 futurum
741 2866 796 2938 sit,
834 2864 909 2951 quid
932 2885 1011 2950 opus
1033 2874 1080 2929 est
1102 2867 1411 2950 παρακινδυνεύειν1
1441 2887 1532 2952 prae-

207 2961 314 3026 sertim
336 2981 408 3026 cum
430 2960 506 3026 illud
528 2970 688 3036 occurrat,
721 2960 825 3032 illum,
852 2979 922 3024 cum
945 2969 1034 3024 antea
1056 2959 1132 3025 nibil
1154 2961 1350 3046 scripserim,
1373 2961 1570 3032 existima-as

206 3064 312 3119 turum
342 3074 410 3129 me,
446 3055 507 3119 nisi
536 3065 602 3120 toto
629 3053 714 3120 bollo
740 3054 900 3127 conlecto,
936 3053 1013 3117 nibil
1041 3055 1233 3140 scripturum
1264 3053 1372 3120 luisse.
1429 3059 1531 3140 Atque

207 3151 300 3211 etiam
328 3167 458 3222 vereor,
495 3168 536 3212 ua
565 3157 654 3234 putet
681 3169 732 3214 me
760 3149 820 3213 boc
851 3147 940 3232 quasi
970 3148 1095 3213 Catonis
1115 3155 1271 3232 μείλιγμα
1292 3169 1361 3212 esse
1382 3147 1531 3214 voluisse.

208 3240 292 3317 Quid
313 3242 462 3326 quaeris?
496 3242 593 3308 Valde
616 3264 665 3307 me
686 3240 881 3329 poenitebat;
914 3261 972 3305 uec
998 3241 1075 3305 mibi
1096 3241 1128 3306 in
1150 3242 1207 3307 bac
1230 3241 1356 3328 quidem
1379 3263 1415 3306 re
1441 3242 1531 3329 quid-

207 3354 301 3419 quam
330 3335 428 3419 magis
456 3344 491 3399 ut
512 3336 624 3401 vellem
645 3337 788 3402 accidere
809 3335 928 3422 potuit,
958 3355 1052 3421 quam
1075 3336 1160 3418 quod
1181 3335 1304 3414 σπουδή
1333 3345 1440 3400 nostra
1468 3357 1531 3401 non

207 3436 254 3492 est
285 3427 426 3514 probata.
477 3430 696 3496 lncidissemus
728 3431 822 3494 etiarn
850 3429 883 3494 in
912 3429 999 3503 illos,
1036 3432 1067 3492 ln
1100 3429 1146 3494 eis
1175 3429 1207 3493 in
1235 3437 1400 3513 cognatum
1431 3437 1569 3500 tuumne

207 3525 238 3592 2.
267 3523 329 3587 Sed
355 3523 453 3588 redeo
482 3523 521 3588 ad
551 3522 670 3589 hortos
723 3524 819 3589 Plane
844 3522 919 3588 illuc
947 3532 977 3586 te
999 3523 1047 3586 ire
1068 3522 1128 3587 nisi
1150 3531 1206 3588 tuo
1227 3542 1342 3608 magno
1364 3522 1532 3588 commodo

206 3617 290 3682 uolo.
334 3617 415 3683 Nihil
448 3617 531 3683 enim
557 3625 661 3702 urget.
704 3616 863 3702 Quidquid
892 3617 967 3691 erit,
1002 3637 1131 3702 operam
1160 3617 1192 3681 in
1214 3615 1348 3682 Faberio
1369 3636 1531 3702 ponamus.

206 3715 252 3774 De
281 3709 332 3776 die
363 3719 467 3776 tamen
499 3711 668 3785 auctionis,
705 3710 827 3796 siquid
851 3709 942 3774 scies.
986 3715 1082 3785 Eum,
1105 3711 1158 3797 qui
1181 3731 1198 3774 e
1223 3713 1362 3776 Cumano
1383 3719 1530 3786 venerat,

207 3802 291 3888 quod
313 3815 343 3870 et
364 3805 454 3892 plane
477 3803 581 3870 valere
603 3804 733 3871 Atticam
761 3801 922 3868 nuntiabat
943 3810 974 3868 et
995 3802 1112 3868 litteras
1134 3824 1168 3869 se
1189 3802 1306 3868 babere
1328 3802 1448 3881 aiebat,
1470 3814 1532 3871 sta-

206 3897 261 3963 tim
282 3898 322 3964 ad
342 3909 373 3964 te
395 3900 476 3965 misi.
1539 3922 1567 3966 aa

636 4042 779 4104 XXVIII.
822 4041 873 4116 (A.
896 4042 928 4104 d.
952 4041 984 4105 C.
1006 4041 1102 4121 709.)

691 4163 833 4227 CICERO
855 4163 999 4226 ATTlCO
1022 4163 1054 4225 S.

291 4278 319 4340 1.
346 4277 465 4340 Hortos
494 4274 642 4362 quoniam
670 4272 764 4346 bodie
796 4293 866 4337 eras
898 4272 1110 4358 inspecturus,
1147 4269 1220 4358 quid
1251 4271 1353 4336 visum
1382 4269 1439 4336 tibi
1469 4272 1528 4346 sit,

205 4386 275 4433 cras
296 4368 421 4434 scilicet.
464 4373 511 4434 De
540 4366 672 4433 Faberio
701 4375 819 4442 autem,
852 4386 922 4430 cum
946 4364 1075 4430 venerit.
1120 4367 1150 4428 2.
1172 4367 1218 4428 lle
1240 4364 1369 4450 epistola
1392 4363 1432 4429 ad
1455 4369 1530 4431 Cae-

273 4585 301 4637 4.
329 4587 404 4636 lanio
423 4586 468 4644 11,
499 4586 622 4635 Lanuvio
640 4584 680 4640 ll,
709 4585 830 4635 Lomtnto
850 4584 871 4633 l.
909 4582 997 4641 (Corc-
1018 4597 1033 4633 e
1052 4582 1136 4634 Codd.
1158 4583 1252 4637 lloali.)
1275 4607 1308 4618 ·-
1346 4597 1426 4632 coner
1451 4585 1474 4634 l.
1498 4609 1525 4619 -

205 4654 231 4707 b.
244 4655 372 4718 Equidem
382 4656 506 4706 credibile
517 4657 627 4706 iunctim
638 4655 717 4705 lland
731 4657 811 4706 Tura.
822 4654 1009 4717 1111119.-
1029 4653 1132 4704 dteom.
1141 4653 1201 4703 1111.
1213 4679 1243 4689 -
1256 4653 1405 4704 ⁸1.m'btleat
1416 4657 1485 4703 enlm
1496 4657 1527 4706 ll.

205 4729 294 4776 -10,
314 4727 470 4786 lunatobl,
493 4728 616 4777 Lamtnto
636 4726 658 4776 l.
678 4749 709 4762 -
747 4728 788 4776 lt.
815 4725 855 4774 Do
872 4721 993 4786 epistota]
1014 4725 1161 4785 Epistulam
1176 4722 1251 4773 Mill.
1289 4719 1334 4785 (Ut
1353 4738 1421 4783 nos,
1442 4725 1526 4776 Codd.

204 4796 278 4846 noan
297 4803 323 4847 et
342 4796 512 4853 Cratander.)
533 4823 561 4834 -—
600 4797 643 4846 15.
663 4795 887 4860 0111111111-
925 4794 968 4844 17.
987 4791 1059 4858 quid]
1081 4795 1126 4857 qul
1143 4793 1194 4843 111.
1216 4818 1245 4829 -
1265 4794 1432 4844 retinuerunt
1452 4796 1474 4845 1.
1497 4819 1526 4832 -

204 4866 248 4915 11.
269 4864 405 4930 nolente]
431 4867 532 4917 solacio
554 4867 599 4924 M,
629 4865 732 4916 Colatio
754 4868 796 4926 ll,
821 4865 929 4916 collatio
948 4864 970 4914 1.
993 4889 1022 4901 -
1056 4869 1181 4926 potorem
1197 4861 1412 4925 blllapotornm
1431 4865 1474 4916 18.
1496 4891 1528 4902 -

204 4937 248 4985 22.
270 4937 342 4988 Totis
359 4938 399 4986 ln'r
416 4938 502 5000 ἐρίων
519 4938 542 4987 1.
563 4961 594 4974 -
630 4935 674 4986 18.
694 4933 751 4998 nec]
771 4949 804 4984 na
820 4935 858 4986 11.
889 4960 917 4971 -
955 4929 1030 4996 mibi]
1049 4948 1109 4984 cum
1126 4932 1185 4991 111,
1206 4935 1274 4982 enlm
1292 4934 1324 4985 ll.
1362 4934 1529 4998 (Correxite

205 5005 273 5056 Cod.
297 5004 468 5071 Lambinus.)
499 5031 530 5044 -·
567 5007 611 5057 29.
638 5005 759 5057 accedere
784 5005 822 5056 ld.
850 5029 881 5040 —
918 5004 963 5055 31.
990 5005 1020 5052 in
1047 5017 1103 5052 om.
1129 5002 1205 5054 lllll.
1243 5003 1390 5064 (insertum
1409 5021 1424 5056 e
1443 5007 1527 5058 codd.

204 5077 301 5136 iterii.)
319 5101 355 5115 -
390 5077 435 5128 31.
454 5079 539 5128 attica
557 5091 599 5142 pr.
618 5076 664 5138 M,
683 5075 791 5126 Erotem
809 5075 978 5125 Schuetrlus.
998 5095 1034 5110 -
1069 5073 1113 5123 Sil.
1135 5085 1195 5123 croc
1213 5074 1237 5122 ει·
1254 5074 1315 5123 licat
1332 5075 1370 5126 11.
