<?xml version="1.0" encoding="UTF-8"?>
<!DOCTYPE html PUBLIC "-//W3C//DTD XHTML 1.0 Transitional//EN"
    "http://www.w3.org/TR/xhtml1/DTD/xhtml1-transitional.dtd">
<html xmlns="http://www.w3.org/1999/xhtml" xml:lang="en" lang="en">
 <head>
  <title>
</title>
<meta http-equiv="Content-Type" content="text/html;charset=utf-8" />
  <meta name='ocr-system' content='tesseract 3.04.00' />
  <meta name='ocr-capabilities' content='ocr_page ocr_carea ocr_par ocr_line ocrx_word'/>
</head>
<body>
  <div class='ocr_page' id='page_1' title='image "./mtulliiciceroni06baitgoog_0763.png"; bbox 0 0 3662 5892; ppageno 0'>
   <div class='ocr_carea' id='block_1_1' title="bbox 125 2322 194 2440">
    <p class='ocr_par' dir='ltr' id='par_1_1' title="bbox 125 2322 194 2440">
     <span class='ocr_line' id='line_1_1' title="bbox 125 2322 194 2440; baseline 0 -32"><span class='ocrx_word' id='word_1_1' title='bbox 125 2322 194 2440; x_wconf 59' lang='lat' dir='ltr'><strong>,a</strong></span> 
     </span>
    </p>
   </div>
   <div class='ocr_carea' id='block_1_2' title="bbox 309 371 1125 436">
    <p class='ocr_par' dir='ltr' id='par_1_2' title="bbox 309 371 1125 436">
     <span class='ocr_line' id='line_1_2' title="bbox 309 371 1125 436; baseline 0.005 -4"><span class='ocrx_word' id='word_1_2' title='bbox 309 371 372 432; x_wconf 76' lang='lat'><strong>702</strong></span> <span class='ocrx_word' id='word_1_3' title='bbox 795 373 854 436; x_wconf 86' lang='grc' dir='ltr'><strong>ΕΡ.</strong></span> <span class='ocrx_word' id='word_1_4' title='bbox 877 375 928 435; x_wconf 82' lang='grc' dir='ltr'><strong>ΔΙ)</strong></span> <span class='ocrx_word' id='word_1_5' title='bbox 952 373 1125 436; x_wconf 80' lang='lat' dir='ltr'><strong>dTl&#39;lCUM</strong></span> 
     </span>
    </p>
   </div>
   <div class='ocr_carea' id='block_1_3' title="bbox 271 526 1650 1063">
    <p class='ocr_par' dir='ltr' id='par_1_3' title="bbox 306 526 1650 898">
     <span class='ocr_line' id='line_1_3' title="bbox 307 526 1650 619; baseline 0.007 -24"><span class='ocrx_word' id='word_1_6' title='bbox 307 539 462 616; x_wconf 88' lang='lat' dir='ltr'><strong>putaram.</strong></span> <span class='ocrx_word' id='word_1_7' title='bbox 504 532 567 593; x_wconf 89' lang='lat' dir='ltr'><strong>Nec</strong></span> <span class='ocrx_word' id='word_1_8' title='bbox 589 547 665 592; x_wconf 88' lang='lat' dir='ltr'><strong>vere</strong></span> <span class='ocrx_word' id='word_1_9' title='bbox 687 526 862 605; x_wconf 89' lang='lat' dir='ltr'><strong>discedam,</strong></span> <span class='ocrx_word' id='word_1_10' title='bbox 885 529 944 594; x_wconf 93' lang='lat' dir='ltr'><strong>nisi</strong></span> <span class='ocrx_word' id='word_1_11' title='bbox 966 549 1037 596; x_wconf 91' lang='lat' dir='ltr'><strong>cum</strong></span> <span class='ocrx_word' id='word_1_12' title='bbox 1060 538 1094 595; x_wconf 90' lang='lat' dir='ltr'><strong>tn</strong></span> <span class='ocrx_word' id='word_1_13' title='bbox 1115 549 1166 594; x_wconf 89' lang='lat' dir='ltr'><strong>me</strong></span> <span class='ocrx_word' id='word_1_14' title='bbox 1186 529 1221 597; x_wconf 89' lang='lat' dir='ltr'><strong>id</strong></span> <span class='ocrx_word' id='word_1_15' title='bbox 1241 529 1373 597; x_wconf 86' lang='lat' dir='ltr'><strong>honeste</strong></span> <span class='ocrx_word' id='word_1_16' title='bbox 1391 533 1517 619; x_wconf 84' lang='lat' dir='ltr'><strong>putabis</strong></span> <span class='ocrx_word' id='word_1_17' title='bbox 1533 535 1650 604; x_wconf 84' lang='lat' dir='ltr'><strong>lacere</strong></span> 
     </span>
     <span class='ocr_line' id='line_1_4' title="bbox 308 621 1648 711; baseline 0.008 -24"><span class='ocrx_word' id='word_1_18' title='bbox 308 643 410 710; x_wconf 89' lang='lat' dir='ltr'><strong>posse.</strong></span> <span class='ocrx_word' id='word_1_19' title='bbox 452 626 551 687; x_wconf 89' lang='lat' dir='ltr'><strong>Bruto</strong></span> <span class='ocrx_word' id='word_1_20' title='bbox 573 630 659 686; x_wconf 91' lang='lat' dir='ltr'><strong>certe</strong></span> <span class='ocrx_word' id='word_1_21' title='bbox 680 642 752 686; x_wconf 93' lang='lat' dir='ltr'><strong>meo</strong></span> <span class='ocrx_word' id='word_1_22' title='bbox 774 622 860 688; x_wconf 91' lang='lat' dir='ltr'><strong>nullo</strong></span> <span class='ocrx_word' id='word_1_23' title='bbox 882 622 953 688; x_wconf 90' lang='lat' dir='ltr'><strong>loco</strong></span> <span class='ocrx_word' id='word_1_24' title='bbox 975 621 1088 700; x_wconf 88' lang='lat' dir='ltr'><strong>deero;</strong></span> <span class='ocrx_word' id='word_1_25' title='bbox 1110 622 1220 711; x_wconf 89' lang='lat' dir='ltr'><strong>idque,</strong></span> <span class='ocrx_word' id='word_1_26' title='bbox 1244 624 1366 690; x_wconf 91' lang='lat' dir='ltr'><strong>etiamsi</strong></span> <span class='ocrx_word' id='word_1_27' title='bbox 1388 627 1466 694; x_wconf 92' lang='lat' dir='ltr'><strong>mihi</strong></span> <span class='ocrx_word' id='word_1_28' title='bbox 1487 650 1561 696; x_wconf 88' lang='lat' dir='ltr'><strong>cnm</strong></span> <span class='ocrx_word' id='word_1_29' title='bbox 1584 632 1648 698; x_wconf 87' lang='lat' dir='ltr'><strong>illo</strong></span> 
     </span>
     <span class='ocr_line' id='line_1_5' title="bbox 308 712 1643 806; baseline 0.008 -25"><span class='ocrx_word' id='word_1_30' title='bbox 308 716 382 782; x_wconf 93' lang='lat' dir='ltr'><strong>nibil</strong></span> <span class='ocrx_word' id='word_1_31' title='bbox 405 715 528 790; x_wconf 90' lang='lat' dir='ltr'><strong>luisset,</strong></span> <span class='ocrx_word' id='word_1_32' title='bbox 555 712 695 780; x_wconf 86' lang='lat' dir='ltr'><strong>facerem</strong></span> <span class='ocrx_word' id='word_1_33' title='bbox 717 725 848 801; x_wconf 91' lang='lat' dir='ltr'><strong>propter</strong></span> <span class='ocrx_word' id='word_1_34' title='bbox 869 717 938 782; x_wconf 86' lang='lat' dir='ltr'><strong>eius</strong></span> <span class='ocrx_word' id='word_1_35' title='bbox 959 715 1149 801; x_wconf 76' lang='lat' dir='ltr'><strong>singularem</strong></span> <span class='ocrx_word' id='word_1_36' title='bbox 1171 717 1452 806; x_wconf 82' lang='lat' dir='ltr'>incredibilemque</span> <span class='ocrx_word' id='word_1_37' title='bbox 1475 724 1643 792; x_wconf 85' lang='lat' dir='ltr'><strong>virtutem.</strong></span> 
     </span>
     <span class='ocr_line' id='line_1_6' title="bbox 306 808 1645 898; baseline 0.009 -24"><span class='ocrx_word' id='word_1_38' title='bbox 306 813 338 877; x_wconf 77' lang='lat' dir='ltr'><strong>i.</strong></span> <span class='ocrx_word' id='word_1_39' title='bbox 360 809 455 874; x_wconf 79' lang='lat' dir='ltr'>Piliae</span> <span class='ocrx_word' id='word_1_40' title='bbox 476 817 603 874; x_wconf 89' lang='lat' dir='ltr'><strong>nostrae</strong></span> <span class='ocrx_word' id='word_1_41' title='bbox 625 808 731 874; x_wconf 87' lang='lat' dir='ltr'><strong>villam</strong></span> <span class='ocrx_word' id='word_1_42' title='bbox 752 817 865 884; x_wconf 88' lang='lat' dir='ltr'><strong>totam,</strong></span> <span class='ocrx_word' id='word_1_43' title='bbox 902 831 1048 898; x_wconf 91' lang='lat' dir='ltr'><strong>quaeque</strong></span> <span class='ocrx_word' id='word_1_44' title='bbox 1069 811 1103 876; x_wconf 94' lang='lat' dir='ltr'><strong>in</strong></span> <span class='ocrx_word' id='word_1_45' title='bbox 1125 811 1199 878; x_wconf 82' lang='lat' dir='ltr'><strong>villa</strong></span> <span class='ocrx_word' id='word_1_46' title='bbox 1220 821 1308 886; x_wconf 90' lang='lat' dir='ltr'><strong>sunt,</strong></span> <span class='ocrx_word' id='word_1_47' title='bbox 1344 813 1451 889; x_wconf 91' lang='lat' dir='ltr'><strong>trado,</strong></span> <span class='ocrx_word' id='word_1_48' title='bbox 1485 817 1516 882; x_wconf 93' lang='lat' dir='ltr'><strong>in</strong></span> <span class='ocrx_word' id='word_1_49' title='bbox 1544 825 1645 886; x_wconf 87' lang='lat' dir='ltr'><strong>Pom-</strong></span> 
     </span>
    </p>

    <p class='ocr_par' dir='ltr' id='par_1_4' title="bbox 271 900 1641 1063">
     <span class='ocr_line' id='line_1_7' title="bbox 271 900 1641 995; baseline 0.01 -30"><span class='ocrx_word' id='word_1_50' title='bbox 271 941 285 977; x_wconf 71' lang='lat'><strong>,</strong></span> <span class='ocrx_word' id='word_1_51' title='bbox 307 901 455 988; x_wconf 89' lang='lat' dir='ltr'><strong>peianum</strong></span> <span class='ocrx_word' id='word_1_52' title='bbox 475 902 543 988; x_wconf 89' lang='lat' dir='ltr'><strong>ipse</strong></span> <span class='ocrx_word' id='word_1_53' title='bbox 564 900 765 987; x_wconf 85' lang='lat' dir='ltr'><strong>proficiscens</strong></span> <span class='ocrx_word' id='word_1_54' title='bbox 786 902 916 970; x_wconf 87' lang='lat' dir='ltr'><strong>Kalend.</strong></span> <span class='ocrx_word' id='word_1_55' title='bbox 937 905 1037 972; x_wconf 92' lang='lat' dir='ltr'><strong>Maiis.</strong></span> <span class='ocrx_word' id='word_1_56' title='bbox 1082 908 1185 983; x_wconf 89' lang='lat' dir='ltr'><strong>Quam</strong></span> <span class='ocrx_word' id='word_1_57' title='bbox 1205 906 1300 972; x_wconf 80' lang='lat' dir='ltr'><strong>selim</strong></span> <span class='ocrx_word' id='word_1_58' title='bbox 1317 911 1416 973; x_wconf 87' lang='lat' dir='ltr'><strong>Bruto</strong></span> <span class='ocrx_word' id='word_1_59' title='bbox 1430 913 1641 995; x_wconf 78' lang='lat' dir='ltr'><strong>persuadeas,</strong></span> 
     </span>
     <span class='ocr_line' id='line_1_8' title="bbox 307 995 568 1063; baseline 0 -3"><span class='ocrx_word' id='word_1_60' title='bbox 307 1005 342 1060; x_wconf 92' lang='lat' dir='ltr'><strong>ut</strong></span> <span class='ocrx_word' id='word_1_61' title='bbox 363 999 496 1063; x_wconf 84' lang='lat' dir='ltr'><strong>Asturae</strong></span> <span class='ocrx_word' id='word_1_62' title='bbox 518 995 568 1062; x_wconf 90' lang='lat' dir='ltr'><strong>sit.</strong></span> 
     </span>
    </p>
   </div>
   <div class='ocr_carea' id='block_1_4' title="bbox 758 1136 1171 1226">
    <p class='ocr_par' dir='ltr' id='par_1_5' title="bbox 758 1136 1171 1226">
     <span class='ocr_line' id='line_1_9' title="bbox 758 1136 1171 1226; baseline 0.007 -24"><span class='ocrx_word' id='word_1_63' title='bbox 758 1140 839 1204; x_wconf 80' lang='lat' dir='ltr'><strong>ru.</strong></span> <span class='ocrx_word' id='word_1_64' title='bbox 883 1136 939 1222; x_wconf 80' lang='grc'><strong>(1.</strong></span> <span class='ocrx_word' id='word_1_65' title='bbox 966 1141 997 1204; x_wconf 86' lang='lat' dir='ltr'><strong>u.</strong></span> <span class='ocrx_word' id='word_1_66' title='bbox 1021 1142 1052 1204; x_wconf 83' lang='lat' dir='ltr'><strong>u</strong></span> <span class='ocrx_word' id='word_1_67' title='bbox 1075 1138 1171 1226; x_wconf 80' lang='lat' dir='ltr'><strong>mo.)</strong></span> 
     </span>
    </p>
   </div>
   <div class='ocr_carea' id='block_1_5' title="bbox 783 1261 1146 1326">
    <p class='ocr_par' dir='ltr' id='par_1_6' title="bbox 783 1261 1146 1326">
     <span class='ocr_line' id='line_1_10' title="bbox 783 1261 1146 1326; baseline 0 0"><span class='ocrx_word' id='word_1_68' title='bbox 783 1262 926 1326; x_wconf 87' lang='lat' dir='ltr'>CICERO</span> <span class='ocrx_word' id='word_1_69' title='bbox 948 1261 1090 1326; x_wconf 80' lang='lat' dir='ltr'>ATTICO</span> <span class='ocrx_word' id='word_1_70' title='bbox 1114 1265 1146 1326; x_wconf 90' lang='lat' dir='ltr'><strong>S.</strong></span> 
     </span>
    </p>
   </div>
   <div class='ocr_carea' id='block_1_6' title="bbox 262 1371 1636 3418">
    <p class='ocr_par' dir='ltr' id='par_1_7' title="bbox 392 1371 1636 1468">
     <span class='ocr_line' id='line_1_11' title="bbox 392 1371 1636 1468; baseline 0.006 -28"><span class='ocrx_word' id='word_1_71' title='bbox 392 1377 419 1440; x_wconf 89' lang='lat'><strong>1.</strong></span> <span class='ocrx_word' id='word_1_72' title='bbox 453 1392 485 1438; x_wconf 89' lang='lat' dir='ltr'><strong>v.</strong></span> <span class='ocrx_word' id='word_1_73' title='bbox 514 1377 592 1437; x_wconf 92' lang='lat' dir='ltr'><strong>Non.</strong></span> <span class='ocrx_word' id='word_1_74' title='bbox 621 1372 833 1438; x_wconf 88' lang='lat' dir='ltr'><strong>conscendens</strong></span> <span class='ocrx_word' id='word_1_75' title='bbox 854 1371 893 1438; x_wconf 92' lang='lat' dir='ltr'><strong>ab</strong></span> <span class='ocrx_word' id='word_1_76' title='bbox 916 1373 1014 1438; x_wconf 89' lang='lat' dir='ltr'><strong>hortis</strong></span> <span class='ocrx_word' id='word_1_77' title='bbox 1044 1372 1200 1439; x_wconf 77' lang='lat' dir='ltr'><strong>Cluuianis</strong></span> <span class='ocrx_word' id='word_1_78' title='bbox 1222 1374 1254 1440; x_wconf 93' lang='lat' dir='ltr'><strong>in</strong></span> <span class='ocrx_word' id='word_1_79' title='bbox 1277 1375 1440 1461; x_wconf 81' lang='lat' dir='ltr'><strong>phaselum</strong></span> <span class='ocrx_word' id='word_1_80' title='bbox 1464 1380 1636 1468; x_wconf 82' lang='lat' dir='ltr'><strong>epicopum</strong></span> 
     </span>
    </p>

    <p class='ocr_par' dir='ltr' id='par_1_8' title="bbox 262 1466 1636 3418">
     <span class='ocr_line' id='line_1_12' title="bbox 272 1466 1636 1562; baseline 0.006 -29"><span class='ocrx_word' id='word_1_81' title='bbox 272 1469 361 1536; x_wconf 73' lang='lat' dir='ltr'><strong>rohas</strong></span> <span class='ocrx_word' id='word_1_82' title='bbox 382 1468 456 1535; x_wconf 90' lang='lat' dir='ltr'><strong>dedi</strong></span> <span class='ocrx_word' id='word_1_83' title='bbox 475 1467 609 1542; x_wconf 90' lang='lat' dir='ltr'><strong>litteras,</strong></span> <span class='ocrx_word' id='word_1_84' title='bbox 639 1487 710 1532; x_wconf 92' lang='lat' dir='ltr'><strong>cum</strong></span> <span class='ocrx_word' id='word_1_85' title='bbox 732 1467 830 1533; x_wconf 88' lang='lat' dir='ltr'><strong>Piliae</strong></span> <span class='ocrx_word' id='word_1_86' title='bbox 852 1476 976 1531; x_wconf 89' lang='lat' dir='ltr'><strong>nostrae</strong></span> <span class='ocrx_word' id='word_1_87' title='bbox 999 1466 1103 1531; x_wconf 88' lang='lat' dir='ltr'><strong>villam</strong></span> <span class='ocrx_word' id='word_1_88' title='bbox 1125 1466 1165 1533; x_wconf 94' lang='lat' dir='ltr'><strong>ad</strong></span> <span class='ocrx_word' id='word_1_89' title='bbox 1186 1469 1372 1543; x_wconf 93' lang='lat' dir='ltr'><strong>Lucrinum,</strong></span> <span class='ocrx_word' id='word_1_90' title='bbox 1396 1472 1534 1548; x_wconf 91' lang='lat' dir='ltr'><strong>villicos,</strong></span> <span class='ocrx_word' id='word_1_91' title='bbox 1557 1497 1636 1562; x_wconf 90' lang='lat' dir='ltr'><strong>pro-</strong></span> 
     </span>
     <span class='ocr_line' id='line_1_13' title="bbox 305 1559 1635 1652; baseline 0.005 -24"><span class='ocrx_word' id='word_1_92' title='bbox 305 1573 466 1630; x_wconf 73' lang='lat' dir='ltr'><strong>curatores</strong></span> <span class='ocrx_word' id='word_1_93' title='bbox 487 1561 693 1626; x_wconf 79' lang='lat' dir='ltr'><strong>tradidissem.</strong></span> <span class='ocrx_word' id='word_1_94' title='bbox 750 1566 821 1647; x_wconf 91' lang='lat' dir='ltr'><strong>lpse</strong></span> <span class='ocrx_word' id='word_1_95' title='bbox 843 1570 945 1626; x_wconf 90' lang='lat' dir='ltr'><strong>autem</strong></span> <span class='ocrx_word' id='word_1_96' title='bbox 973 1581 1012 1625; x_wconf 91' lang='lat' dir='ltr'><strong>eo</strong></span> <span class='ocrx_word' id='word_1_97' title='bbox 1040 1559 1091 1625; x_wconf 89' lang='lat' dir='ltr'><strong>die</strong></span> <span class='ocrx_word' id='word_1_98' title='bbox 1116 1560 1150 1626; x_wconf 90' lang='lat' dir='ltr'><strong>in</strong></span> <span class='ocrx_word' id='word_1_99' title='bbox 1172 1563 1258 1628; x_wconf 86' lang='lat' dir='ltr'><strong>Paeti</strong></span> <span class='ocrx_word' id='word_1_100' title='bbox 1279 1565 1379 1630; x_wconf 81' lang='lat' dir='ltr'><strong>nostri</strong></span> <span class='ocrx_word' id='word_1_101' title='bbox 1403 1568 1635 1652; x_wconf 79' lang='lat' dir='ltr'><strong>tyrotarichum</strong></span> 
     </span>
     <span class='ocr_line' id='line_1_14' title="bbox 305 1654 1633 1748; baseline 0 -22"><span class='ocrx_word' id='word_1_102' title='bbox 305 1655 519 1734; x_wconf 89' lang='lat' dir='ltr'><strong>imminebam;</strong></span> <span class='ocrx_word' id='word_1_103' title='bbox 556 1660 721 1742; x_wconf 88' lang='lat' dir='ltr'><strong>perpaucis</strong></span> <span class='ocrx_word' id='word_1_104' title='bbox 749 1654 859 1720; x_wconf 89' lang='lat' dir='ltr'><strong>diebus</strong></span> <span class='ocrx_word' id='word_1_105' title='bbox 888 1654 920 1718; x_wconf 93' lang='lat' dir='ltr'><strong>in</strong></span> <span class='ocrx_word' id='word_1_106' title='bbox 942 1655 1183 1739; x_wconf 88' lang='lat' dir='ltr'><strong>Pompeianum;</strong></span> <span class='ocrx_word' id='word_1_107' title='bbox 1218 1666 1287 1742; x_wconf 92' lang='lat' dir='ltr'><strong>post</strong></span> <span class='ocrx_word' id='word_1_108' title='bbox 1310 1658 1341 1722; x_wconf 94' lang='lat' dir='ltr'><strong>in</strong></span> <span class='ocrx_word' id='word_1_109' title='bbox 1365 1657 1442 1748; x_wconf 87' lang='lat' dir='ltr'><strong>haec</strong></span> <span class='ocrx_word' id='word_1_110' title='bbox 1463 1661 1633 1726; x_wconf 88' lang='lat' dir='ltr'><strong>Puteolana</strong></span> 
     </span>
     <span class='ocr_line' id='line_1_15' title="bbox 305 1747 1633 1837; baseline 0.001 -18"><span class='ocrx_word' id='word_1_111' title='bbox 305 1763 337 1820; x_wconf 89' lang='lat' dir='ltr'><strong>et</strong></span> <span class='ocrx_word' id='word_1_112' title='bbox 358 1756 495 1818; x_wconf 90' lang='lat' dir='ltr'><strong>Cumana</strong></span> <span class='ocrx_word' id='word_1_113' title='bbox 516 1769 613 1834; x_wconf 81' lang='lat' dir='ltr'><strong>regna</strong></span> <span class='ocrx_word' id='word_1_114' title='bbox 634 1748 831 1833; x_wconf 80' lang='lat' dir='ltr'><strong>renavigare.</strong></span> <span class='ocrx_word' id='word_1_115' title='bbox 877 1749 903 1812; x_wconf 93' lang='lat'>0</span> <span class='ocrx_word' id='word_1_116' title='bbox 925 1747 994 1814; x_wconf 89' lang='lat' dir='ltr'><strong>loca</strong></span> <span class='ocrx_word' id='word_1_117' title='bbox 1016 1749 1177 1835; x_wconf 90' lang='lat' dir='ltr'><strong>ceteroqui</strong></span> <span class='ocrx_word' id='word_1_118' title='bbox 1199 1750 1290 1816; x_wconf 87' lang='lat' dir='ltr'><strong>valde</strong></span> <span class='ocrx_word' id='word_1_119' title='bbox 1312 1752 1506 1837; x_wconf 80' lang='lat' dir='ltr'><strong>expetenda,</strong></span> <span class='ocrx_word' id='word_1_120' title='bbox 1535 1754 1633 1820; x_wconf 89' lang='lat' dir='ltr'><strong>inter·</strong></span> 
     </span>
     <span class='ocr_line' id='line_1_16' title="bbox 304 1841 1632 1935; baseline -0.001 -21"><span class='ocrx_word' id='word_1_121' title='bbox 304 1845 485 1935; x_wconf 84' lang='lat' dir='ltr'><strong>pellentium</strong></span> <span class='ocrx_word' id='word_1_122' title='bbox 512 1848 617 1908; x_wconf 82' lang='lat' dir='ltr'><strong>autem</strong></span> <span class='ocrx_word' id='word_1_123' title='bbox 647 1841 845 1908; x_wconf 90' lang='lat' dir='ltr'><strong>multitudine</strong></span> <span class='ocrx_word' id='word_1_124' title='bbox 872 1862 973 1928; x_wconf 90' lang='lat' dir='ltr'><strong>paene</strong></span> <span class='ocrx_word' id='word_1_125' title='bbox 1001 1841 1169 1928; x_wconf 78' lang='lat' dir='ltr'><strong>fugiendat</strong></span> <span class='ocrx_word' id='word_1_126' title='bbox 1206 1848 1236 1908; x_wconf 77' lang='lat'><strong>2.</strong></span> <span class='ocrx_word' id='word_1_127' title='bbox 1267 1843 1330 1910; x_wconf 89' lang='lat' dir='ltr'><strong>Sed</strong></span> <span class='ocrx_word' id='word_1_128' title='bbox 1359 1843 1399 1910; x_wconf 90' lang='lat' dir='ltr'><strong>ad</strong></span> <span class='ocrx_word' id='word_1_129' title='bbox 1426 1867 1493 1910; x_wconf 92' lang='lat' dir='ltr'><strong>rem</strong></span> <span class='ocrx_word' id='word_1_130' title='bbox 1523 1857 1559 1912; x_wconf 91' lang='lat' dir='ltr'><strong>ut</strong></span> <span class='ocrx_word' id='word_1_131' title='bbox 1577 1870 1632 1913; x_wconf 86' lang='lat' dir='ltr'><strong>ve·</strong></span> 
     </span>
     <span class='ocr_line' id='line_1_17' title="bbox 269 1935 1629 2028; baseline -0.001 -21"><span class='ocrx_word' id='word_1_132' title='bbox 269 1942 404 2013; x_wconf 72' lang='lat' dir='ltr'><strong>isniam,</strong></span> <span class='ocrx_word' id='word_1_133' title='bbox 428 1959 447 2004; x_wconf 93' lang='grc' dir='ltr'>ο</span> <span class='ocrx_word' id='word_1_134' title='bbox 470 1937 651 2004; x_wconf 83' lang='lat' dir='ltr'><strong>Dolabellae</strong></span> <span class='ocrx_word' id='word_1_135' title='bbox 673 1935 774 2002; x_wconf 89' lang='lat' dir='ltr'><strong>nostri</strong></span> <span class='ocrx_word' id='word_1_136' title='bbox 795 1955 936 2028; x_wconf 73' lang='lat' dir='ltr'><strong>magnam</strong></span> <span class='ocrx_word' id='word_1_137' title='bbox 961 1937 1148 2018; x_wconf 80' lang='grc' dir='ltr'><em>ἁριστείανΙ</em></span> <span class='ocrx_word' id='word_1_138' title='bbox 1182 1947 1296 2022; x_wconf 90' lang='lat' dir='ltr'><strong>quanta</strong></span> <span class='ocrx_word' id='word_1_139' title='bbox 1318 1947 1365 2004; x_wconf 89' lang='lat' dir='ltr'><strong>est</strong></span> <span class='ocrx_word' id='word_1_140' title='bbox 1387 1939 1629 2026; x_wconf 69' lang='lat' dir='ltr'><strong>dvehedpqccfl</strong></span> 
     </span>
     <span class='ocr_line' id='line_1_18' title="bbox 302 2029 1631 2122; baseline -0.002 -20"><span class='ocrx_word' id='word_1_141' title='bbox 302 2033 456 2122; x_wconf 85' lang='lat' dir='ltr'><strong>Equidem</strong></span> <span class='ocrx_word' id='word_1_142' title='bbox 478 2030 606 2096; x_wconf 88' lang='lat' dir='ltr'><strong>laudare</strong></span> <span class='ocrx_word' id='word_1_143' title='bbox 628 2052 701 2096; x_wconf 89' lang='lat' dir='ltr'><strong>eum</strong></span> <span class='ocrx_word' id='word_1_144' title='bbox 723 2039 755 2096; x_wconf 89' lang='lat' dir='ltr'><strong>et</strong></span> <span class='ocrx_word' id='word_1_145' title='bbox 776 2029 895 2095; x_wconf 92' lang='lat' dir='ltr'><strong>hortari</strong></span> <span class='ocrx_word' id='word_1_146' title='bbox 918 2049 981 2094; x_wconf 90' lang='lat' dir='ltr'><strong>nou</strong></span> <span class='ocrx_word' id='word_1_147' title='bbox 1003 2029 1129 2096; x_wconf 87' lang='lat' dir='ltr'><strong>desisto.</strong></span> <span class='ocrx_word' id='word_1_148' title='bbox 1173 2036 1268 2096; x_wconf 86' lang='lat' dir='ltr'><strong>Recte</strong></span> <span class='ocrx_word' id='word_1_149' title='bbox 1289 2041 1325 2097; x_wconf 90' lang='lat' dir='ltr'><strong>tu</strong></span> <span class='ocrx_word' id='word_1_150' title='bbox 1346 2031 1493 2098; x_wconf 88' lang='lat' dir='ltr'><strong>omnibns</strong></span> <span class='ocrx_word' id='word_1_151' title='bbox 1515 2035 1631 2120; x_wconf 91' lang='lat' dir='ltr'><strong>episto-</strong></span> 
     </span>
     <span class='ocr_line' id='line_1_19' title="bbox 303 2122 1630 2212; baseline 0 -17"><span class='ocrx_word' id='word_1_152' title='bbox 303 2129 341 2196; x_wconf 88' lang='lat' dir='ltr'><strong>lis</strong></span> <span class='ocrx_word' id='word_1_153' title='bbox 363 2125 533 2212; x_wconf 77' lang='lat' dir='ltr'><strong>significas,</strong></span> <span class='ocrx_word' id='word_1_154' title='bbox 570 2123 711 2212; x_wconf 92' lang='lat' dir='ltr'><strong>quidde</strong></span> <span class='ocrx_word' id='word_1_155' title='bbox 740 2145 793 2197; x_wconf 92' lang='lat' dir='ltr'><strong>re,</strong></span> <span class='ocrx_word' id='word_1_156' title='bbox 831 2122 968 2211; x_wconf 92' lang='lat' dir='ltr'><strong>quidde</strong></span> <span class='ocrx_word' id='word_1_157' title='bbox 990 2124 1061 2189; x_wconf 82' lang='lat' dir='ltr'><strong>viro</strong></span> <span class='ocrx_word' id='word_1_158' title='bbox 1089 2125 1214 2190; x_wconf 90' lang='lat' dir='ltr'><strong>sentias.</strong></span> <span class='ocrx_word' id='word_1_159' title='bbox 1257 2125 1332 2192; x_wconf 85' lang='lat' dir='ltr'><strong>Mihi</strong></span> <span class='ocrx_word' id='word_1_160' title='bbox 1355 2127 1483 2212; x_wconf 91' lang='lat' dir='ltr'><strong>quidem</strong></span> <span class='ocrx_word' id='word_1_161' title='bbox 1506 2127 1630 2194; x_wconf 90' lang='lat' dir='ltr'><strong>videtur</strong></span> 
     </span>
     <span class='ocr_line' id='line_1_20' title="bbox 301 2218 1629 2306; baseline -0.002 -16"><span class='ocrx_word' id='word_1_162' title='bbox 301 2230 416 2290; x_wconf 88' lang='lat' dir='ltr'><strong>Brutus</strong></span> <span class='ocrx_word' id='word_1_163' title='bbox 449 2229 557 2284; x_wconf 90' lang='lat' dir='ltr'><strong>noster</strong></span> <span class='ocrx_word' id='word_1_164' title='bbox 588 2219 652 2284; x_wconf 91' lang='lat' dir='ltr'><strong>iam</strong></span> <span class='ocrx_word' id='word_1_165' title='bbox 681 2218 732 2283; x_wconf 83' lang='lat' dir='ltr'><strong>vel</strong></span> <span class='ocrx_word' id='word_1_166' title='bbox 758 2238 908 2283; x_wconf 87' lang='lat' dir='ltr'><strong>coronam</strong></span> <span class='ocrx_word' id='word_1_167' title='bbox 935 2235 1065 2283; x_wconf 89' lang='lat' dir='ltr'><strong>auream</strong></span> <span class='ocrx_word' id='word_1_168' title='bbox 1086 2218 1272 2305; x_wconf 87' lang='lat' dir='ltr'><strong>pariorum</strong></span> <span class='ocrx_word' id='word_1_169' title='bbox 1296 2219 1380 2285; x_wconf 89' lang='lat' dir='ltr'><strong>ierre</strong></span> <span class='ocrx_word' id='word_1_170' title='bbox 1402 2241 1506 2306; x_wconf 91' lang='lat' dir='ltr'><strong>posse.</strong></span> <span class='ocrx_word' id='word_1_171' title='bbox 1549 2225 1629 2301; x_wconf 86' lang='lat' dir='ltr'><strong>Quis</strong></span> 
     </span>
     <span class='ocr_line' id='line_1_21' title="bbox 302 2297 1628 2416; baseline -0.001 -33"><span class='ocrx_word' id='word_1_172' title='bbox 302 2316 386 2384; x_wconf 90' lang='lat' dir='ltr'><strong>enim</strong></span> <span class='ocrx_word' id='word_1_173' title='bbox 419 2311 531 2378; x_wconf 90' lang='lat' dir='ltr'><strong>audeat</strong></span> <span class='ocrx_word' id='word_1_174' title='bbox 558 2309 741 2393; x_wconf 82' lang='lat' dir='ltr'><strong>†laudare,</strong></span> <span class='ocrx_word' id='word_1_175' title='bbox 760 2301 937 2405; x_wconf 77' lang='lat' dir='ltr'><strong>(proposita</strong></span> <span class='ocrx_word' id='word_1_176' title='bbox 967 2330 1060 2375; x_wconf 91' lang='lat' dir='ltr'><strong>cruce</strong></span> <span class='ocrx_word' id='word_1_177' title='bbox 1091 2320 1145 2377; x_wconf 92' lang='lat' dir='ltr'><strong>aut</strong></span> <span class='ocrx_word' id='word_1_178' title='bbox 1176 2297 1279 2416; x_wconf 79' lang='lat' dir='ltr'><strong>saxo)</strong></span> <span class='ocrx_word' id='word_1_179' title='bbox 1315 2315 1499 2400; x_wconf 90' lang='lat' dir='ltr'><strong>praesertim</strong></span> <span class='ocrx_word' id='word_1_180' title='bbox 1537 2317 1628 2383; x_wconf 72' lang='lat' dir='ltr'><strong>Motis</strong></span> 
     </span>
     <span class='ocr_line' id='line_1_22' title="bbox 263 2401 1630 2498; baseline -0.001 -20"><span class='ocrx_word' id='word_1_181' title='bbox 263 2435 291 2478; x_wconf 80' lang='lat' dir='ltr'><strong>ao</strong></span> <span class='ocrx_word' id='word_1_182' title='bbox 301 2407 477 2498; x_wconf 89' lang='lat' dir='ltr'><strong>plausibus,</strong></span> <span class='ocrx_word' id='word_1_183' title='bbox 499 2415 582 2471; x_wconf 90' lang='lat' dir='ltr'><strong>tauta</strong></span> <span class='ocrx_word' id='word_1_184' title='bbox 605 2403 831 2491; x_wconf 86' lang='lat' dir='ltr'><strong>approbatione</strong></span> <span class='ocrx_word' id='word_1_185' title='bbox 853 2401 1055 2468; x_wconf 77' lang='lat' dir='ltr'><strong>infimorum?</strong></span> <span class='ocrx_word' id='word_1_186' title='bbox 1078 2409 1107 2473; x_wconf 88' lang='grc'><strong>3.</strong></span> <span class='ocrx_word' id='word_1_187' title='bbox 1130 2411 1234 2482; x_wconf 88' lang='lat' dir='ltr'><strong>Nunc,</strong></span> <span class='ocrx_word' id='word_1_188' title='bbox 1256 2407 1300 2472; x_wconf 89' lang='lat' dir='ltr'><strong>mi</strong></span> <span class='ocrx_word' id='word_1_189' title='bbox 1321 2408 1430 2483; x_wconf 79' lang='lat' dir='ltr'><strong>Attice,</strong></span> <span class='ocrx_word' id='word_1_190' title='bbox 1452 2429 1502 2474; x_wconf 91' lang='lat' dir='ltr'><strong>me</strong></span> <span class='ocrx_word' id='word_1_191' title='bbox 1525 2409 1573 2475; x_wconf 90' lang='lat' dir='ltr'><strong>sac</strong></span> <span class='ocrx_word' id='word_1_192' title='bbox 1594 2421 1630 2476; x_wconf 90' lang='lat' dir='ltr'><strong>ut</strong></span> 
     </span>
     <span class='ocr_line' id='line_1_23' title="bbox 302 2496 1628 2589; baseline 0.001 -21"><span class='ocrx_word' id='word_1_193' title='bbox 302 2500 461 2589; x_wconf 84' lang='lat' dir='ltr'><strong>expedias.</strong></span> <span class='ocrx_word' id='word_1_194' title='bbox 514 2496 632 2583; x_wconf 87' lang='lat' dir='ltr'><strong>Cupio,</strong></span> <span class='ocrx_word' id='word_1_195' title='bbox 662 2517 733 2561; x_wconf 91' lang='lat' dir='ltr'><strong>cum</strong></span> <span class='ocrx_word' id='word_1_196' title='bbox 760 2502 857 2563; x_wconf 90' lang='lat' dir='ltr'><strong>Bruto</strong></span> <span class='ocrx_word' id='word_1_197' title='bbox 886 2507 996 2562; x_wconf 88' lang='lat' dir='ltr'><strong>nostro</strong></span> <span class='ocrx_word' id='word_1_198' title='bbox 1018 2497 1137 2564; x_wconf 84' lang='lat' dir='ltr'><strong>aliatim</strong></span> <span class='ocrx_word' id='word_1_199' title='bbox 1159 2500 1379 2574; x_wconf 80' lang='lat' dir='ltr'><strong>satisfecerim,</strong></span> <span class='ocrx_word' id='word_1_200' title='bbox 1402 2523 1574 2568; x_wconf 80' lang='lat' dir='ltr'><strong>excurrere</strong></span> <span class='ocrx_word' id='word_1_201' title='bbox 1595 2505 1628 2569; x_wconf 93' lang='lat' dir='ltr'><strong>in</strong></span> 
     </span>
     <span class='ocr_line' id='line_1_24' title="bbox 302 2590 1629 2680; baseline -0.002 -17"><span class='ocrx_word' id='word_1_202' title='bbox 302 2595 475 2664; x_wconf 87' lang='lat' dir='ltr'><strong>Graeciam.</strong></span> <span class='ocrx_word' id='word_1_203' title='bbox 518 2590 623 2676; x_wconf 79' lang='lat' dir='ltr'><strong>Magni</strong></span> <span class='ocrx_word' id='word_1_204' title='bbox 646 2591 777 2656; x_wconf 89' lang='lat' dir='ltr'><strong>interest</strong></span> <span class='ocrx_word' id='word_1_205' title='bbox 800 2590 959 2657; x_wconf 88' lang='lat' dir='ltr'><strong>Ciceronis</strong></span> <span class='ocrx_word' id='word_1_206' title='bbox 980 2592 1031 2656; x_wconf 85' lang='lat' dir='ltr'><strong>vel</strong></span> <span class='ocrx_word' id='word_1_207' title='bbox 1060 2613 1130 2658; x_wconf 90' lang='lat' dir='ltr'><strong>mea</strong></span> <span class='ocrx_word' id='word_1_208' title='bbox 1152 2594 1258 2680; x_wconf 90' lang='lat' dir='ltr'><strong>potius</strong></span> <span class='ocrx_word' id='word_1_209' title='bbox 1279 2595 1330 2661; x_wconf 88' lang='lat' dir='ltr'><strong>vel</strong></span> <span class='ocrx_word' id='word_1_210' title='bbox 1351 2594 1530 2663; x_wconf 88' lang='lat' dir='ltr'><strong>mehercule</strong></span> <span class='ocrx_word' id='word_1_211' title='bbox 1554 2598 1629 2663; x_wconf 91' lang='lat' dir='ltr'><strong>utri-</strong></span> 
     </span>
     <span class='ocr_line' id='line_1_25' title="bbox 299 2683 1626 2776; baseline -0.001 -19"><span class='ocrx_word' id='word_1_212' title='bbox 299 2709 400 2776; x_wconf 92' lang='lat' dir='ltr'><strong>usque</strong></span> <span class='ocrx_word' id='word_1_213' title='bbox 427 2708 477 2752; x_wconf 91' lang='lat' dir='ltr'><strong>me</strong></span> <span class='ocrx_word' id='word_1_214' title='bbox 506 2684 698 2751; x_wconf 89' lang='lat' dir='ltr'><strong>intervenire</strong></span> <span class='ocrx_word' id='word_1_215' title='bbox 725 2683 865 2750; x_wconf 90' lang='lat' dir='ltr'><strong>discenti.</strong></span> <span class='ocrx_word' id='word_1_216' title='bbox 908 2689 984 2749; x_wconf 87' lang='lat' dir='ltr'><strong>Nam</strong></span> <span class='ocrx_word' id='word_1_217' title='bbox 1013 2685 1145 2771; x_wconf 86' lang='lat' dir='ltr'><strong>epistola</strong></span> <span class='ocrx_word' id='word_1_218' title='bbox 1175 2687 1349 2764; x_wconf 88' lang='lat' dir='ltr'><strong>Leonidae,</strong></span> <span class='ocrx_word' id='word_1_219' title='bbox 1385 2710 1478 2776; x_wconf 91' lang='lat' dir='ltr'><strong>quam</strong></span> <span class='ocrx_word' id='word_1_220' title='bbox 1508 2691 1548 2758; x_wconf 90' lang='lat' dir='ltr'><strong>ad</strong></span> <span class='ocrx_word' id='word_1_221' title='bbox 1577 2713 1626 2756; x_wconf 90' lang='lat' dir='ltr'><strong>me</strong></span> 
     </span>
     <span class='ocr_line' id='line_1_26' title="bbox 299 2778 1625 2872; baseline 0.001 -22"><span class='ocrx_word' id='word_1_222' title='bbox 299 2784 427 2855; x_wconf 91' lang='lat' dir='ltr'><strong>misisti,</strong></span> <span class='ocrx_word' id='word_1_223' title='bbox 451 2779 526 2868; x_wconf 92' lang='lat' dir='ltr'><strong>quid</strong></span> <span class='ocrx_word' id='word_1_224' title='bbox 549 2778 661 2854; x_wconf 88' lang='lat' dir='ltr'><strong>habet,</strong></span> <span class='ocrx_word' id='word_1_225' title='bbox 691 2800 825 2867; x_wconf 89' lang='lat' dir='ltr'><strong>quaeso,</strong></span> <span class='ocrx_word' id='word_1_226' title='bbox 856 2778 889 2845; x_wconf 87' lang='lat' dir='ltr'><strong>in</strong></span> <span class='ocrx_word' id='word_1_227' title='bbox 911 2800 974 2867; x_wconf 92' lang='lat' dir='ltr'><strong>quo</strong></span> <span class='ocrx_word' id='word_1_228' title='bbox 996 2801 1111 2866; x_wconf 84' lang='lat' dir='ltr'><strong>magno</strong></span> <span class='ocrx_word' id='word_1_229' title='bbox 1134 2803 1231 2868; x_wconf 92' lang='lat' dir='ltr'><strong>opere</strong></span> <span class='ocrx_word' id='word_1_230' title='bbox 1253 2782 1432 2848; x_wconf 76' lang='lat' dir='ltr'><strong>laetemur?</strong></span> <span class='ocrx_word' id='word_1_231' title='bbox 1464 2789 1625 2872; x_wconf 87' lang='lat' dir='ltr'><strong>Nunquam</strong></span> 
     </span>
     <span class='ocr_line' id='line_1_27' title="bbox 262 2872 1625 2954; baseline -0.001 -9"><span class='ocrx_word' id='word_1_232' title='bbox 262 2880 351 2945; x_wconf 74' lang='lat' dir='ltr'><strong>anille</strong></span> <span class='ocrx_word' id='word_1_233' title='bbox 374 2876 451 2943; x_wconf 93' lang='lat' dir='ltr'><strong>mihi</strong></span> <span class='ocrx_word' id='word_1_234' title='bbox 473 2874 547 2940; x_wconf 89' lang='lat' dir='ltr'><strong>satis</strong></span> <span class='ocrx_word' id='word_1_235' title='bbox 569 2873 691 2939; x_wconf 89' lang='lat' dir='ltr'><strong>laudari</strong></span> <span class='ocrx_word' id='word_1_236' title='bbox 706 2872 879 2948; x_wconf 86' lang='lat' dir='ltr'><strong>videbitur,</strong></span> <span class='ocrx_word' id='word_1_237' title='bbox 904 2895 974 2938; x_wconf 92' lang='lat' dir='ltr'><strong>cnm</strong></span> <span class='ocrx_word' id='word_1_238' title='bbox 988 2874 1032 2939; x_wconf 90' lang='lat' dir='ltr'><strong>ita</strong></span> <span class='ocrx_word' id='word_1_239' title='bbox 1046 2873 1240 2940; x_wconf 81' lang='lat' dir='ltr'><strong>laudabitur:</strong></span> <span class='ocrx_word' id='word_1_240' title='bbox 1264 2877 1504 2954; x_wconf 84' lang='lat' dir='ltr'><strong>„Quomodo</strong></span> <span class='ocrx_word' id='word_1_241' title='bbox 1527 2899 1625 2944; x_wconf 90' lang='lat' dir='ltr'><strong>nuuc</strong></span> 
     </span>
     <span class='ocr_line' id='line_1_28' title="bbox 300 2967 1624 3054; baseline -0.002 -16"><span class='ocrx_word' id='word_1_242' title='bbox 300 2973 387 3039; x_wconf 85' lang='lat' dir='ltr'><strong>est.&#39;&#39;</strong></span> <span class='ocrx_word' id='word_1_243' title='bbox 429 2976 497 3036; x_wconf 88' lang='lat' dir='ltr'><strong>Non</strong></span> <span class='ocrx_word' id='word_1_244' title='bbox 526 2977 573 3034; x_wconf 91' lang='lat' dir='ltr'><strong>est</strong></span> <span class='ocrx_word' id='word_1_245' title='bbox 601 2968 724 3034; x_wconf 89' lang='lat' dir='ltr'><strong>fidentis</strong></span> <span class='ocrx_word' id='word_1_246' title='bbox 757 2968 817 3033; x_wconf 91' lang='lat' dir='ltr'><strong>hoc</strong></span> <span class='ocrx_word' id='word_1_247' title='bbox 846 2967 1058 3033; x_wconf 89' lang='lat' dir='ltr'><strong>testimoninm</strong></span> <span class='ocrx_word' id='word_1_248' title='bbox 1093 2968 1148 3032; x_wconf 92' lang='lat' dir='ltr'><strong>sed</strong></span> <span class='ocrx_word' id='word_1_249' title='bbox 1178 2968 1283 3054; x_wconf 90' lang='lat' dir='ltr'><strong>potius</strong></span> <span class='ocrx_word' id='word_1_250' title='bbox 1310 2970 1457 3035; x_wconf 91' lang='lat' dir='ltr'><strong>timentis.</strong></span> <span class='ocrx_word' id='word_1_251' title='bbox 1506 2971 1624 3036; x_wconf 90' lang='lat' dir='ltr'><strong>Herodi</strong></span> 
     </span>
     <span class='ocr_line' id='line_1_29' title="bbox 299 3060 1624 3149; baseline -0.002 -17"><span class='ocrx_word' id='word_1_252' title='bbox 299 3076 403 3133; x_wconf 91' lang='lat' dir='ltr'><strong>autem</strong></span> <span class='ocrx_word' id='word_1_253' title='bbox 431 3063 628 3138; x_wconf 85' lang='lat' dir='ltr'><strong>mandaram,</strong></span> <span class='ocrx_word' id='word_1_254' title='bbox 661 3071 697 3128; x_wconf 93' lang='lat' dir='ltr'><strong>ut</strong></span> <span class='ocrx_word' id='word_1_255' title='bbox 723 3061 800 3127; x_wconf 91' lang='lat' dir='ltr'><strong>mihi</strong></span> <span class='ocrx_word' id='word_1_256' title='bbox 829 3061 913 3126; x_wconf 74' lang='lat' dir='ltr'><strong>nard</strong></span> <span class='ocrx_word' id='word_1_257' title='bbox 943 3071 1038 3143; x_wconf 77' lang='grc' dir='ltr'><em>μίτον</em></span> <span class='ocrx_word' id='word_1_258' title='bbox 1066 3060 1237 3140; x_wconf 87' lang='lat' dir='ltr'><strong>scriberet;</strong></span> <span class='ocrx_word' id='word_1_259' title='bbox 1273 3083 1292 3126; x_wconf 90' lang='lat' dir='ltr'><strong>a</strong></span> <span class='ocrx_word' id='word_1_260' title='bbox 1319 3082 1383 3149; x_wconf 89' lang='lat' dir='ltr'><strong>quo</strong></span> <span class='ocrx_word' id='word_1_261' title='bbox 1411 3062 1514 3129; x_wconf 90' lang='lat' dir='ltr'><strong>adhuc</strong></span> <span class='ocrx_word' id='word_1_262' title='bbox 1543 3066 1624 3130; x_wconf 92' lang='lat' dir='ltr'><strong>nulla</strong></span> 
     </span>
     <span class='ocr_line' id='line_1_30' title="bbox 298 3153 1624 3241; baseline -0.003 -14"><span class='ocrx_word' id='word_1_263' title='bbox 298 3161 402 3227; x_wconf 89' lang='lat' dir='ltr'><strong>littera</strong></span> <span class='ocrx_word' id='word_1_264' title='bbox 422 3169 478 3225; x_wconf 89' lang='lat' dir='ltr'><strong>est.</strong></span> <span class='ocrx_word' id='word_1_265' title='bbox 521 3164 661 3230; x_wconf 89' lang='lat' dir='ltr'><strong>Vereor,</strong></span> <span class='ocrx_word' id='word_1_266' title='bbox 690 3177 730 3222; x_wconf 92' lang='lat' dir='ltr'><strong>ne</strong></span> <span class='ocrx_word' id='word_1_267' title='bbox 751 3155 828 3220; x_wconf 92' lang='lat' dir='ltr'><strong>nibil</strong></span> <span class='ocrx_word' id='word_1_268' title='bbox 850 3153 1009 3228; x_wconf 91' lang='lat' dir='ltr'><strong>habuerit,</strong></span> <span class='ocrx_word' id='word_1_269' title='bbox 1032 3153 1118 3240; x_wconf 93' lang='lat' dir='ltr'><strong>quod</strong></span> <span class='ocrx_word' id='word_1_270' title='bbox 1141 3155 1237 3234; x_wconf 88' lang='lat' dir='ltr'><strong>mihi,</strong></span> <span class='ocrx_word' id='word_1_271' title='bbox 1260 3175 1331 3220; x_wconf 92' lang='lat' dir='ltr'><strong>cum</strong></span> <span class='ocrx_word' id='word_1_272' title='bbox 1353 3176 1555 3241; x_wconf 84' lang='lat' dir='ltr'><strong>cognossem,</strong></span> <span class='ocrx_word' id='word_1_273' title='bbox 1577 3159 1624 3223; x_wconf 93' lang='lat' dir='ltr'><strong>iu-</strong></span> 
     </span>
     <span class='ocr_line' id='line_1_31' title="bbox 299 3247 1624 3339; baseline -0.002 -20"><span class='ocrx_word' id='word_1_274' title='bbox 299 3255 434 3320; x_wconf 90' lang='lat' dir='ltr'><strong>cundum</strong></span> <span class='ocrx_word' id='word_1_275' title='bbox 457 3261 581 3339; x_wconf 88' lang='lat' dir='ltr'><strong>putaret</strong></span> <span class='ocrx_word' id='word_1_276' title='bbox 602 3249 682 3316; x_wconf 87' lang='lat' dir='ltr'><strong>sore.</strong></span> <span class='ocrx_word' id='word_1_277' title='bbox 732 3253 763 3314; x_wconf 82' lang='lat' dir='ltr'><strong>d.</strong></span> <span class='ocrx_word' id='word_1_278' title='bbox 789 3247 883 3326; x_wconf 90' lang='lat' dir='ltr'><strong>Quod</strong></span> <span class='ocrx_word' id='word_1_279' title='bbox 904 3247 943 3312; x_wconf 91' lang='lat' dir='ltr'><strong>ad</strong></span> <span class='ocrx_word' id='word_1_280' title='bbox 964 3251 1130 3314; x_wconf 89' lang='lat' dir='ltr'><strong>Xenonem</strong></span> <span class='ocrx_word' id='word_1_281' title='bbox 1152 3249 1322 3335; x_wconf 88' lang='lat' dir='ltr'><strong>scripsisti,</strong></span> <span class='ocrx_word' id='word_1_282' title='bbox 1344 3249 1435 3316; x_wconf 82' lang='lat' dir='ltr'><strong>valde</strong></span> <span class='ocrx_word' id='word_1_283' title='bbox 1457 3251 1534 3316; x_wconf 93' lang='lat' dir='ltr'><strong>mibi</strong></span> <span class='ocrx_word' id='word_1_284' title='bbox 1556 3273 1624 3338; x_wconf 83' lang='lat' dir='ltr'><strong>gra-</strong></span> 
     </span>
     <span class='ocr_line' id='line_1_32' title="bbox 262 3342 1623 3418; baseline 0.001 -8"><span class='ocrx_word' id='word_1_285' title='bbox 262 3358 364 3413; x_wconf 71' lang='lat' dir='ltr'><strong>natum</strong></span> <span class='ocrx_word' id='word_1_286' title='bbox 387 3355 443 3410; x_wconf 87' lang='lat' dir='ltr'><strong>est.</strong></span> <span class='ocrx_word' id='word_1_287' title='bbox 486 3344 568 3410; x_wconf 91' lang='lat' dir='ltr'><strong>Nihil</strong></span> <span class='ocrx_word' id='word_1_288' title='bbox 597 3344 680 3410; x_wconf 92' lang='lat' dir='ltr'><strong>enim</strong></span> <span class='ocrx_word' id='word_1_289' title='bbox 710 3342 819 3407; x_wconf 88' lang='lat' dir='ltr'><strong>deesse</strong></span> <span class='ocrx_word' id='word_1_290' title='bbox 843 3342 986 3407; x_wconf 84' lang='lat' dir='ltr'><strong>Ciceroni</strong></span> <span class='ocrx_word' id='word_1_291' title='bbox 1016 3363 1086 3407; x_wconf 92' lang='lat' dir='ltr'><strong>cum</strong></span> <span class='ocrx_word' id='word_1_292' title='bbox 1116 3343 1156 3408; x_wconf 93' lang='lat' dir='ltr'><strong>ad</strong></span> <span class='ocrx_word' id='word_1_293' title='bbox 1178 3344 1334 3418; x_wconf 87' lang='lat' dir='ltr'><strong>cilicium,</strong></span> <span class='ocrx_word' id='word_1_294' title='bbox 1369 3353 1435 3409; x_wconf 92' lang='lat' dir='ltr'><strong>tum</strong></span> <span class='ocrx_word' id='word_1_295' title='bbox 1458 3345 1496 3410; x_wconf 92' lang='lat' dir='ltr'><strong>ad</strong></span> <span class='ocrx_word' id='word_1_296' title='bbox 1519 3347 1623 3412; x_wconf 87' lang='lat' dir='ltr'><strong>existi-</strong></span> 
     </span>
    </p>
   </div>
   <div class='ocr_carea' id='block_1_7' title="bbox 173 3436 1622 3524">
    <p class='ocr_par' dir='ltr' id='par_1_9' title="bbox 173 3436 1622 3524">
     <span class='ocr_line' id='line_1_33' title="bbox 173 3436 1622 3524; baseline -0.001 -18"><span class='ocrx_word' id='word_1_297' title='bbox 173 3499 183 3518; x_wconf 66' lang='lat'><strong>,</strong></span> <span class='ocrx_word' id='word_1_298' title='bbox 299 3442 468 3507; x_wconf 90' lang='lat' dir='ltr'><strong>mationem</strong></span> <span class='ocrx_word' id='word_1_299' title='bbox 489 3458 591 3522; x_wconf 75' lang='lat' dir='ltr'><strong>meam</strong></span> <span class='ocrx_word' id='word_1_300' title='bbox 613 3439 757 3524; x_wconf 87' lang='lat' dir='ltr'><strong>pertinet.</strong></span> <span class='ocrx_word' id='word_1_301' title='bbox 800 3436 971 3501; x_wconf 89' lang='lat' dir='ltr'><strong>Flammam</strong></span> <span class='ocrx_word' id='word_1_302' title='bbox 993 3436 1180 3502; x_wconf 89' lang='lat' dir='ltr'><strong>Flaminium</strong></span> <span class='ocrx_word' id='word_1_303' title='bbox 1201 3437 1296 3503; x_wconf 89' lang='lat' dir='ltr'><strong>audio</strong></span> <span class='ocrx_word' id='word_1_304' title='bbox 1319 3444 1436 3504; x_wconf 83' lang='lat' dir='ltr'><strong>Romae</strong></span> <span class='ocrx_word' id='word_1_305' title='bbox 1457 3460 1536 3504; x_wconf 87' lang='lat' dir='ltr'><strong>esse.</strong></span> <span class='ocrx_word' id='word_1_306' title='bbox 1578 3439 1622 3505; x_wconf 82' lang='lat' dir='ltr'><strong>Ad</strong></span> 
     </span>
    </p>
   </div>
   <div class='ocr_carea' id='block_1_8' title="bbox 261 3528 1623 4084">
    <p class='ocr_par' dir='ltr' id='par_1_10' title="bbox 261 3528 1623 4084">
     <span class='ocr_line' id='line_1_34' title="bbox 298 3528 1623 3619; baseline -0.002 -19"><span class='ocrx_word' id='word_1_307' title='bbox 298 3556 370 3600; x_wconf 92' lang='lat' dir='ltr'><strong>eum</strong></span> <span class='ocrx_word' id='word_1_308' title='bbox 393 3535 503 3619; x_wconf 87' lang='lat' dir='ltr'><strong>scripsi</strong></span> <span class='ocrx_word' id='word_1_309' title='bbox 532 3553 583 3598; x_wconf 90' lang='lat' dir='ltr'><strong>me</strong></span> <span class='ocrx_word' id='word_1_310' title='bbox 611 3531 667 3597; x_wconf 95' lang='lat' dir='ltr'><strong>tibi</strong></span> <span class='ocrx_word' id='word_1_311' title='bbox 690 3528 852 3596; x_wconf 89' lang='lat' dir='ltr'><strong>mandasse</strong></span> <span class='ocrx_word' id='word_1_312' title='bbox 874 3551 932 3616; x_wconf 85' lang='lat' dir='ltr'><strong>per</strong></span> <span class='ocrx_word' id='word_1_313' title='bbox 952 3530 1085 3608; x_wconf 89' lang='lat' dir='ltr'><strong>litteras,</strong></span> <span class='ocrx_word' id='word_1_314' title='bbox 1119 3541 1155 3597; x_wconf 91' lang='lat' dir='ltr'><strong>ut</strong></span> <span class='ocrx_word' id='word_1_315' title='bbox 1185 3531 1224 3596; x_wconf 89' lang='lat' dir='ltr'><strong>de</strong></span> <span class='ocrx_word' id='word_1_316' title='bbox 1246 3537 1383 3597; x_wconf 89' lang='lat' dir='ltr'><strong>Montani</strong></span> <span class='ocrx_word' id='word_1_317' title='bbox 1404 3533 1533 3616; x_wconf 80' lang='lat' dir='ltr'><strong>negotio</strong></span> <span class='ocrx_word' id='word_1_318' title='bbox 1555 3553 1623 3598; x_wconf 92' lang='lat' dir='ltr'><strong>cum</strong></span> 
     </span>
     <span class='ocr_line' id='line_1_35' title="bbox 299 3624 1622 3715; baseline -0.002 -23"><span class='ocrx_word' id='word_1_319' title='bbox 299 3648 338 3693; x_wconf 89' lang='lat' dir='ltr'><strong>eo</strong></span> <span class='ocrx_word' id='word_1_320' title='bbox 360 3627 542 3715; x_wconf 89' lang='lat' dir='ltr'><strong>loquerere;</strong></span> <span class='ocrx_word' id='word_1_321' title='bbox 579 3636 610 3690; x_wconf 91' lang='lat' dir='ltr'><strong>et</strong></span> <span class='ocrx_word' id='word_1_322' title='bbox 638 3625 731 3691; x_wconf 81' lang='lat' dir='ltr'><strong>velim</strong></span> <span class='ocrx_word' id='word_1_323' title='bbox 760 3645 851 3690; x_wconf 90' lang='lat' dir='ltr'><strong>cures</strong></span> <span class='ocrx_word' id='word_1_324' title='bbox 873 3624 1056 3711; x_wconf 88' lang='lat' dir='ltr'><strong>epistolam,</strong></span> <span class='ocrx_word' id='word_1_325' title='bbox 1092 3647 1186 3713; x_wconf 92' lang='lat' dir='ltr'><strong>qnam</strong></span> <span class='ocrx_word' id='word_1_326' title='bbox 1210 3625 1248 3690; x_wconf 91' lang='lat' dir='ltr'><strong>ad</strong></span> <span class='ocrx_word' id='word_1_327' title='bbox 1271 3648 1341 3691; x_wconf 91' lang='lat' dir='ltr'><strong>eum</strong></span> <span class='ocrx_word' id='word_1_328' title='bbox 1364 3625 1453 3702; x_wconf 92' lang='lat' dir='ltr'><strong>misi,</strong></span> <span class='ocrx_word' id='word_1_329' title='bbox 1490 3625 1622 3691; x_wconf 90' lang='lat' dir='ltr'><strong>redden·</strong></span> 
     </span>
     <span class='ocr_line' id='line_1_36' title="bbox 298 3717 1622 3807; baseline -0.002 -20"><span class='ocrx_word' id='word_1_330' title='bbox 298 3721 384 3796; x_wconf 91' lang='lat' dir='ltr'><strong>dam,</strong></span> <span class='ocrx_word' id='word_1_331' title='bbox 414 3721 548 3806; x_wconf 86' lang='lat' dir='ltr'><strong>etipse,</strong></span> <span class='ocrx_word' id='word_1_332' title='bbox 584 3720 669 3807; x_wconf 91' lang='lat' dir='ltr'><strong>quod</strong></span> <span class='ocrx_word' id='word_1_333' title='bbox 693 3717 860 3785; x_wconf 90' lang='lat' dir='ltr'><strong>commodo</strong></span> <span class='ocrx_word' id='word_1_334' title='bbox 889 3728 943 3783; x_wconf 91' lang='lat' dir='ltr'><strong>tuo</strong></span> <span class='ocrx_word' id='word_1_335' title='bbox 967 3719 1037 3794; x_wconf 83' lang='lat' dir='ltr'><strong>fiat,</strong></span> <span class='ocrx_word' id='word_1_336' title='bbox 1071 3741 1143 3785; x_wconf 93' lang='lat' dir='ltr'><strong>cum</strong></span> <span class='ocrx_word' id='word_1_337' title='bbox 1165 3741 1205 3784; x_wconf 89' lang='lat' dir='ltr'><strong>eo</strong></span> <span class='ocrx_word' id='word_1_338' title='bbox 1228 3719 1418 3805; x_wconf 88' lang='lat' dir='ltr'><strong>colloquare.</strong></span> <span class='ocrx_word' id='word_1_339' title='bbox 1468 3724 1563 3795; x_wconf 88' lang='lat' dir='ltr'><strong>Puto,</strong></span> <span class='ocrx_word' id='word_1_340' title='bbox 1597 3719 1622 3785; x_wconf 90' lang='lat' dir='ltr'><strong>si</strong></span> 
     </span>
     <span class='ocr_line' id='line_1_37' title="bbox 261 3813 1621 3903; baseline 0.001 -27"><span class='ocrx_word' id='word_1_341' title='bbox 261 3815 374 3903; x_wconf 75' lang='lat' dir='ltr'><strong>sequid</strong></span> <span class='ocrx_word' id='word_1_342' title='bbox 401 3815 433 3881; x_wconf 92' lang='lat' dir='ltr'><strong>in</strong></span> <span class='ocrx_word' id='word_1_343' title='bbox 463 3814 588 3881; x_wconf 90' lang='lat' dir='ltr'><strong>homine</strong></span> <span class='ocrx_word' id='word_1_344' title='bbox 618 3813 749 3900; x_wconf 90' lang='lat' dir='ltr'><strong>pudoris</strong></span> <span class='ocrx_word' id='word_1_345' title='bbox 779 3822 841 3886; x_wconf 90' lang='lat' dir='ltr'><strong>est,</strong></span> <span class='ocrx_word' id='word_1_346' title='bbox 877 3820 1108 3896; x_wconf 89' lang='lat' dir='ltr'><strong>praestaturum</strong></span> <span class='ocrx_word' id='word_1_347' title='bbox 1140 3834 1230 3887; x_wconf 89' lang='lat' dir='ltr'><strong>eum,</strong></span> <span class='ocrx_word' id='word_1_348' title='bbox 1266 3815 1335 3894; x_wconf 80' lang='lat' dir='ltr'><strong>†ne</strong></span> <span class='ocrx_word' id='word_1_349' title='bbox 1363 3833 1457 3898; x_wconf 88' lang='lat' dir='ltr'><strong>spero</strong></span> <span class='ocrx_word' id='word_1_350' title='bbox 1486 3814 1621 3901; x_wconf 90' lang='lat' dir='ltr'><strong>quedam</strong></span> 
     </span>
     <span class='ocr_line' id='line_1_38' title="bbox 297 3905 1623 3995; baseline -0.002 -21"><span class='ocrx_word' id='word_1_351' title='bbox 297 3910 393 3976; x_wconf 93' lang='lat' dir='ltr'><strong>modo</strong></span> <span class='ocrx_word' id='word_1_352' title='bbox 415 3909 618 3995; x_wconf 84' lang='lat' dir='ltr'><strong>dependatur.</strong></span> <span class='ocrx_word' id='word_1_353' title='bbox 671 3913 717 3972; x_wconf 85' lang='lat' dir='ltr'><strong>De</strong></span> <span class='ocrx_word' id='word_1_354' title='bbox 739 3905 838 3971; x_wconf 80' lang='lat' dir='ltr'><strong>Attica</strong></span> <span class='ocrx_word' id='word_1_355' title='bbox 860 3917 1041 3992; x_wconf 82' lang='lat' dir='ltr'><strong>pergratum</strong></span> <span class='ocrx_word' id='word_1_356' title='bbox 1063 3907 1140 3973; x_wconf 90' lang='lat' dir='ltr'><strong>mihi</strong></span> <span class='ocrx_word' id='word_1_357' title='bbox 1161 3908 1279 3983; x_wconf 87' lang='lat' dir='ltr'><strong>iecisti,</strong></span> <span class='ocrx_word' id='word_1_358' title='bbox 1315 3907 1401 3995; x_wconf 91' lang='lat' dir='ltr'><strong>quod</strong></span> <span class='ocrx_word' id='word_1_359' title='bbox 1422 3908 1556 3983; x_wconf 88' lang='lat' dir='ltr'><strong>curasti,</strong></span> <span class='ocrx_word' id='word_1_360' title='bbox 1589 3917 1623 3974; x_wconf 96' lang='lat' dir='ltr'><strong>ut</strong></span> 
     </span>
     <span class='ocr_line' id='line_1_39' title="bbox 297 3999 1135 4084; baseline -0.004 -15"><span class='ocrx_word' id='word_1_361' title='bbox 297 4013 368 4069; x_wconf 90' lang='lat' dir='ltr'><strong>ante</strong></span> <span class='ocrx_word' id='word_1_362' title='bbox 390 4004 505 4070; x_wconf 88' lang='lat' dir='ltr'><strong>scirem</strong></span> <span class='ocrx_word' id='word_1_363' title='bbox 526 4013 611 4067; x_wconf 90' lang='lat' dir='ltr'><strong>recte</strong></span> <span class='ocrx_word' id='word_1_364' title='bbox 634 4022 702 4066; x_wconf 92' lang='lat' dir='ltr'><strong>esse</strong></span> <span class='ocrx_word' id='word_1_365' title='bbox 725 4020 817 4084; x_wconf 92' lang='lat' dir='ltr'><strong>qnam</strong></span> <span class='ocrx_word' id='word_1_366' title='bbox 841 4020 904 4065; x_wconf 92' lang='lat' dir='ltr'><strong>non</strong></span> <span class='ocrx_word' id='word_1_367' title='bbox 924 3999 1006 4066; x_wconf 89' lang='lat' dir='ltr'><strong>belle</strong></span> <span class='ocrx_word' id='word_1_368' title='bbox 1028 4000 1135 4066; x_wconf 85' lang='lat' dir='ltr'><strong>luisse.</strong></span> 
     </span>
    </p>
   </div>
   <div class='ocr_carea' id='block_1_9' title="bbox 294 4153 1623 5058">
    <p class='ocr_par' dir='ltr' id='par_1_11' title="bbox 294 4153 1623 5058">
     <span class='ocr_line' id='line_1_40' title="bbox 366 4153 1623 4220; baseline -0.004 -11"><span class='ocrx_word' id='word_1_369' title='bbox 366 4159 392 4208; x_wconf 89' lang='lat'><strong>1.</strong></span> <span class='ocrx_word' id='word_1_370' title='bbox 412 4172 453 4208; x_wconf 86' lang='lat' dir='ltr'><strong>me</strong></span> <span class='ocrx_word' id='word_1_371' title='bbox 479 4171 533 4209; x_wconf 92' lang='lat' dir='ltr'><strong>om.</strong></span> <span class='ocrx_word' id='word_1_372' title='bbox 562 4157 585 4206; x_wconf 94' lang='lat' dir='ltr'><strong>l.</strong></span> <span class='ocrx_word' id='word_1_373' title='bbox 619 4182 648 4194; x_wconf 88' lang='lat'>-</span> <span class='ocrx_word' id='word_1_374' title='bbox 687 4158 713 4206; x_wconf 87' lang='lat'><strong>5.</strong></span> <span class='ocrx_word' id='word_1_375' title='bbox 734 4156 952 4218; x_wconf 78' lang='lat' dir='ltr'><strong>Quamprimum</strong></span> <span class='ocrx_word' id='word_1_376' title='bbox 975 4158 1052 4207; x_wconf 83' lang='lat' dir='ltr'><strong>eelim</strong></span> <span class='ocrx_word' id='word_1_377' title='bbox 1071 4158 1093 4206; x_wconf 93' lang='lat'><strong>1.</strong></span> <span class='ocrx_word' id='word_1_378' title='bbox 1125 4183 1153 4195; x_wconf 92' lang='lat'>-</span> <span class='ocrx_word' id='word_1_379' title='bbox 1191 4158 1219 4209; x_wconf 79' lang='lat' dir='ltr'><strong>a.</strong></span> <span class='ocrx_word' id='word_1_380' title='bbox 1241 4153 1278 4220; x_wconf 66' lang='lat' dir='ltr'><strong>m]</strong></span> <span class='ocrx_word' id='word_1_381' title='bbox 1299 4157 1399 4220; x_wconf 83' lang='lat' dir='ltr'><strong>Quinto</strong></span> <span class='ocrx_word' id='word_1_382' title='bbox 1420 4156 1441 4205; x_wconf 95' lang='lat' dir='ltr'><strong>l.</strong></span> <span class='ocrx_word' id='word_1_383' title='bbox 1472 4181 1503 4192; x_wconf 94' lang='lat'>-</span> <span class='ocrx_word' id='word_1_384' title='bbox 1539 4158 1623 4220; x_wconf 82' lang='lat' dir='ltr'><strong>epico-</strong></span> 
     </span>
     <span class='ocr_line' id='line_1_41' title="bbox 294 4224 1621 4293; baseline -0.002 -15"><span class='ocrx_word' id='word_1_385' title='bbox 294 4230 370 4293; x_wconf 82' lang='lat' dir='ltr'><strong>pium</strong></span> <span class='ocrx_word' id='word_1_386' title='bbox 387 4229 409 4278; x_wconf 95' lang='grc'><strong>1.</strong></span> <span class='ocrx_word' id='word_1_387' title='bbox 440 4253 468 4266; x_wconf 90' lang='lat'><em>-</em></span> <span class='ocrx_word' id='word_1_388' title='bbox 508 4229 551 4278; x_wconf 85' lang='lat'><strong>11.</strong></span> <span class='ocrx_word' id='word_1_389' title='bbox 573 4228 633 4289; x_wconf 80' lang='lat' dir='ltr'><strong>lpse</strong></span> <span class='ocrx_word' id='word_1_390' title='bbox 653 4227 771 4276; x_wconf 86' lang='lat' dir='ltr'><strong>malebat</strong></span> <span class='ocrx_word' id='word_1_391' title='bbox 789 4227 939 4276; x_wconf 84' lang='lat' dir='ltr'><strong>Ernestius.</strong></span> <span class='ocrx_word' id='word_1_392' title='bbox 967 4253 996 4263; x_wconf 98' lang='lat'>-</span> <span class='ocrx_word' id='word_1_393' title='bbox 1037 4229 1080 4278; x_wconf 78' lang='lat'><strong>12.</strong></span> <span class='ocrx_word' id='word_1_394' title='bbox 1100 4224 1174 4291; x_wconf 84' lang='lat' dir='ltr'><strong>haec]</strong></span> <span class='ocrx_word' id='word_1_395' title='bbox 1193 4226 1294 4277; x_wconf 85' lang='lat' dir='ltr'><strong>hoelli.</strong></span> <span class='ocrx_word' id='word_1_396' title='bbox 1324 4252 1358 4265; x_wconf 93' lang='lat'><em>-</em></span> <span class='ocrx_word' id='word_1_397' title='bbox 1395 4227 1439 4277; x_wconf 88' lang='grc'><strong>13.</strong></span> <span class='ocrx_word' id='word_1_398' title='bbox 1459 4229 1621 4291; x_wconf 76' lang='lat' dir='ltr'><strong>reaccipere</strong></span> 
     </span>
     <span class='ocr_line' id='line_1_42' title="bbox 298 4295 1621 4360; baseline -0.002 -11"><span class='ocrx_word' id='word_1_399' title='bbox 298 4301 393 4351; x_wconf 77' lang='lat' dir='ltr'><strong>hosius</strong></span> <span class='ocrx_word' id='word_1_400' title='bbox 412 4313 443 4349; x_wconf 84' lang='lat' dir='ltr'><strong>ex</strong></span> <span class='ocrx_word' id='word_1_401' title='bbox 463 4299 499 4350; x_wconf 86' lang='lat' dir='ltr'><strong>Y:</strong></span> <span class='ocrx_word' id='word_1_402' title='bbox 528 4299 688 4360; x_wconf 76' lang='lat' dir='ltr'><strong>renaviqcre</strong></span> <span class='ocrx_word' id='word_1_403' title='bbox 713 4295 809 4347; x_wconf 81' lang='grc'><strong>1111111.</strong></span> <span class='ocrx_word' id='word_1_404' title='bbox 836 4322 865 4332; x_wconf 98' lang='grc'>-</span> <span class='ocrx_word' id='word_1_405' title='bbox 904 4300 1036 4360; x_wconf 82' lang='lat' dir='ltr'><strong>ceteroqui</strong></span> <span class='ocrx_word' id='word_1_406' title='bbox 1066 4297 1219 4348; x_wconf 85' lang='lat' dir='ltr'><strong>Victorius=</strong></span> <span class='ocrx_word' id='word_1_407' title='bbox 1248 4302 1336 4348; x_wconf 83' lang='lat' dir='ltr'><strong>cetera</strong></span> <span class='ocrx_word' id='word_1_408' title='bbox 1359 4310 1442 4360; x_wconf 82' lang='lat' dir='ltr'><strong>qoam</strong></span> <span class='ocrx_word' id='word_1_409' title='bbox 1463 4297 1532 4346; x_wconf 86' lang='grc'><strong>11111.</strong></span> <span class='ocrx_word' id='word_1_410' title='bbox 1571 4297 1621 4359; x_wconf 82' lang='lat' dir='ltr'><strong>(De</strong></span> 
     </span>
     <span class='ocr_line' id='line_1_43' title="bbox 297 4366 1620 4432; baseline -0.002 -13"><span class='ocrx_word' id='word_1_411' title='bbox 297 4371 325 4419; x_wconf 87' lang='lat' dir='ltr'><strong>M</strong></span> <span class='ocrx_word' id='word_1_412' title='bbox 352 4383 406 4419; x_wconf 92' lang='lat' dir='ltr'><strong>non</strong></span> <span class='ocrx_word' id='word_1_413' title='bbox 434 4366 540 4432; x_wconf 86' lang='lat' dir='ltr'><strong>liquet.)</strong></span> <span class='ocrx_word' id='word_1_414' title='bbox 577 4367 631 4418; x_wconf 83' lang='lat' dir='ltr'><strong>Cir.</strong></span> <span class='ocrx_word' id='word_1_415' title='bbox 657 4368 715 4418; x_wconf 85' lang='lat' dir='ltr'><strong>Nat.</strong></span> <span class='ocrx_word' id='word_1_416' title='bbox 741 4367 822 4416; x_wconf 74' lang='lat' dir='ltr'><strong>licor.</strong></span> <span class='ocrx_word' id='word_1_417' title='bbox 848 4366 882 4424; x_wconf 88' lang='lat'><strong>1,</strong></span> <span class='ocrx_word' id='word_1_418' title='bbox 910 4369 961 4427; x_wconf 72' lang='lat'><strong>22,</strong></span> <span class='ocrx_word' id='word_1_419' title='bbox 987 4369 1030 4418; x_wconf 80' lang='lat' dir='ltr'><strong>ee.</strong></span> <span class='ocrx_word' id='word_1_420' title='bbox 1070 4369 1148 4418; x_wconf 85' lang='lat' dir='ltr'><strong>iland</strong></span> <span class='ocrx_word' id='word_1_421' title='bbox 1175 4369 1255 4418; x_wconf 78' lang='lat' dir='ltr'><strong>Ture.</strong></span> <span class='ocrx_word' id='word_1_422' title='bbox 1283 4368 1320 4419; x_wconf 94' lang='lat' dir='ltr'><strong>ll.</strong></span> <span class='ocrx_word' id='word_1_423' title='bbox 1346 4381 1372 4431; x_wconf 92' lang='lat' dir='ltr'><strong>p.</strong></span> <span class='ocrx_word' id='word_1_424' title='bbox 1400 4368 1437 4418; x_wconf 76' lang='grc'><strong>43</strong></span> <span class='ocrx_word' id='word_1_425' title='bbox 1461 4373 1488 4416; x_wconf 88' lang='lat' dir='ltr'><strong>at</strong></span> <span class='ocrx_word' id='word_1_426' title='bbox 1514 4367 1560 4416; x_wconf 81' lang='lat' dir='ltr'><strong>dd.</strong></span> <span class='ocrx_word' id='word_1_427' title='bbox 1587 4391 1620 4402; x_wconf 88' lang='lat'>-</span> 
     </span>
     <span class='ocr_line' id='line_1_44' title="bbox 298 4436 1620 4501; baseline -0.002 -12"><span class='ocrx_word' id='word_1_428' title='bbox 298 4440 341 4490; x_wconf 83' lang='lat'><strong>15.</strong></span> <span class='ocrx_word' id='word_1_429' title='bbox 369 4441 484 4490; x_wconf 73' lang='lat' dir='ltr'><strong>aristion</strong></span> <span class='ocrx_word' id='word_1_430' title='bbox 511 4440 548 4489; x_wconf 91' lang='lat' dir='ltr'><strong>M.</strong></span> <span class='ocrx_word' id='word_1_431' title='bbox 574 4463 605 4474; x_wconf 94' lang='lat'>-</span> <span class='ocrx_word' id='word_1_432' title='bbox 644 4437 686 4486; x_wconf 85' lang='grc'><strong>13.</strong></span> <span class='ocrx_word' id='word_1_433' title='bbox 716 4436 827 4486; x_wconf 81' lang='lat' dir='ltr'><strong>laudare</strong></span> <span class='ocrx_word' id='word_1_434' title='bbox 857 4450 897 4500; x_wconf 92' lang='lat' dir='ltr'><strong>pr.</strong></span> <span class='ocrx_word' id='word_1_435' title='bbox 928 4438 973 4488; x_wconf 89' lang='lat' dir='ltr'><strong>M:</strong></span> <span class='ocrx_word' id='word_1_436' title='bbox 1005 4438 1109 4487; x_wconf 83' lang='lat' dir='ltr'><strong>violare</strong></span> <span class='ocrx_word' id='word_1_437' title='bbox 1127 4439 1184 4488; x_wconf 81' lang='grc'><strong>11111</strong></span> <span class='ocrx_word' id='word_1_438' title='bbox 1202 4444 1229 4488; x_wconf 90' lang='lat' dir='ltr'><strong>et</strong></span> <span class='ocrx_word' id='word_1_439' title='bbox 1246 4451 1317 4488; x_wconf 90' lang='lat' dir='ltr'><strong>corr.</strong></span> <span class='ocrx_word' id='word_1_440' title='bbox 1336 4437 1374 4488; x_wconf 92' lang='lat' dir='ltr'><strong>M.</strong></span> <span class='ocrx_word' id='word_1_441' title='bbox 1413 4437 1463 4501; x_wconf 84' lang='lat' dir='ltr'><strong>(Ite</strong></span> <span class='ocrx_word' id='word_1_442' title='bbox 1481 4437 1547 4487; x_wconf 78' lang='grc'><strong>1111</strong></span> <span class='ocrx_word' id='word_1_443' title='bbox 1566 4451 1620 4488; x_wconf 91' lang='lat' dir='ltr'><strong>non</strong></span> 
     </span>
     <span class='ocr_line' id='line_1_45' title="bbox 297 4503 1620 4572; baseline -0.003 -13"><span class='ocrx_word' id='word_1_444' title='bbox 297 4506 423 4572; x_wconf 82' lang='lat' dir='ltr'><strong>constat.)</strong></span> <span class='ocrx_word' id='word_1_445' title='bbox 460 4510 553 4560; x_wconf 89' lang='lat' dir='ltr'><strong>Malim</strong></span> <span class='ocrx_word' id='word_1_446' title='bbox 584 4507 695 4557; x_wconf 83' lang='lat' dir='ltr'><strong>laedere.</strong></span> <span class='ocrx_word' id='word_1_447' title='bbox 728 4505 779 4557; x_wconf 85' lang='lat' dir='ltr'><strong>Oa·</strong></span> <span class='ocrx_word' id='word_1_448' title='bbox 801 4530 831 4540; x_wconf 93' lang='lat'>-</span> <span class='ocrx_word' id='word_1_449' title='bbox 870 4503 927 4570; x_wconf 84' lang='lat' dir='ltr'><strong>out]</strong></span> <span class='ocrx_word' id='word_1_450' title='bbox 947 4507 988 4556; x_wconf 86' lang='lat' dir='ltr'><strong>vel</strong></span> <span class='ocrx_word' id='word_1_451' title='bbox 1006 4509 1027 4558; x_wconf 93' lang='lat'><strong>1.</strong></span> <span class='ocrx_word' id='word_1_452' title='bbox 1058 4533 1088 4543; x_wconf 93' lang='lat'>-</span> <span class='ocrx_word' id='word_1_453' title='bbox 1125 4510 1168 4560; x_wconf 78' lang='lat'><strong>2¹.</strong></span> <span class='ocrx_word' id='word_1_454' title='bbox 1189 4511 1315 4571; x_wconf 81' lang='lat' dir='ltr'><strong>cupioque</strong></span> <span class='ocrx_word' id='word_1_455' title='bbox 1333 4522 1392 4558; x_wconf 85' lang='lat' dir='ltr'><strong>enm</strong></span> <span class='ocrx_word' id='word_1_456' title='bbox 1410 4509 1432 4558; x_wconf 94' lang='lat' dir='ltr'><strong>l.</strong></span> <span class='ocrx_word' id='word_1_457' title='bbox 1453 4531 1483 4541; x_wconf 92' lang='lat'><em>-</em></span> <span class='ocrx_word' id='word_1_458' title='bbox 1520 4507 1563 4558; x_wconf 73' lang='lat'><strong>26·</strong></span> <span class='ocrx_word' id='word_1_459' title='bbox 1585 4514 1620 4558; x_wconf 80' lang='lat' dir='ltr'><strong>ert</strong></span> 
     </span>
     <span class='ocr_line' id='line_1_46' title="bbox 297 4575 1621 4644; baseline -0.002 -15"><span class='ocrx_word' id='word_1_460' title='bbox 297 4594 352 4629; x_wconf 92' lang='lat' dir='ltr'><strong>om.</strong></span> <span class='ocrx_word' id='word_1_461' title='bbox 373 4581 488 4630; x_wconf 82' lang='lat' dir='ltr'><strong>lirnestii</strong></span> <span class='ocrx_word' id='word_1_462' title='bbox 508 4592 615 4642; x_wconf 89' lang='lat' dir='ltr'><strong>operae.</strong></span> <span class='ocrx_word' id='word_1_463' title='bbox 639 4603 666 4613; x_wconf 90' lang='lat'><em>-</em></span> <span class='ocrx_word' id='word_1_464' title='bbox 705 4577 749 4626; x_wconf 77' lang='lat'><strong>27.</strong></span> <span class='ocrx_word' id='word_1_465' title='bbox 767 4575 926 4627; x_wconf 80' lang='lat' dir='ltr'><strong>mandatnm</strong></span> <span class='ocrx_word' id='word_1_466' title='bbox 944 4578 966 4628; x_wconf 93' lang='grc'><strong>1.</strong></span> <span class='ocrx_word' id='word_1_467' title='bbox 988 4604 1016 4614; x_wconf 95' lang='lat'>-</span> <span class='ocrx_word' id='word_1_468' title='bbox 1056 4575 1132 4630; x_wconf 82' lang='grc' dir='ltr'><strong><em>κατὰ</em></strong></span> <span class='ocrx_word' id='word_1_469' title='bbox 1151 4579 1312 4644; x_wconf 71' lang='lat' dir='ltr'><strong>ultorem.</strong></span> <span class='ocrx_word' id='word_1_470' title='bbox 1334 4579 1365 4628; x_wconf 92' lang='grc'><strong>11.</strong></span> <span class='ocrx_word' id='word_1_471' title='bbox 1386 4601 1418 4614; x_wconf 93' lang='lat'>-</span> <span class='ocrx_word' id='word_1_472' title='bbox 1445 4577 1489 4627; x_wconf 73' lang='lat'><strong>28.</strong></span> <span class='ocrx_word' id='word_1_473' title='bbox 1510 4591 1621 4640; x_wconf 77' lang='lat' dir='ltr'><strong>capnos-</strong></span> 
     </span>
     <span class='ocr_line' id='line_1_47' title="bbox 296 4645 1621 4714; baseline -0.002 -15"><span class='ocrx_word' id='word_1_474' title='bbox 296 4663 349 4700; x_wconf 84' lang='lat' dir='ltr'><strong>eem</strong></span> <span class='ocrx_word' id='word_1_475' title='bbox 366 4651 425 4702; x_wconf 88' lang='lat' dir='ltr'><strong>Ml:</strong></span> <span class='ocrx_word' id='word_1_476' title='bbox 446 4663 628 4714; x_wconf 74' lang='lat' dir='ltr'><strong>capnoscerem</strong></span> <span class='ocrx_word' id='word_1_477' title='bbox 646 4647 698 4696; x_wconf 85' lang='grc'><strong>1111.</strong></span> <span class='ocrx_word' id='word_1_478' title='bbox 720 4673 752 4682; x_wconf 97' lang='grc'>-</span> <span class='ocrx_word' id='word_1_479' title='bbox 788 4645 831 4695; x_wconf 84' lang='grc'><strong>30.</strong></span> <span class='ocrx_word' id='word_1_480' title='bbox 851 4645 921 4711; x_wconf 85' lang='lat' dir='ltr'><strong>eum]</strong></span> <span class='ocrx_word' id='word_1_481' title='bbox 941 4653 997 4696; x_wconf 86' lang='lat' dir='ltr'><strong>tnm</strong></span> <span class='ocrx_word' id='word_1_482' title='bbox 1015 4648 1037 4698; x_wconf 90' lang='lat' dir='ltr'><strong>l.</strong></span> <span class='ocrx_word' id='word_1_483' title='bbox 1062 4672 1088 4682; x_wconf 96' lang='lat'>-</span> <span class='ocrx_word' id='word_1_484' title='bbox 1128 4651 1338 4698; x_wconf 79' lang='lat' dir='ltr'><strong>aestimationem</strong></span> <span class='ocrx_word' id='word_1_485' title='bbox 1355 4649 1388 4699; x_wconf 86' lang='grc'><strong>11.</strong></span> <span class='ocrx_word' id='word_1_486' title='bbox 1409 4671 1440 4683; x_wconf 89' lang='grc'><strong>·-</strong></span> <span class='ocrx_word' id='word_1_487' title='bbox 1468 4647 1512 4696; x_wconf 94' lang='grc'><strong>31.</strong></span> <span class='ocrx_word' id='word_1_488' title='bbox 1532 4647 1621 4698; x_wconf 83' lang='lat' dir='ltr'><strong>Flem-</strong></span> 
     </span>
     <span class='ocr_line' id='line_1_48' title="bbox 297 4717 1620 4783; baseline -0.002 -13"><span class='ocrx_word' id='word_1_489' title='bbox 297 4720 376 4780; x_wconf 82' lang='lat' dir='ltr'><strong>mem]</strong></span> <span class='ocrx_word' id='word_1_490' title='bbox 395 4719 539 4770; x_wconf 75' lang='lat' dir='ltr'><strong>Flumineus</strong></span> <span class='ocrx_word' id='word_1_491' title='bbox 560 4719 581 4768; x_wconf 93' lang='lat' dir='ltr'><strong>l.</strong></span> <span class='ocrx_word' id='word_1_492' title='bbox 615 4741 643 4752; x_wconf 88' lang='lat'><strong>-·</strong></span> <span class='ocrx_word' id='word_1_493' title='bbox 682 4717 725 4766; x_wconf 87' lang='grc'><strong>33.</strong></span> <span class='ocrx_word' id='word_1_494' title='bbox 745 4717 865 4778; x_wconf 80' lang='lat' dir='ltr'><strong>loquerer</strong></span> <span class='ocrx_word' id='word_1_495' title='bbox 883 4719 914 4767; x_wconf 93' lang='grc'><strong>11.</strong></span> <span class='ocrx_word' id='word_1_496' title='bbox 947 4743 978 4753; x_wconf 92' lang='grc'><strong>-</strong></span> <span class='ocrx_word' id='word_1_497' title='bbox 1016 4719 1060 4768; x_wconf 80' lang='grc'><strong>31.</strong></span> <span class='ocrx_word' id='word_1_498' title='bbox 1079 4719 1122 4783; x_wconf 71' lang='lat' dir='ltr'><strong>fiet</strong></span> <span class='ocrx_word' id='word_1_499' title='bbox 1140 4720 1171 4768; x_wconf 92' lang='grc'><strong>11.</strong></span> <span class='ocrx_word' id='word_1_500' title='bbox 1199 4743 1230 4754; x_wconf 90' lang='grc'>-</span> <span class='ocrx_word' id='word_1_501' title='bbox 1266 4730 1369 4768; x_wconf 79' lang='lat' dir='ltr'><strong>comeo</strong></span> <span class='ocrx_word' id='word_1_502' title='bbox 1389 4731 1444 4767; x_wconf 87' lang='lat' dir='ltr'><strong>om.</strong></span> <span class='ocrx_word' id='word_1_503' title='bbox 1464 4717 1496 4767; x_wconf 91' lang='grc'><strong>11.</strong></span> <span class='ocrx_word' id='word_1_504' title='bbox 1520 4741 1547 4752; x_wconf 90' lang='lat'><strong>·-</strong></span> <span class='ocrx_word' id='word_1_505' title='bbox 1570 4719 1620 4767; x_wconf 88' lang='lat' dir='ltr'><strong>cet·</strong></span> 
     </span>
     <span class='ocr_line' id='line_1_49' title="bbox 297 4787 1620 4852; baseline -0.002 -14"><span class='ocrx_word' id='word_1_506' title='bbox 297 4791 402 4852; x_wconf 83' lang='lat' dir='ltr'><strong>loquere</strong></span> <span class='ocrx_word' id='word_1_507' title='bbox 418 4791 465 4839; x_wconf 89' lang='grc'><strong>111.</strong></span> <span class='ocrx_word' id='word_1_508' title='bbox 486 4817 517 4826; x_wconf 97' lang='grc'>-</span> <span class='ocrx_word' id='word_1_509' title='bbox 544 4789 588 4838; x_wconf 86' lang='grc'><strong>35.</strong></span> <span class='ocrx_word' id='word_1_510' title='bbox 608 4801 641 4836; x_wconf 83' lang='lat' dir='ltr'><strong>oe</strong></span> <span class='ocrx_word' id='word_1_511' title='bbox 658 4798 737 4848; x_wconf 76' lang='lat' dir='ltr'><strong>spero</strong></span> <span class='ocrx_word' id='word_1_512' title='bbox 755 4787 869 4850; x_wconf 78' lang='lat' dir='ltr'><strong>quodmn</strong></span> <span class='ocrx_word' id='word_1_513' title='bbox 885 4789 964 4838; x_wconf 86' lang='lat' dir='ltr'><strong>modo</strong></span> <span class='ocrx_word' id='word_1_514' title='bbox 983 4791 1028 4845; x_wconf 85' lang='lat' dir='ltr'><strong>M,</strong></span> <span class='ocrx_word' id='word_1_515' title='bbox 1048 4801 1095 4838; x_wconf 82' lang='lat' dir='ltr'><strong>nec</strong></span> <span class='ocrx_word' id='word_1_516' title='bbox 1113 4803 1170 4839; x_wconf 80' lang='lat' dir='ltr'><strong>sero</strong></span> <span class='ocrx_word' id='word_1_517' title='bbox 1188 4787 1304 4852; x_wconf 80' lang='lat' dir='ltr'><strong>quodum</strong></span> <span class='ocrx_word' id='word_1_518' title='bbox 1315 4788 1393 4838; x_wconf 81' lang='lat' dir='ltr'><strong>modo</strong></span> <span class='ocrx_word' id='word_1_519' title='bbox 1413 4788 1451 4847; x_wconf 85' lang='grc'><strong>11,</strong></span> <span class='ocrx_word' id='word_1_520' title='bbox 1469 4802 1524 4838; x_wconf 79' lang='lat' dir='ltr'><strong>nno</strong></span> <span class='ocrx_word' id='word_1_521' title='bbox 1543 4801 1620 4850; x_wconf 79' lang='lat' dir='ltr'><strong>spero</strong></span> 
     </span>
     <span class='ocr_line' id='line_1_50' title="bbox 297 4857 1619 4921; baseline -0.002 -13"><span class='ocrx_word' id='word_1_522' title='bbox 297 4861 413 4921; x_wconf 80' lang='lat' dir='ltr'><strong>quodum</strong></span> <span class='ocrx_word' id='word_1_523' title='bbox 438 4860 516 4908; x_wconf 86' lang='lat' dir='ltr'><strong>modo</strong></span> <span class='ocrx_word' id='word_1_524' title='bbox 536 4859 563 4917; x_wconf 90' lang='lat'><strong>1,</strong></span> <span class='ocrx_word' id='word_1_525' title='bbox 590 4870 624 4905; x_wconf 84' lang='lat' dir='ltr'><strong>oe</strong></span> <span class='ocrx_word' id='word_1_526' title='bbox 639 4870 690 4918; x_wconf 83' lang='lat' dir='ltr'><strong>pro</strong></span> <span class='ocrx_word' id='word_1_527' title='bbox 717 4871 744 4907; x_wconf 77' lang='lat' dir='ltr'><strong>se</strong></span> <span class='ocrx_word' id='word_1_528' title='bbox 771 4857 887 4919; x_wconf 81' lang='lat' dir='ltr'><strong>quodam</strong></span> <span class='ocrx_word' id='word_1_529' title='bbox 912 4857 991 4907; x_wconf 86' lang='lat' dir='ltr'><strong>modo</strong></span> <span class='ocrx_word' id='word_1_530' title='bbox 1014 4859 1132 4910; x_wconf 83' lang='lat' dir='ltr'><strong>victorio</strong></span> <span class='ocrx_word' id='word_1_531' title='bbox 1158 4864 1268 4910; x_wconf 80' lang='lat' dir='ltr'><strong>auctore</strong></span> <span class='ocrx_word' id='word_1_532' title='bbox 1293 4859 1322 4908; x_wconf 80' lang='lat' dir='ltr'><strong>E.</strong></span> <span class='ocrx_word' id='word_1_533' title='bbox 1360 4858 1471 4909; x_wconf 80' lang='lat' dir='ltr'><strong>Malim:</strong></span> <span class='ocrx_word' id='word_1_534' title='bbox 1500 4871 1533 4908; x_wconf 81' lang='lat' dir='ltr'><strong>oe</strong></span> <span class='ocrx_word' id='word_1_535' title='bbox 1559 4871 1619 4907; x_wconf 79' lang='lat' dir='ltr'><strong>aero</strong></span> 
     </span>
     <span class='ocr_line' id='line_1_51' title="bbox 298 4927 1620 4993; baseline 0.001 -15"><span class='ocrx_word' id='word_1_536' title='bbox 298 4943 358 4979; x_wconf 85' lang='lat' dir='ltr'><strong>cnm</strong></span> <span class='ocrx_word' id='word_1_537' title='bbox 376 4930 473 4979; x_wconf 74' lang='lat' dir='ltr'><strong>domm</strong></span> <span class='ocrx_word' id='word_1_538' title='bbox 494 4929 651 4990; x_wconf 84' lang='lat' dir='ltr'><strong>(Montani).</strong></span> <span class='ocrx_word' id='word_1_539' title='bbox 671 4927 723 4977; x_wconf 85' lang='lat' dir='ltr'><strong>Oa.</strong></span> <span class='ocrx_word' id='word_1_540' title='bbox 749 4950 778 4961; x_wconf 95' lang='lat'><em>-</em></span> <span class='ocrx_word' id='word_1_541' title='bbox 815 4929 881 4978; x_wconf 80' lang='lat' dir='ltr'><strong>midi</strong></span> <span class='ocrx_word' id='word_1_542' title='bbox 900 4935 1060 4992; x_wconf 68' lang='lat' dir='ltr'><strong>peraratum</strong></span> <span class='ocrx_word' id='word_1_543' title='bbox 1076 4929 1108 4980; x_wconf 85' lang='grc'><strong>11.</strong></span> <span class='ocrx_word' id='word_1_544' title='bbox 1129 4951 1162 4966; x_wconf 86' lang='grc'><strong>-</strong></span> <span class='ocrx_word' id='word_1_545' title='bbox 1197 4927 1458 4982; x_wconf 77' lang='lat' dir='ltr'><strong>ac.urom.ttu1.</strong></span> <span class='ocrx_word' id='word_1_546' title='bbox 1497 4927 1620 4993; x_wconf 83' lang='lat' dir='ltr'><strong>(Supple-</strong></span> 
     </span>
     <span class='ocr_line' id='line_1_52' title="bbox 298 4997 609 5058; baseline -0.013 -8"><span class='ocrx_word' id='word_1_547' title='bbox 298 5007 354 5050; x_wconf 82' lang='lat' dir='ltr'><strong>tunr</strong></span> <span class='ocrx_word' id='word_1_548' title='bbox 373 5013 388 5048; x_wconf 88' lang='lat' dir='ltr'><strong>e</strong></span> <span class='ocrx_word' id='word_1_549' title='bbox 407 4998 492 5049; x_wconf 84' lang='lat' dir='ltr'><strong>Gedd.</strong></span> <span class='ocrx_word' id='word_1_550' title='bbox 514 4997 609 5058; x_wconf 78' lang='lat' dir='ltr'><strong>hosii.)</strong></span> 
     </span>
    </p>
   </div>
   <div class='ocr_carea' id='block_1_10' title="bbox 0 0 1836 5892">
    <p class='ocr_par' dir='ltr' id='par_1_12' title="bbox 0 0 1836 5892">
     <span class='ocr_line' id='line_1_53' title="bbox 0 0 1836 5892; baseline 0 6"><span class='ocrx_word' id='word_1_551' title='bbox 0 0 1836 5892; x_wconf 95' lang='lat' dir='ltr'><strong> </strong></span> 
     </span>
    </p>
   </div>
  </div>
 </body>
</html>
