3656 5868
333 395 375 460 ιι
759 396 1108 464 selenomantiae
1131 359 1220 466 siu.

331 554 480 642 cogitanti
501 555 603 642 placet
622 553 702 622 illud
719 575 824 622 meum
845 556 1028 632 consilium,
1050 557 1137 644 quod
1156 559 1248 626 initio
1262 559 1402 628 Aristoni
1416 571 1542 638 nostro,
1564 573 1600 630 ut
1617 564 1657 630 no

331 672 382 717 me
411 651 512 727 venit,
548 650 686 728 ostendi;
715 670 828 736 graves
855 661 887 717 te
921 663 1140 738 suscepturum
1176 653 1374 733 inimicitias,
1411 657 1439 722 si
1472 657 1657 724 adolescens

331 755 443 833 potens
465 754 496 813 et
517 742 632 810 nobilis
653 767 672 811 a
697 756 727 812 te
755 745 928 833 ignominia
948 746 1078 812 allectus
1105 760 1196 816 esset.
1253 753 1292 814 Et
1317 749 1446 816 bercule
1467 751 1536 816 sine
1557 750 1657 818 dubio

330 843 392 908 erit
415 840 605 930 ignominia;
634 839 733 907 babes
757 841 842 907 enim
869 841 1027 906 neminem
1054 840 1186 908 bonoris
1213 843 1312 928 gradu
1338 845 1548 930 superiorem.
1601 846 1657 912 llla

306 946 451 1011 sautem,
472 945 508 1004 ut
523 934 664 1002 omittam
680 934 891 1011 nobilitatem,
912 935 973 1000 boc
987 935 1057 1022 ipso
1072 934 1169 1002 vincit
1188 937 1276 1003 viros
1295 937 1432 1024 optimos
1449 940 1657 1028 hominesque

186 1015 210 1134 A
330 1029 620 1105 innocentissimos,
653 1030 772 1126 leg-atos
794 1041 883 1106 tuos,
917 1029 1003 1116 quod
1032 1040 1064 1095 et
1096 1040 1247 1118 quaestor
1270 1042 1318 1098 est
1345 1041 1377 1098 et
1404 1043 1552 1121 quaestor
1571 1042 1656 1100 tuus.

329 1127 450 1192 Nocere
481 1123 540 1192 tibi
570 1124 686 1191 iratum
707 1124 864 1192 neminem
886 1145 979 1210 posse
1006 1124 1182 1211 perspicio;
1216 1125 1272 1192 sed
1310 1135 1414 1192 tamen
1440 1135 1504 1194 tres
1541 1127 1656 1194 iratres

329 1238 453 1285 summo
477 1219 549 1286 loeo
562 1229 666 1294 natos,
688 1229 868 1306 promptos,
890 1239 954 1284 non
975 1216 1165 1293 indisertos,
1188 1229 1219 1284 te
1233 1219 1309 1286 nolo
1321 1218 1440 1286 babere
1453 1221 1561 1296 iratos,
1583 1220 1656 1286 inre

330 1313 537 1402 praesertim3
559 1333 641 1401 quos
659 1311 754 1380 video
768 1313 916 1399 deinceps
930 1309 1075 1378 tribunos
1092 1312 1134 1399 pl.
1149 1333 1208 1398 per
1226 1313 1396 1380 triennium
1411 1314 1492 1381 lore.
1514 1319 1545 1380 3.
1564 1317 1656 1380 ‘lem-

292 1427 318 1471 ιι
330 1427 409 1494 pora
434 1417 537 1474 autem
556 1405 604 1473 rei
625 1405 771 1494 publicae
791 1406 895 1494 qualia
915 1405 1023 1474 futura
1044 1405 1120 1481 sint,
1149 1407 1220 1494 quis
1242 1407 1323 1474 scit?
1344 1407 1421 1474 llibi
1438 1408 1567 1496 quidem
1588 1417 1657 1474 tur·

329 1500 456 1568 bulento
480 1501 626 1568 videntur
646 1500 727 1568 iore.
771 1506 834 1570 Cur
853 1521 913 1586 ego
925 1509 956 1567 te
983 1499 1078 1566 velim
1092 1499 1232 1566 incidere
1249 1502 1282 1566 in
1300 1512 1441 1567 terrores
1456 1499 1655 1578 tribunicios,

328 1595 515 1682 praesertim
544 1615 616 1662 cum
637 1594 705 1660 sine
735 1595 919 1682 cuiusquam
947 1593 1193 1681 reprehensione
1215 1594 1403 1682 qsmestoriis
1428 1593 1539 1680 legatis
1560 1615 1656 1682 quae-

327 1699 445 1756 storem
465 1689 568 1777 possis
585 1688 767 1756 anteferret
805 1689 869 1767 Qui
890 1689 917 1754 si
939 1689 1070 1774 dignum
1101 1707 1135 1753 se
1161 1687 1337 1756 maioribus
1363 1688 1430 1754 suis
1455 1687 1655 1776 praebuerit,

327 1793 364 1850 ut
387 1804 482 1871 spero
514 1794 546 1849 et
572 1792 668 1871 opto,
698 1793 752 1849 tua
773 1783 841 1848 laus
863 1805 904 1850 ex
925 1783 1030 1870 aliqua
1052 1791 1141 1868 parte
1165 1781 1277 1860 suerio
1299 1781 1348 1848 sin
1369 1781 1446 1870 quitl
1469 1781 1654 1858 offenderit,

290 1899 317 1942 ιι
327 1877 389 1945 sibi
406 1887 523 1954 totum,
546 1877 624 1944 nibil
647 1876 705 1944 tibi
725 1875 903 1944 offenderit.
947 1879 1036 1955 Quae
1055 1875 1133 1942 mibi
1152 1876 1319 1944 veniebant
1342 1877 1375 1942 in
1395 1885 1550 1950 mentem,
1572 1895 1655 1961 quac

326 1973 366 2040 ad
388 1982 419 2039 te
433 1970 595 2060 pertinere
613 1970 811 2048 arbitrabar,
834 1971 921 2059 quod
940 1971 973 2038 in
991 1970 1131 2038 Ciliciam
1150 1969 1386 2057 proficiscebar,
1410 1967 1588 2038 existimavi
1603 1989 1655 2035 me

326 2067 366 2134 ad
385 2077 416 2132 te
439 2075 588 2153 oportere
606 2063 758 2132 scribere.
798 2070 847 2132 Tu
863 2064 950 2152 quod
971 2064 1087 2150 egeris,
1118 2063 1151 2130 itl
1169 2065 1264 2132 velim
1287 2065 1331 2132 dii
1351 2063 1537 2152 approbent.
1580 2061 1653 2140 Setl,

326 2161 353 2226 si
374 2181 425 2226 me
447 2159 573 2235 audies,
595 2157 709 2224 vitabis
731 2157 910 2225 iuimicitias
931 2167 963 2224 et
984 2157 1176 2245 posteritatis
1197 2158 1264 2226 otio
1285 2159 1442 2226 consules.

802 2300 886 2363 ιιι.
917 2295 964 2381 (a.
993 2301 1025 2364 u.
1048 2301 1080 2363 o.
1103 2295 1189 2382 ιιι.)

288 2416 368 2479 ιιΜ.
397 2413 561 2479 TULLIUS
589 2414 632 2476 bl.
653 2413 687 2476 F.
717 2414 757 2477 bl.
785 2415 821 2477 N.
844 2411 987 2476 CICERO
1010 2415 1089 2478 latr.
1112 2414 1143 2478 S.
1165 2415 1202 2476 Β.
1226 2413 1259 2477 G.
1282 2413 1425 2478 CAELIO
1448 2415 1483 2478 L.
1504 2415 1538 2479 F.
1561 2415 1595 2480 G.
1617 2415 1653 2480 N.

828 2506 959 2570 CALDO
982 2505 1146 2584 Qutnsr.

411 2630 440 2693 1.
463 2630 541 2693 Cum
570 2624 801 2713 optatissimum
827 2625 971 2692 nuntium
1000 2626 1189 2713 recepissem
1220 2635 1252 2692 te
1275 2625 1352 2694 mibi
1374 2636 1574 2713 quaestorem
1596 2625 1654 2692 ob-

326 2720 451 2808 tigisse,
486 2741 525 2786 eo
554 2719 775 2787 iucundiorem
796 2719 875 2786 mibi
903 2741 972 2786 eam
994 2730 1113 2786 sortem
1134 2719 1299 2806 sperabam
1321 2719 1411 2796 lore,
1447 2741 1512 2806 quo
1534 2719 1654 2788 diutius

326 2817 359 2883 in
383 2815 548 2904 provincia
576 2835 701 2880 mecum
730 2813 854 2882 luisses.
906 2814 1010 2900 Magni
1033 2813 1117 2880 enim
1143 2812 1310 2880 videbatur
1339 2813 1491 2880 interesse
1517 2813 1558 2879 ad
1581 2834 1653 2880 eam

291 2909 605 2983 nenecessitudinem,
628 2929 723 2995 qnam
744 2906 847 2975 nobis·
858 2928 929 2974 sors
943 2906 1125 2983 tribuisset,
1147 2907 1405 2974 cousuetudinem
1422 2927 1549 2995 quoque
1565 2927 1653 2974 aeco-

325 3005 412 3072 dere.
465 3006 577 3070 Postea
604 3023 677 3069 cum
706 3001 784 3070 mibi
813 3001 890 3068 nihil
923 3022 1067 3089 nequeo
1098 3012 1129 3067 te
1151 3002 1222 3088 ipso
1244 3022 1347 3090 neque
1368 3000 1407 3067 ab
1430 3001 1496 3067 ullo
1522 3000 1586 3066 alio
1613 3001 1652 3068 de

325 3097 462 3164 adventu
475 3106 531 3163 tuo
553 3094 763 3171 scriberetur,
785 3095 939 3172 verebar,
962 3117 1001 3162 ne
1023 3096 1057 3162 id
1078 3095 1121 3162 ita
1143 3095 1325 3161 caderet-
1346 3094 1432 3184 quod
1454 3094 1548 3161 etiam
1569 3115 1653 3162 nunc

325 3213 441 3259 vereor
462 3226 518 3266 -,
540 3211 580 3258 ne
601 3199 691 3267 ante,
714 3212 809 3278 quam
830 3199 865 3256 tn
889 3191 922 3256 in
945 3190 1141 3276 provinciam
1158 3189 1312 3264 venisses,
1350 3209 1410 3275 ego
1427 3189 1467 3256 de
1488 3189 1652 3276 provincia

326 3285 522 3352 decederem.
564 3285 679 3372 Accepi
701 3293 806 3351 autem
829 3306 847 3348 a
870 3294 900 3350 to
918 3284 1029 3350 missas
1051 3284 1170 3350 litteras
1191 3283 1224 3349 in
1249 3283 1372 3358 Cilicia,
1403 3303 1475 3348 cum
1499 3303 1600 3348 essem
1619 3283 1651 3348 in

288 3380 452 3454 soeastris,
489 3401 517 3446 a.
544 3378 576 3445 (l.
597 3401 629 3444 x.
651 3378 720 3445 Kal.
742 3376 917 3457 Quintiles,
950 3377 1083 3465 scriptas
1103 3377 1346 3452 humanissime,
1372 3375 1488 3464 quibus
1507 3376 1598 3444 laeile
1620 3385 1652 3444 et

326 3473 463 3540 officium
488 3483 520 3540 et
541 3472 703 3557 ingenium
727 3481 817 3537 tuum
847 3470 985 3557 perspici
1008 3481 1132 3558 posset;
1170 3471 1225 3537 sed
1254 3491 1357 3558 neque
1389 3471 1473 3538 unde
1508 3491 1651 3558 necque

325 3566 379 3633 die
396 3567 487 3634 datae
508 3575 613 3634 essent
633 3572 688 3632 aut
708 3585 772 3652 quo
794 3572 938 3650 tempore
955 3574 985 3628 te
1010 3574 1242 3651 exspectarem,
1271 3564 1503 3651 significabant;
1526 3587 1584 3632 nee
1606 3565 1649 3641 is,

326 3659 382 3748 qui
403 3659 564 3736 attalem,
602 3669 672 3725 ate
691 3666 874 3743 acceperat,
906 3666 942 3722 ut
963 3678 1004 3724 ex
1027 3679 1066 3724 eo
1094 3658 1225 3735 scirem,
1262 3680 1326 3746 qno
1348 3679 1390 3726 ex
1410 3659 1482 3726 loco
1503 3671 1557 3727 ant
1584 3679 1651 3747 quo

326 3765 467 3841 tempore
492 3761 597 3820 essent
623 3752 723 3819 datae.
773 3755 805 3818 9.
836 3753 925 3830 Quae
951 3771 1023 3818 oum
1052 3762 1156 3818 essem
1174 3752 1311 3828 incerta,
1348 3751 1526 3820 existimavi
1548 3761 1652 3818 tamen

289 3848 508 3916 sslaciuudum
529 3867 614 3922 esse,
636 3857 672 3912 ut
693 3844 732 3910 ad
755 3854 786 3911 te
808 3853 941 3911 statores
963 3865 1051 3910 meos
1073 3856 1104 3912 et
1118 3846 1245 3912 lictores
1261 3867 1332 3912 cum
1347 3847 1459 3913 litteris
1475 3846 1649 3923 mitterem

325 3962 403 4029 quas
425 3941 452 4007 si
474 3941 548 4008 satis
570 3949 750 4029 opportuno
774 3948 917 4026 tempore
937 3939 1104 4025 accepisti,
1138 3939 1349 4026 gratissimum
1372 3941 1450 4007 mibi
1470 3939 1600 4014 leceris,
1621 3939 1651 4004 si

324 4033 364 4100 ad
385 4055 436 4099 me
457 4035 490 4100 in
513 4032 653 4103 Ciliciam
682 4054 776 4120 quam
804 4031 943 4118 primum
974 4032 1111 4098 veneris.
1153 4037 1230 4098 Nam
1258 4033 1345 4120 quod
1371 4034 1411 4099 ad
1439 4055 1490 4098 me
1519 4033 1649 4107 Curius.

189 4177 197 4189 .
324 4127 533 4216 consobrinus
559 4137 654 4204 tuus,
689 4126 784 4202 mibi,
817 4136 852 4192 ut
875 4125 952 4200 scis,
989 4126 1127 4192 maxime
1162 4128 1375 4206 necessarius;
1407 4125 1493 4214 quod
1518 4125 1594 4192 item
1615 4129 1649 4192 C.

182 4210 185 4222 ’
286 4159 299 4288 i
325 4221 496 4307 Vergilius,
526 4222 723 4314 propinquus
744 4228 834 4296 tuus,
870 4217 1132 4306 familiarissimus
1154 4231 1278 4296 noster,
1300 4221 1340 4287 de
1361 4231 1391 4287 te
1416 4219 1650 4288 accuratissimo

287 4315 472 4402 ascripsit,
495 4315 577 4382 vultu
599 4301 633 4381 il
654 4312 783 4403 quidem
805 4313 889 4400 apud
910 4333 960 4379 me
979 4305 1134 4389 multum,
1156 4314 1249 4381 sicuti
1272 4314 1366 4381 debet
1387 4314 1553 4382 bominum
1571 4312 1651 4380 ami·

324 4408 524 4474 obsimorum
550 4408 685 4495 diligens
719 4407 966 4486 commendatio;
996 4408 1052 4475 sed
1081 4418 1153 4475 tuae
1179 4409 1302 4475 litterae
1323 4408 1363 4474 de
1388 4419 1442 4476 tua
1464 4407 1650 4495 praesertim

324 4501 473 4589 dignitate
495 4503 587 4570 etde
608 4512 715 4569 nostra
736 4500 956 4568 coniunctione
978 4502 1108 4568 maximi
1126 4513 1198 4570 sunt
1218 4502 1302 4590 apud
1323 4523 1374 4570 me
1388 4501 1549 4588 ponderis.
1571 4499 1649 4568 mln

393 4667 420 4719 9.
439 4667 540 4718 barcula
557 4667 604 4718 nt:
623 4665 705 4716 terete
722 4664 755 4716 ll.
777 4691 807 4703 -
846 4666 889 4717 19.
908 4667 1054 4730 quaestam
1072 4665 1109 4718 bl.
1141 4691 1170 4703 -
1209 4665 1252 4717 ts.
1273 4667 1345 4718 i'ort.
1364 4680 1422 4717 oum
1441 4661 1486 4729 (=
1507 4663 1601 4730 quom)
1619 4665 1649 4714 tn

325 4735 443 4788 caluom
458 4737 664 4804 propdsasbors.
683 4735 735 4787 On.
757 4759 789 4772 -
825 4736 869 4786 90.
895 4735 1001 4788 Morem
1027 4736 1116 4786 ιιιιιιιιι
1140 4737 1276 4787 marcatus
1293 4738 1314 4802 s.
1335 4770 1344 4787 .
1365 4771 1373 4788 .
1393 4769 1402 4787 .
1421 4734 1541 4801 (rasura)
1566 4737 1649 4786 daero

323 4805 469 4868 ιπιριιαιοι
493 4808 604 4858 mutor
626 4807 690 4857 uest
718 4803 819 4858 omne
847 4806 927 4856 ooslto
950 4805 1041 4858 lantolt
1064 4806 1120 4872 fillo
1140 4821 1220 4872 pocus
1245 4807 1370 4872 colonus
1394 4820 1453 4857 ιιιιιι
1478 4807 1648 4870 mensum

323 4878 445 4927 ιιιιιιιιιιιιι
462 4879 609 4942 osupum
627 4875 665 4928 bl.
686 4899 719 4914 -
753 4875 799 4926 95.
817 4877 872 4940 [ιιι
889 4875 928 4928 lll.
947 4903 979 4916 -
998 4877 1112 4927 metum
1136 4877 1175 4929 bl.
1203 4903 1234 4914 -
1269 4877 1315 4928 96.
1335 4878 1446 4934 roem,
1477 4890 1536 4926 eust
1552 4875 1648 4927 Hann-

325 4945 394 4996 tiusa
422 4947 596 5013 Posteaquam
617 4945 676 4998 titt.
704 4969 735 4984 -
772 4945 946 4998 bimuli:
971 4961 1051 5012 oequs
1076 4945 1110 4998 ll.
1130 4973 1158 4984 -
1195 4947 1240 4998 99.
1265 4944 1646 5012 ιιιιιᾳιιοΝιιιιᾳρι.91,

323 5021 355 5067 ot
377 5017 581 5080 mosomii,
613 5015 807 5083 usquaquoll.
829 5041 859 5053 -
879 5016 1049 5070 aemath
1076 5015 1150 5070 stll.
1171 5017 1570 5084 -ss.paesonoomouu=
1596 5027 1647 5067 ιιιι

322 5086 475 5151 mmm
493 5087 524 5138 Ι.
545 5109 575 5124 -·
609 5085 654 5138 97.
685 5087 721 5137 etl
738 5099 794 5138 om.
814 5085 852 5138 bl.
874 5111 904 5124 -
942 5085 987 5136 ³8.
1006 5089 1094 5138 mssa
1112 5088 1230 5153 olrptllus
1247 5087 1289 5148 fl,
1318 5088 1347 5138 v.
1370 5087 1492 5153 Vtrptltau
1511 5085 1541 5136 9.
