3666 5874
298 369 370 424 xxa
1332 343 1345 384 ⁸

383 510 434 603 1)
456 514 677 590 omissionum
688 537 901 613 magnopore
915 522 1048 589 nonnisi
1061 517 1210 590 incuriae
1223 521 1432 592 librariorum
1446 523 1623 592 tribuenda

299 625 367 708 cst,
388 627 584 711 praesertim
605 627 640 692 in
662 627 719 714 iis,
741 628 859 714 quibus
882 627 1030 708 omissis,
1050 645 1172 694 sensus
1194 629 1304 693 tamen
1319 629 1514 714 constabai3
1535 629 1624 697 aliae

298 731 410 796 autem
430 729 476 796 lbi
497 730 729 817 inveniuntur,
751 731 807 798 ubi
829 733 977 818 corrupti
1000 730 1079 818 quid
1100 733 1174 799 erat
1195 749 1233 798 re
1254 749 1338 799 vera
1359 735 1418 798 aut
1432 739 1623 819 corruptum

298 831 494 921 videbatur3
525 837 607 902 tunc
634 833 749 901 cadem
778 837 867 920 arte,
902 853 967 922 qua
987 834 1087 903 hodie
1109 853 1239 924 quoque
1261 835 1373 904 soient
1393 836 1443 902 uti
1465 853 1567 926 saepe
1588 839 1624 905 in

297 936 383 1004 locis
410 935 600 1023 desperatis
628 932 743 1008 (tritici
771 933 941 1027 nonnulli,
975 940 1101 1009 librarii
1130 939 1299 1008 doctiores
1327 939 1502 1028 delebant,
1539 959 1625 1028 quae

298 1042 457 1128 suspecto
486 1042 698 1110 videbantur.
740 1037 830 1113 Sunt
857 1044 935 1110 item
963 1045 1029 1112 loci
1055 1046 1199 1132 aliquot,
1230 1041 1291 1111 sed
1313 1043 1485 1112 admodum
1508 1047 1623 1132 pauci,

296 1144 353 1213 ubi
375 1147 566 1236 necessario
587 1144 713 1234 aliquid
728 1145 903 1216 delendum
919 1151 1009 1235 crat,
1030 1168 1063 1217 v.
1077 1167 1106 1216 c.
1120 1149 1228 1216 ieisae
1242 1151 1463 1235 repetitiones
1478 1148 1624 1218 eiusdem

296 1250 468 1336 vocabuli,
488 1251 734 1342 geminationes
753 1270 955 1343 perversae,
976 1253 1104 1320 similia.
1148 1252 1244 1319 'l'olis
1265 1250 1378 1321 deleto
1399 1271 1476 1322 esse
1492 1256 1527 1320 in
1541 1252 1624 1322 cdd.

295 1355 407 1422 multis
428 1373 502 1436 cur,
525 1373 669 1442 quaeso,
690 1347 868 1423 miremur?

381 1451 433 1541 4)
453 1457 767 1528 Additamentorum
789 1463 867 1527 item
888 1459 1013 1548 duplex
1034 1463 1087 1528 est
1108 1479 1236 1553 genus3
1258 1461 1436 1548 aliquoties
1450 1463 1537 1529 enim
1555 1481 1623 1529 vo-

296 1563 448 1632 cabulum
468 1563 604 1651 aliquod
625 1581 766 1652 prorsus
787 1569 1010 1632 necessarlum
1040 1565 1165 1634 excidit
1187 1584 1206 1632 e
1227 1564 1384 1634 Medieeo
1406 1566 1498 1633 laeill
1521 1585 1625 1653 opera

295 1665 538 1735 restituendum
564 1667 606 1735 ab
636 1685 692 1754 eo,
726 1668 781 1755 qni
802 1668 924 1736 Latine
945 1671 1064 1736 sciret:
1100 1671 1291 1756 neutiquam
1313 1670 1418 1760 igitur
1439 1669 1481 1737 de
1503 1669 1625 1739 Victo-

295 1775 411 1840 rianae
440 1772 630 1838 sententiae
658 1766 806 1839 veritate
834 1769 1069 1856 dubitemusne,
1101 1774 1157 1842 ubi
1178 1792 1199 1839 a
1220 1768 1345 1842 Codice
1375 1793 1442 1840 uno
1470 1775 1625 1842 alterove

295 1875 480 1960 particulas
498 1875 657 1961 imprimis
676 1875 833 1963 praeberi
853 1875 1024 1963 videmus,
1046 1896 1130 1965 ques
1152 1877 1367 1968 negligenter
1389 1879 1498 1944 omisit
1519 1879 1625 1947 libra-

294 1983 365 2047 rius
391 1976 588 2047 Mediceus:
622 1980 763 2047 alterum
793 1981 905 2046 autem
936 1999 1047 2066 genus
1080 1985 1132 2049 est
1159 1983 1465 2068 supplementorum
1495 1984 1625 2049 minima

295 2085 579 2168 necessariorum,
600 2083 840 2172 glossematum
855 2082 984 2152 scillcet
1005 2085 1040 2151 in
1061 2083 1257 2152 adliciendis
1278 2087 1420 2174 singulis
1441 2087 1625 2172 vocabulis,

295 2190 396 2276 atque
422 2187 716 2274 interpolationum
745 2189 810 2254 trio
837 2190 1041 2274 quattuorve
1062 2188 1229 2256 vocabula
1253 2207 1358 2277 prave
1380 2191 1625 2259 inculcantlum.

380 2283 429 2376 5)
450 2290 615 2379 Reliquae
636 2297 748 2359 autem
769 2292 1029 2381 immutationes,
1052 2311 1137 2380 quae
1159 2293 1203 2372 ad
1219 2294 1358 2361 istorum
1371 2313 1531 2382 generum
1547 2295 1625 2362 nui.

293 2402 360 2470 lum
381 2398 501 2465 referri
523 2399 685 2484 possunt,
711 2413 823 2462 merae
844 2397 1058 2463 coniecturae
1078 2401 1158 2464 sont
1180 2397 1430 2466 existimandae.
1474 2398 1626 2467 Pertinet

293 2506 359 2574 huc
382 2501 579 2589 aliquando,
599 2499 661 2567 sed
683 2517 840 2586 perraro,
861 2501 1050 2566 immutatus
1073 2503 1291 2587 epistolarum
1310 2502 1410 2588 ordo;
1430 2504 1536 2570 veluti
1552 2523 1626 2571 cum

293 2607 450 2676 Ambros.
479 2601 540 2672 13.
564 2608 599 2670 et
627 2604 710 2672 Rec.
732 2604 820 2690 apud
849 2603 1076 2671 Bentinolium
1098 2605 1173 2673 Vol.
1197 2607 1244 2672 11.
1275 2627 1307 2692 p.
1327 2603 1419 2673 315.
1450 2607 1541 2674 Libri
1565 2607 1626 2675 14.

293 2713 358 2798 Ep.
373 2709 409 2777 4.
430 2709 649 2797 praemittunt
670 2711 794 2776 ceteris
813 2706 917 2795 ldpp,
948 2727 1032 2795 quas
1053 2709 1097 2776 ad
1119 2729 1199 2777 suos
1220 2711 1357 2796 scripsit
1378 2710 1507 2779 Cicero.
1549 2711 1626 2777 lla-

293 2837 366 2885 rum
394 2817 505 2882 autem
534 2813 663 2879 varium
692 2830 802 2902 genus
831 2828 907 2878 esse
930 2814 1102 2898 perspexi:
1135 2832 1210 2880 nam
1232 2815 1428 2882 coniectura
1449 2815 1626 2882 emendare

294 2919 473 2990 tentabant
501 2920 560 2983 aut
587 2919 684 2984 recta
712 2919 747 2984 et
774 2917 909 3006 integra
936 2934 999 2985 nec
1030 2921 1141 2985 tamen
1169 2919 1253 2985 satis
1279 2919 1467 3003 intellecta,
1499 2919 1626 2987 frustra

294 3042 379 3116 ergo
402 3026 437 3090 et
458 3039 581 3110 prave3
603 3023 663 3088 out
684 3021 896 3087 immutarunt
918 3025 1094 3108 corrupta3
1116 3023 1235 3109 quibus
1257 3024 1459 3089 coniecturis
1480 3029 1539 3090 aut
1558 3043 1625 3092 ve-

293 3148 366 3196 rum
386 3121 496 3214 ipsum
515 3128 756 3214 restituerunt,
788 3129 847 3191 aut
875 3125 1094 3210 probabiliter
1123 3145 1163 3192 ea
1184 3128 1218 3192 in
1241 3145 1278 3193 re
1299 3129 1427 3193 versati
1447 3131 1545 3210 sunt,
1578 3121 1626 3194 i'ta

294 3236 333 3300 ut
354 3232 490 3299 meliora
512 3228 658 3297 nondum
679 3231 748 3295 sint
770 3229 985 3320 excogitata3
1007 3235 1065 3298 aut
1087 3229 1230 3319 denique
1246 3249 1383 3317 prorsus
1397 3232 1625 3318 improbabilia

295 3355 336 3404 ac
358 3338 581 3424 praepostera
603 3331 800 3420 depravatis
822 3333 1080 3420 substituerunt,
1102 3336 1150 3401 ita
1172 3338 1210 3400 ut
1231 3353 1292 3422 pro
1315 3353 1381 3400 uno
1404 3352 1519 3404 errore
1540 3334 1624 3404 duas

295 3457 384 3509 nunc
407 3441 566 3526 pluresve
587 3437 777 3506 habeamus

381 3535 430 3627 6]
453 3540 610 3610 Ultimum
638 3559 767 3632 genus,
800 3542 918 3629 procul
945 3560 1034 3610 nune
1062 3545 1204 3609 amotum
1232 3542 1297 3611 hac
1317 3561 1390 3611 mea
1411 3562 1513 3628 cura,
1544 3544 1626 3612 illud

297 3651 388 3736 erat,
409 3648 465 3714 ubi
488 3645 570 3715 cdd.
592 3652 671 3734 post
692 3645 884 3713 Ernestium
904 3648 1096 3715 accuratius
1116 3648 1248 3733 collati,
1270 3648 1312 3714 ab
1335 3649 1407 3716 eius
1426 3651 1624 3716 recensione

297 3774 370 3824 cum
391 3752 576 3820 levioribus
598 3752 633 3815 in
653 3750 771 3835 rebus,
807 3754 876 3816 tuna
906 3751 939 3815 ln
969 3749 1085 3817 ordine
1106 3753 1245 3818 maxime
1267 3753 1503 3819 vocabulorum
1526 3753 1626 3820 diffe-

296 3859 435 3937 rebant,
456 3873 520 3923 nec
542 3859 653 3920 tamen
674 3857 755 3921 ante
777 3852 836 3921 cd.
850 3852 1040 3922 Mediceum
1064 3854 1173 3922 denuo
1196 3873 1370 3924 excussum
1387 3857 1465 3924 sciri
1481 3861 1626 3942 poterat,

297 3959 381 4032 cdd.
395 3962 471 4028 illos
492 3977 565 4027 cum
587 3960 661 4045 ipsu
684 3957 869 4045 archetypo
891 3957 1049 4026 Medicco
1072 3962 1260 4026 consentire
1281 3964 1400 4028 contra
1419 3963 1626 4028 recentiores

297 4065 447 4135 1111.-
484 4062 579 4147 Quae
609 4081 682 4130 cum
713 4063 888 4128 verissima
916 4063 985 4127 sint
1013 4068 1047 4128 et
1077 4081 1118 4130 ex
1147 4061 1274 4129 diutina
1296 4065 1544 4150 comparatione
1565 4063 1625 4132 cd

298 4169 446 4242 Medicci
470 4187 543 4236 cum
565 4170 680 4235 cetera
700 4167 856 4234 lectionis
877 4167 1043 4233 uarietate
1066 4169 1227 4254 repetita,
1250 4169 1411 4251 exemplis
1432 4171 1541 4233 tamen
1565 4166 1625 4233 iir-

299 4276 382 4345 mori
404 4272 544 4342 debent:
577 4290 652 4337 nam
673 4274 711 4335 ut
733 4272 899 4361 integrum
921 4270 1077 4337 volumen
1100 4273 1326 4354 conscribam,
1344 4267 1389 4337 ‘in
1411 4290 1476 4357 qno
1498 4288 1624 4337 omnem

301 4381 443 4450 omnium
465 4375 615 4444 codicum
634 4374 743 4444 adhuc
757 4379 924 4461 repertam
939 4379 1136 4442 varietatem
1152 4394 1351 4462 persequar,
1373 4374 1405 4440 id
1421 4378 1513 4442 certe
1528 4394 1623 4441 nemo

296 4497 322 4554 ‘a
344 4503 396 4552 me
417 4482 610 4571 postulabit.
651 4478 693 4547 ld
714 4483 823 4546 autem
845 4479 877 4545 h.
897 4481 919 4546 i.
938 4479 1094 4565 imprimis
1115 4481 1297 4546 conuenire
1318 4479 1479 4562 iudicavi,
1513 4480 1541 4544 sl
1564 4498 1624 4546 su-

296 4605 424 4656 merem
453 4583 514 4654 Cd.
534 4585 763 4670 Erfurtensls,
795 4583 837 4650 de
864 4603 928 4670 quo
950 4585 1092 4649 maxima
1113 4587 1343 4650 controversia
1364 4581 1441 4648 milri
1463 4587 1625 4667 movetur,

303 4694 468 4782 integram
498 4692 695 4757 varietatem
724 4687 768 4755 ad
793 4687 967 4772 Epistulas
995 4690 1065 4754 tres
1092 4689 1222 4773 priores
1243 4688 1335 4756 Libri
1357 4686 1435 4754 XV.
1457 4691 1624 4753 enotatam

304 4795 629 4882 demonstraremque
652 4796 687 4859 in
707 4792 866 4882 singulis,
894 4791 938 4859 ad
960 4789 1049 4879 quod
1068 4809 1229 4882 generum
1249 4810 1353 4876 supra
1374 4795 1624 4857 memoratorum

306 4916 456 4988 quaeque
483 4900 583 4968 lectio
611 4899 806 4987 pertineret.
847 4895 971 4964 Acrius
1007 4895 1062 4963 ubi
1098 4896 1245 4985 urgebor
1279 4897 1322 4962 ab
1358 4894 1624 4964 adversariorum

307 5004 477 5095 quopiam,
507 5005 594 5075 idem
622 5003 742 5075 iactam
761 5002 798 5072 in
817 5003 963 5074 lectione
984 4997 1125 5070 crudum
1147 4999 1229 5072 cdd.
1246 5001 1361 5092 piures
1382 5017 1444 5092 per
1462 4997 1626 5086 epistolas
