3658 5930
353 329 415 392 608
836 331 897 398 ΕΡ.
919 333 972 394 ΔΙ)
995 332 1168 396 ATTlCUbl

351 485 532 573 scripseras.
588 489 661 553 Erat
682 485 765 552 enim
787 487 884 553 sicin
905 488 966 553 tuis
988 487 1120 564 litteris,
1147 509 1226 576 quas
1246 490 1357 575 Ar'piui
1378 511 1581 578 acceperam,
1612 515 1723 558 eum

350 591 517 648 venturum
544 579 777 668 lecturumque,
815 581 899 668 quod
921 600 981 666 ego
1004 581 1124 647 vellem.
1167 586 1233 667 Ego
1254 583 1398 650 volebam
1420 597 1526 652 autem
1549 589 1609 653 vel
1633 607 1725 662 ,cu-

351 675 473 763 piebam
505 674 611 760 potius
638 697 707 741 esse
729 697 801 740 cum
823 674 995 741 nobiscum.
1040 672 1134 752 Quod
1155 682 1228 762 quia
1250 678 1357 765 plane,
1387 699 1457 745 cum
1479 681 1511 746 in
1533 683 1719 747 Formia-

351 793 425 836 num
456 770 603 843 venisset,
633 769 849 854 praeciderat,
882 769 1024 855 asperius
1046 769 1084 833 ad
1106 778 1137 834 te
1159 771 1198 836 dc
1220 793 1259 838 eo
1281 771 1421 839 scribere
1442 773 1598 840 solebam.
1657 782 1717 839 At

328 865 402 930 sille
431 883 587 950 perpauca
615 862 737 929 locutus
763 864 843 929 banc
871 883 1023 928 summam
1049 861 1158 928 babuit
1190 867 1359 934 orationis:
1393 876 1429 934 ut
1449 868 1508 934 sibi
1531 870 1713 955 ignosce-

350 980 435 1035 rem,
463 979 496 1023 se
518 956 613 1022 rebus
636 957 700 1023 suis
722 957 904 1044 impeditum
927 955 1088 1021 nobiscum
1109 957 1232 1023 irenen
1245 980 1349 1045 posse.
1392 965 1492 1027 Pauca
1507 961 1707 1048 respondi;

351 1073 496 1136 maguum
519 1052 622 1138 accepi
655 1051 812 1131 dolorem;
847 1052 986 1118 intellexi
1016 1052 1172 1117 fortunam
1200 1051 1241 1117 ab
1269 1074 1308 1119 eo
1334 1062 1473 1120 nostram
1495 1056 1703 1142 despectam

351 1167 430 1211 esse.
485 1145 568 1225 Quid
590 1152 736 1232 quaeris?
769 1153 911 1213 Fortasse
933 1144 1113 1211 miraberis:
1136 1147 1169 1212 iu
1191 1147 1336 1215 maximis
1358 1148 1472 1216 borum
1494 1159 1699 1234 temporum

350 1237 515 1305 doloribus
544 1239 626 1304 bunc
653 1240 729 1305 mibi
758 1246 835 1308 scito
865 1263 942 1306 esse.
984 1239 1101 1312 Velim,
1135 1251 1170 1306 ut
1199 1239 1257 1306 tibi
1279 1243 1397 1309 amicus
1418 1246 1467 1311 sit.
1512 1248 1582 1310 lloc
1607 1265 1697 1308 cum

317 1333 406 1399 utibi
429 1344 518 1420 opto.
549 1343 624 1420 opto
645 1346 680 1400 ut
701 1333 811 1401 beatus
832 1335 894 1412 sis;
927 1335 988 1400 erit
1010 1335 1092 1398 euim
1115 1333 1243 1400 tamdiu.
1287 1339 1317 1402 2.
1340 1339 1508 1405 Consilium
1529 1347 1696 1404 nostrum

350 1449 444 1514 spero
467 1449 600 1493 vacuum
630 1429 772 1514 periculo
801 1430 880 1495 lore.
923 1435 999 1494 Nam
1029 1437 1060 1493 et
1081 1427 1347 1497 dissimulabimus
1369 1441 1462 1497 en-
1483 1442 1519 1500 ut
1540 1435 1694 1519 opinor,

350 1522 501 1588 acerrime
522 1521 755 1588 asservabimur
777 1563 835 1598 -,
872 1522 1029 1608 navigatio
1051 1521 1146 1588 modo
1169 1523 1224 1596 sit,
1247 1523 1370 1610 qualem
1392 1535 1468 1614 opto
1491 1563 1532 1575 -
1554 1537 1692 1599 cetera,

350 1638 430 1699 quae
455 1616 581 1703 quidem
612 1617 742 1683 consilio
771 1617 932 1703 provideri
961 1624 1121 1703 poterunt,
1156 1615 1358 1684 cavebuntur.
1400 1625 1462 1696 Tu,
1484 1620 1560 1686 dum
1581 1619 1694 1684 adsu-

349 1733 429 1784 mus,
452 1731 514 1776 non
537 1709 632 1775 modo
654 1731 734 1798 quac
756 1711 863 1776 scieris
885 1711 1076 1782 audierisvc,
1105 1709 1160 1776 sed
1182 1711 1273 1776 etiam
1297 1734 1377 1799 quae
1399 1713 1505 1779 futura
1525 1713 1692 1800 provide-

313 1805 415 1880 rsbis,
440 1803 561 1870 scribas
590 1805 694 1870 velim.
738 1811 768 1872 3.
790 1811 886 1880 Cato,
923 1805 978 1891 qui
1007 1803 1142 1870 Siciliam
1171 1813 1278 1870 tenere
1299 1806 1385 1872 nullo
1406 1807 1532 1892 negotio
1554 1807 1688 1893 potuit,

350 1911 395 1976 ct,
418 1899 444 1966 si
466 1899 637 1974 tenuisset,
660 1920 768 1964 omnes
787 1898 861 1965 boni
883 1898 922 1964 ad
945 1919 1017 1964 eum
1039 1918 1073 1962 se
1092 1897 1313 1972 contulissent,
1338 1901 1498 1990 Syracusis
1512 1900 1687 1986 profectus

349 2004 488 2060 estante
511 1993 594 2058 diem
615 2013 689 2058 vur.
711 1993 779 2060 llal.
802 1992 889 2067 Mai,
919 2001 955 2058 ut
975 1991 1015 2057 ad
1036 2012 1087 2058 me
1110 1992 1205 2058 Curio
1226 1993 1360 2079 scripsit.
1416 1995 1554 2066 Utinam,
1587 1993 1686 2080 quod

348 2089 453 2160 aiunt.
491 2092 578 2154 Cotta
601 2086 774 2152 Sardiniam
796 2091 913 2151 teneatt
950 2091 1006 2152 Est
1027 2086 1110 2151 enim
1132 2108 1253 2152 rumor.
1297 2090 1338 2161 0,
1369 2088 1396 2153 si
1418 2087 1451 2153 id
1472 2087 1583 2162 fuerit,
1606 2098 1684 2154 tur-

350 2203 422 2268 pem
445 2184 613 2247 Catoneml
644 2185 675 2245 1.
698 2185 780 2265 Ego,
802 2191 838 2246 ut
858 2180 1032 2245 minuerem
1055 2179 1264 2266 suspicionem
1287 2179 1489 2267 protectionis
1510 2191 1564 2247 aut
1587 2187 1684 2267 cogi-

312 2276 476 2342 rotationis
508 2296 612 2349 meae,
642 2274 802 2359 proiectus
832 2295 900 2340 sum
931 2275 963 2339 iu
995 2273 1219 2360 Pompeianum
1249 2297 1278 2340 a.
1308 2275 1339 2340 d.
1367 2296 1434 2341 nn.
1464 2275 1527 2350 ld.,
1562 2285 1597 2342 ut
1631 2275 1679 2340 ibi

351 2391 467 2442 essem,
496 2368 585 2441 dum,
622 2389 703 2455 quae
733 2367 773 2432 ad
801 2366 1008 2452 navigandum
1038 2387 1118 2452 opus
1139 2377 1258 2442 esseut,
1295 2377 1491 2454 pararentur.
1534 2373 1612 2436 Cum
1635 2367 1678 2433 ad

350 2464 455 2529 villam
470 2463 640 2536 venissem,
663 2470 791 2528 ventum
812 2471 859 2526 est
873 2460 912 2524 ad
925 2480 991 2526 me:
1017 2461 1244 2532 „centuriones
1265 2463 1360 2527 trium
1381 2461 1568 2536 cohortium,
1592 2483 1677 2548 quae

350 2556 510 2642 Pompeiis
531 2564 618 2629 suot,
641 2575 692 2620 me
713 2555 793 2620 velle
814 2555 1008 2640 postridie:”
1031 2591 1071 2602 -
1094 2556 1171 2621 baec
1191 2577 1312 2622 mecum
1335 2557 1465 2622 Ninnius
1485 2565 1607 2633 noster;
1631 2591 1672 2604 -

350 2652 459 2726 „velle
481 2671 536 2716 eos
558 2650 633 2714 mibi
655 2671 689 2715 se
712 2659 742 2714 et
763 2648 914 2736 oppidum
937 2649 1091 2714 tradere.”
1133 2656 1172 2717 nt
1193 2672 1253 2737 ego
1275 2651 1332 2716 tibi
1352 2650 1505 2737 postridie
1523 2649 1592 2732 †ad
1615 2650 1673 2713 vil·

205 2735 208 2743 ’
312 2758 340 2802 ²⁵
350 2745 410 2812 lam
444 2755 513 2811 ante
544 2745 660 2818 lucem,
698 2753 733 2810 ut
760 2765 811 2808 mc
839 2745 967 2811 omnino
994 2744 1038 2809 illi
1066 2766 1105 2808 ne
1136 2744 1288 2810 viderent.
1339 2745 1423 2824 Quid
1444 2745 1527 2808 enim
1550 2755 1618 2808 erat
1640 2744 1671 2806 in

350 2839 451 2906 tribus
479 2838 685 2905 cohortibus?
724 2838 824 2917 Quid.
860 2838 885 2904 si
918 2839 1047 2925 plures‘l
1077 2842 1150 2917 Quo
1178 2846 1351 2925 apparatui
1389 2838 1529 2924 Cogitavi
1561 2837 1670 2902 cadom

348 2934 400 2999 illa
424 2933 582 3006 Caeliana,
606 2955 686 3020 quae
707 2933 769 3018 legi
790 2934 823 2998 in
844 2932 974 3019 epistola
996 2941 1066 3007 tua,
1088 2953 1181 3019 quam
1203 2934 1322 3021 accepi,
1346 2933 1439 2998 simul
1460 2942 1492 2997 et
1512 2932 1545 2997 iu
1561 2935 1671 2997 ffirma-

349 3051 423 3094 num
445 3029 531 3102 veni,
555 3027 666 3093 eodem
689 3027 755 3098 die.
784 3028 847 3108 †et
868 3026 960 3092 simul
982 3025 1051 3091 lieri
1074 3035 1211 3112 poterat,
1234 3037 1269 3092 ut
1291 3034 1493 3092 tentaremur.
1537 3027 1667 3090 Omnem

348 3123 445 3209 igitur
480 3122 689 3209 suspicionem
719 3123 839 3188 sustuli.
883 3127 912 3187 5.
944 3121 1005 3186 Sed
1027 3142 1098 3185 cum
1120 3121 1233 3196 redeo,
1265 3124 1448 3186 Hortensius
1470 3127 1616 3192 venerat,
1637 3129 1668 3183 et

314 3215 389 3280 ³⁰ad
417 3215 595 3281 Terentiam
622 3215 787 3280 salutatum
815 3213 1009 3291 deverterat;
1039 3236 1184 3279 sermone
1212 3226 1278 3280 erat
1304 3237 1379 3280 usus
1400 3211 1574 3279 honorifico
1595 3232 1666 3295 erga

348 3330 409 3374 me.
452 3313 569 3373 Tamen
592 3329 680 3382 eum,
713 3316 748 3374 ut
772 3319 864 3395 puto,
894 3308 1029 3385 videbo;
1063 3308 1146 3374 misit
1167 3311 1250 3374 eninr
1274 3331 1408 3396 puerum
1429 3327 1463 3372 se
1485 3307 1524 3371 ad
1546 3327 1595 3370 me
1616 3327 1668 3370 ve-

348 3403 427 3471 niro.
469 3405 537 3467 lloe
568 3401 695 3488 quidem
723 3403 834 3468 melius
863 3424 956 3489 quam
987 3402 1105 3487 collega
1136 3415 1243 3469 noster
1270 3409 1443 3479 Antonius3
1479 3400 1568 3466 cuius
1589 3400 1666 3463 inter

347 3497 474 3562 lictores
489 3497 596 3562 lectica
611 3497 704 3562 mima
719 3505 871 3583 portatur.
899 3501 929 3560 6.
952 3501 1014 3570 Tu,
1032 3493 1183 3584 {lucillam
1207 3507 1356 3583 quartana
1379 3517 1481 3570 cares,
1504 3503 1535 3559 et
1556 3491 1662 3582 nedum

349 3610 465 3655 novum
495 3588 640 3656 morbum
673 3591 835 3655 removisti
864 3589 918 3653 sed
948 3589 1041 3654 etiam
1069 3590 1284 3674 gravedinem,
1307 3599 1337 3656 te
1360 3601 1505 3676 vegetum
1526 3585 1614 3652 nobis
1634 3587 1662 3650 in

312 3681 480 3747 correcta
501 3683 595 3760 siste;
618 3692 650 3748 et
670 3683 844 3749 litterarum
866 3681 983 3768 aliquid
1005 3681 1135 3748 interea.

418 3901 444 3952 3.
463 3903 598 3952 vobiscum
618 3903 640 3952 l.
673 3928 704 3939 -
741 3903 768 3952 5.
788 3903 937 3965 ipnoaceret
955 3915 1026 3952 corr.
1051 3902 1089 3952 Μ.
1110 3926 1140 3936 -
1178 3903 1204 3952 9.
1226 3905 1278 3950 cito
1298 3904 1336 3954 Μ.
1357 3927 1388 3938 -
1426 3904 1469 3953 11.
1493 3903 1661 3953 dissimulavi·

348 3985 408 4021 mar
424 3971 470 4021 111.
508 3973 552 4030 (Ut
574 3987 641 4031 nos,
661 3973 724 4023 Pius
747 3980 774 4022 et
796 3973 942 4025 Manutius.
987 3972 1026 4021 lic
1045 3973 1071 4022 Μ
1095 3985 1148 4020 non
1171 3973 1235 4022 satia
1257 3975 1384 4028 constat.)
1404 3997 1435 4008 -
1473 3977 1497 4021 at
1516 3999 1546 4008 -
1569 3974 1661 4034 etapi-

347 4054 417 4102 nor,
437 4045 566 4092 comme
584 4043 782 4093 asservabimur
802 4067 832 4078 ·-
848 4078 856 4102 ‚
874 4043 1020 4104 occiputa'o
1039 4065 1050 4075 ·
1067 4065 1078 4075 ·
1096 4047 1157 4103 opto
1179 4067 1209 4077 -
1235 4050 1324 4092 cetera
1341 4042 1475 4092 Orellius:
1502 4047 1542 4102 et,
1566 4047 1594 4090 ot
1612 4045 1660 4104 opi·

347 4125 417 4174 nur,
436 4113 564 4162 uccnima
586 4114 787 4162 adseruabantur
805 4113 1013 4173 (observabimus
1031 4112 1064 4167 l).
1102 4111 1246 4174 ll'uvtpatio
1264 4136 1275 4146 -
1292 4136 1303 4146 -
1321 4119 1393 4173 opto.
1414 4113 1505 4162 Cetera
1526 4113 1616 4164 Μ1113.
1630 4137 1658 4148 -

347 4182 391 4232 13.
408 4189 556 4244 potuerunt
578 4198 617 4246 pr.
641 4183 678 4235 Μ.
709 4210 740 4220 -
778 4183 822 4234 tt.
840 4185 906 4233 acies
927 4197 967 4246 pr.
991 4181 1028 4232 Μ.
1061 4207 1092 4218 ·-
1135 4184 1177 4233 19.
1197 4183 1272 4244 Erpo
1296 4182 1443 4233 Lambinus
1464 4191 1491 4233 et
1513 4197 1553 4246 pr.
1572 4183 1605 4232 Μ.
1630 4208 1658 4219 -

346 4252 391 4302 99.
410 4260 519 4304 ventum
536 4249 585 4316 eat]
603 4261 734 4303 venerant
753 4255 789 4304 111
813 4259 841 4305 et
858 4268 912 4318 mg.
934 4253 971 4305 bl·
993 4279 1023 4288 -
1060 4252 1104 4302 93.
1123 4266 1163 4303 nea
1183 4253 1247 4302 velle
1267 4266 1321 4302 om.
1343 4253 1365 4302 1.
1387 4277 1419 4289 -·
1453 4253 1583 4315 poarrtdta
1605 4267 1658 4302 con-

346 4323 456 4373 uenire:
475 4324 538 4374 boec
558 4326 658 4375 cumZ
678 4323 937 4386 armaturarum
959 4323 1118 4373 Lambinus.
1143 4347 1174 4358 -
1211 4323 1425 4374 1111111111.-
1461 4320 1583 4386 91.111>ι“]
1604 4323 1659 4372 inda

348 4391 370 4442 1.
403 4418 435 4428 -
485 4393 521 4442 od
544 4395 637 4444 cilium
659 4394 726 4445 tta:
758 4394 794 4443 ed
822 4395 916 4443 vittam
945 4395 1005 4442 ueni
1024 4393 1055 4453 1,
1083 4407 1101 4442 o
1126 4393 1193 4442 otilo
1219 4406 1281 4442 cum
1307 4391 1465 4444 Manutiaua
1490 4393 1521 4444 11.
1558 4395 1658 4456 Propter

348 4461 496 4513 Cumanum
509 4464 601 4514 malim
616 4465 738 4517 Atellam.
752 4465 806 4514 Cir.
819 4479 867 4528 pro
885 4465 944 4527 lege
954 4477 1011 4526 agr.
1026 4465 1052 4520 9.
1067 4462 1111 4520 31.
1125 4463 1168 4512 83.
1182 4463 1233 4513 On.
1245 4489 1276 4498 -
1296 4464 1342 4512 2¹1.
1362 4461 1515 4513 Caeciliana
1527 4464 1558 4514 11.
1571 4489 1598 4500 -
1611 4465 1657 4528 lepi

346 4529 386 4596 tn]
399 4533 526 4595 tepenter
539 4536 567 4583 in
579 4535 611 4594 11,
630 4536 746 4599 luperam
765 4533 876 4596 (omisso
893 4536 932 4588 ini
952 4534 973 4584 l.
986 4559 1016 4569 -
1036 4533 1081 4584 98.
1102 4528 1136 4595 et]
1153 4538 1184 4582 ut
1202 4533 1270 4582 Cod.
1290 4533 1387 4583 Ursini.
1408 4557 1439 4569 -
1460 4539 1484 4582 at
1503 4535 1582 4584 simut
1596 4532 1654 4601 peri]

347 4601 441 4652 blallrn
459 4606 508 4652 etsi
524 4606 583 4669 fieri
603 4606 646 4655 rel
664 4606 729 4666 atsi,
748 4605 864 4654 nidum!
889 4606 955 4669 fieri.
977 4604 1026 4655 Οι.
1049 4629 1079 4639 -
1116 4604 1160 4655 99.
1181 4600 1250 4665 cum]
1280 4602 1343 4652 dnm
1362 4617 1416 4666 mg.
1444 4604 1549 4666 Repett.
1572 4605 1654 4656 bamb.

349 4696 379 4709 -·
398 4675 470 4722 venit
490 4680 520 4722 ut
547 4675 584 4723 cd
608 4675 629 4726 1.
656 4699 686 4712 -
724 4675 767 4726 30.
787 4675 937 4726 deuerteret
958 4675 1025 4724 Mlti
1051 4673 1197 4723 diverterat
1222 4674 1265 4723 lli·
1288 4699 1318 4709 -
1355 4674 1399 4724 31.
1429 4671 1538 4736 Tamen]
1559 4689 1612 4724 ran
1627 4675 1654 4726 11.

348 4765 379 4777 -
398 4743 443 4794 33.
461 4742 554 4809 mima]
574 4759 632 4794 unc
657 4745 679 4796 1.
719 4771 747 4783 -
763 4745 861 4794 nedum
886 4758 985 4793 novum
1004 4744 1139 4796 Orellius:
1159 4743 1234 4804 (coll.
1256 4742 1334 4793 Balbi
1356 4743 1406 4809 llp.
1426 4743 1485 4795 Lib.
1507 4745 1535 4802 9.
1556 4745 1581 4796 1.
1598 4742 1653 4808 bl:

346 4812 444 4863 uadum
1093 4831 1101 4844 ·

346 4894 445 4932 nouum
461 4884 505 4944 Μ.
525 4884 621 4935 nedum
642 4884 665 4934 Y
690 4890 717 4934 et
740 4885 776 4942 1.
805 4889 872 4935 teste
898 4885 979 4936 Borio
1019 4885 1082 4935 item
1102 4885 1176 4941 11111.
1208 4897 1307 4932 aaaron
1330 4883 1348 4932 z
1375 4888 1441 4933 teste
1467 4883 1607 4944 lambino,
1631 4891 1655 4934 et

346 4973 401 5024 mg.
422 4961 573 5014 Cratandrl.
595 4988 624 4999 -
651 4963 695 5014 31.
715 4961 750 5026 te]
770 4971 845 5026 tepea
863 4978 904 5028 pr.
924 4965 961 5016 Μ.
983 4989 1013 4999 -
1051 4964 1094 5014 35.
1115 4959 1242 5025 Graecia]
1261 4955 1326 5027 p'roa
1345 4977 1385 5026 pr.
1405 4965 1442 5016 Μ.
