3668 5924
330 388 392 452 368
479 325 485 342 ²
715 386 753 462 Q.
777 384 918 452 CICERO
939 385 993 448 DE
1013 384 1138 452 PETIT.
1161 384 1272 448 CONS.

330 563 386 609 nes
415 543 499 608 enim
521 546 584 609 nou
605 541 700 610 modo
721 541 860 629 promitti
883 539 959 614 sibi.
991 541 1172 626 praesertim
1195 539 1317 627 quoda
1342 539 1503 608 candidato
1525 554 1648 630 petant,

329 636 384 702 sed
407 636 500 702 etiam
521 636 607 722 large
629 645 721 723 atque
742 633 913 702 honorifice
934 634 1072 720 promitti
1095 633 1212 700 volunt.
1254 637 1305 699 ts.
1319 636 1424 712 Quare
1444 634 1504 701 boc
1519 636 1646 724 quidem

329 729 420 796 facile
441 739 640 816 praeceptum
662 739 723 806 est,
756 741 809 804 nt,
831 728 918 816 qnod
938 738 1063 794 acturus
1085 727 1147 802 sis,
1170 725 1201 792 id
1223 725 1376 812 significes
1397 737 1428 793 te
1450 729 1587 797 studiose
1610 753 1648 798 ac

330 822 465 889 libenter
485 846 554 890 esse
574 824 746 901 iacturum
769 823 844 889 illud
866 821 1021 888 difficilius
1043 832 1074 887 et
1095 821 1192 907 magis
1215 821 1254 886 ad
1275 831 1398 908 tempus
1418 843 1511 910 quam
1533 823 1572 889 ad
1593 847 1649 890 na-

307 927 433 985 :turam
453 918 720 984 accommodatum
741 928 841 990 tuam,
872 916 956 1003 quod
978 915 1080 981 lacere
1103 937 1165 982 non
1190 915 1307 1002 possis,
1329 925 1364 980 ut
1385 915 1416 981 id
1438 925 1491 981 aut
1511 917 1648 984 iucunde

330 1032 424 1096 neges
459 1016 558 1077 ⁰¹:
594 1033 729 1098 quorum
761 1011 892 1077 alterum
927 1020 974 1075 est
1006 1009 1081 1075 boni
1114 1009 1189 1083 viri,
1226 1008 1357 1075 alterum
1386 1008 1461 1075 boui
1492 1011 1646 1097 petitoris.

330 1109 422 1180 Nam,
452 1126 522 1170 cnm
545 1104 577 1171 id
599 1105 728 1192 petitur,
761 1105 846 1192 quod
867 1105 996 1170 honeste
1018 1113 1071 1168 aut
1092 1104 1158 1168 siue
1180 1100 1366 1168 detrimento
1387 1113 1496 1169 nostro
1517 1106 1647 1190 promit-

330 1209 397 1266 tere
427 1221 491 1265 nou
517 1219 683 1286 possumus
715 1230 754 1242 -
786 1221 850 1287 quo
872 1198 967 1263 modo
989 1197 1090 1282 siqui
1112 1205 1219 1282 roget,
1250 1204 1414 1262 utcontra
1435 1198 1568 1265 amicum
1589 1199 1646 1265 ali-
1684 1200 1687 1217 '

331 1314 425 1381 quem
453 1313 576 1358 cansam
606 1292 792 1378 recipiamus
814 1328 869 1367 —,
899 1291 981 1357 belle
1003 1289 1176 1375 negandum
1200 1299 1263 1367 est;
1292 1298 1326 1355 ut
1347 1291 1491 1358 ostendas
1513 1294 1648 1358 necessi·

299 1386 485 1460 latudinem,
514 1385 725 1461 demonstres,
752 1406 845 1473 quam
867 1386 997 1450 moleste
1020 1384 1117 1461 ieras;
1154 1382 1221 1448 aliis
1243 1392 1274 1448 te
1297 1381 1366 1469 [id]
1390 1384 1484 1452 rebus
1506 1397 1648 1454 exsartu-

332 1501 402 1545 rum
424 1499 492 1544 esse
513 1478 710 1565 persuadeas.

415 1577 484 1638 llll.
505 1577 556 1638 46.
577 1572 688 1638 Audivi
716 1573 776 1638 boc
796 1570 900 1637 dicere
922 1569 1074 1658 quendam
1102 1570 1141 1636 de
1170 1569 1355 1657 quibusdam
1381 1572 1576 1650 oratoribus,
1606 1574 1645 1641 ad

333 1688 412 1754 qnos
434 1687 556 1732 causam
580 1687 666 1732 suam
688 1664 862 1731 detulisset:
885 1665 1079 1750 „gratiorem
1101 1663 1160 1728 sibi
1182 1664 1355 1730 orationem
1376 1666 1472 1732 luisse
1488 1669 1568 1736 eius.
1591 1669 1647 1756 qui

333 1766 491 1846 negasset,
523 1781 616 1847 qnam
645 1759 727 1825 illius
754 1759 807 1847 qui
834 1758 1036 1844 recepisset.’'
1095 1758 1145 1823 Sic
1166 1758 1306 1824 homines
1328 1758 1431 1825 lroute
1452 1771 1483 1827 et
1504 1763 1646 1828 oratione

300 1853 430 1939 :smaffls
451 1875 544 1940 quam
565 1853 634 1940 ipso
654 1853 806 1919 beneficio
833 1873 931 1939 reque
952 1852 1125 1938 capiuntur.
1179 1859 1295 1919 Verum
1318 1852 1378 1918 boc
1398 1853 1561 1941 probabile
1583 1866 1646 1925 est:

331 1945 409 2012 illud
436 1947 567 2012 alterum
590 1945 762 2012 subdurum
785 1945 841 2012 tihi
863 1946 981 2013 bomini
1003 1945 1160 2012 Platonico
1181 1945 1334 2024 suadere;
1370 1948 1424 2012 sed
1448 1962 1548 2014 tamen
1570 1960 1648 2016 tem-

332 2041 403 2128 pori
424 2048 479 2106 tuo
501 2041 670 2106 consulam.
719 2039 841 2117 Quibus
871 2040 952 2104 enim
975 2049 1006 2104 te
1027 2049 1156 2126 propter
1176 2038 1301 2126 aliquod
1323 2041 1459 2108 odicium
1480 2045 1647 2110 uecessitu-

332 2133 413 2200 dinis
434 2133 604 2199 affuturum
626 2133 767 2219 negaris,
793 2142 895 2199 tamen
918 2134 940 2198 ii
961 2142 1090 2220 possunt
1111 2131 1167 2198 abs
1189 2143 1219 2198 te
1241 2133 1350 2219 placati
1373 2136 1525 2223 aequique
1548 2137 1647 2204 disoe-

284 2229 291 2238 '
332 2226 425 2306 dere;
458 2225 571 2313 quibus
597 2236 700 2293 autem
728 2227 846 2293 idcirco
875 2227 1014 2312 negaris,
1046 2226 1131 2313 quod
1158 2235 1188 2290 tc
1216 2226 1398 2312 impeditum
1429 2251 1497 2296 esse
1529 2231 1647 2298 dixeris

296 2329 386 2386 :aaut
412 2321 583 2386 amicorum
614 2321 774 2386 bominum
802 2321 935 2406 negotiis
957 2329 1009 2385 aut
1030 2318 1226 2405 gravioribus
1251 2321 1352 2387 causis
1372 2334 1426 2389 aut
1445 2334 1516 2390 aute
1543 2347 1648 2391 snsce-

332 2414 409 2500 ptis,
438 2413 555 2478 inimici
584 2412 761 2490 discedunt,
791 2433 962 2500 omnesque
984 2413 1044 2479 hoc
1072 2413 1175 2478 auimo
1197 2421 1287 2488 sunt,
1316 2423 1350 2480 ut
1377 2416 1435 2482 sibi
1464 2426 1495 2482 te
1522 2419 1647 2485 mentiri

332 2505 440 2572 malint
460 2526 553 2593 quam
575 2527 698 2592 negare.
740 2512 792 2574 tr.
815 2512 847 2575 C.
870 2511 972 2578 Cotta,
994 2506 1026 2571 in
1049 2504 1218 2571 ambitione
1239 2505 1369 2584 artifex,
1403 2509 1507 2576 dicere
1528 2511 1649 2578 solebat

333 2622 368 2668 se
395 2620 524 2686 operam
551 2621 654 2674 suam,
682 2600 786 2688 quoad
808 2621 872 2666 non
893 2608 1000 2666 contra
1022 2599 1158 2665 officium
1180 2611 1361 2684 rogaretur,
1382 2603 1522 2690 polliceri
1544 2606 1647 2671 solere

333 2693 491 2772 omnibus;
514 2692 675 2779 impertire
701 2695 754 2770 iis,
783 2694 867 2782 apud
898 2714 977 2781 quos
1004 2693 1121 2780 optime
1152 2697 1226 2780 poni
1253 2693 1475 2776 arbitraretur;
1511 2699 1583 2766 ideo
1612 2721 1647 2766 se

297 2787 449 2854 sanemini
470 2807 601 2872 negare,
635 2787 719 2874 quod
742 2809 834 2875 saepe
856 2787 1009 2853 accideret
1030 2806 1139 2860 cause,
1162 2807 1219 2852 cur
1239 2787 1281 2864 is,
1303 2788 1354 2854 cui
1375 2789 1529 2876 pollicitus
1550 2802 1646 2868 esset,

332 2902 395 2949 uon
416 2890 573 2960 uteretur;
596 2903 708 2969 saepe,
731 2893 765 2949 ut
785 2882 853 2968 ipse
874 2882 972 2968 magis
994 2889 1076 2946 esset
1096 2901 1225 2958 vacuus,
1248 2901 1342 2968 mam
1363 2893 1515 2970 putasset,
1545 2907 1647 2974 neque

331 2996 424 3062 posse
446 2974 514 3040 eins
535 2973 663 3041 domum
685 2976 853 3062 compleri,
875 2975 929 3063 qui
952 2984 1069 3040 tantum
1091 2973 1186 3040 modo
1207 2975 1371 3061 reciperet,
1393 2986 1541 3063 quantum
1562 2979 1649 3046 vide·

331 3079 381 3144 ret
407 3091 441 3136 se
469 3067 558 3136 obire
584 3089 693 3156 posse;
725 3090 799 3136 casu
821 3069 904 3145 beri,
937 3077 972 3135 ut
993 3078 1122 3154 agantur
1145 3089 1195 3143 ea,
1228 3089 1307 3155 quae
1329 3089 1392 3134 non
1413 3072 1549 3156 putaris;
1580 3073 1646 3149 illa,

332 3185 412 3253 quae
433 3161 606 3229 credideris
626 3162 660 3230 in
673 3163 816 3230 manibus
838 3185 917 3239 esse,
938 3173 973 3228 ut
993 3161 1097 3250 aliqua
1117 3160 1156 3227 de
1173 3183 1265 3228 causa
1286 3183 1350 3228 non
1370 3173 1515 3249 agantur:
1535 3165 1647 3233 deinde

295 3279 401 3327 messe
434 3265 624 3332 extremum,
657 3265 693 3322 ut
720 3256 873 3323 irascatur
898 3256 948 3332 is,
978 3259 1027 3321 cui
1056 3255 1249 3322 mendacium
1279 3253 1408 3322 dixeris.
1464 3262 1516 3324 ts.
1536 3257 1587 3333 ld,
1620 3260 1647 3330 si

332 3350 504 3440 promittas,
529 3357 561 3414 et
573 3349 726 3416 incertum
742 3359 789 3416 est
804 3359 835 3416 et
847 3355 880 3416 iu
894 3349 977 3416 diem
999 3349 1082 3414 etin
1104 3347 1321 3438 paucioribus:
1343 3349 1391 3414 sin
1413 3359 1516 3416 autem
1537 3372 1646 3438 neges,

332 3453 365 3511 et
385 3453 469 3510 certe
490 3441 647 3509 abalienes
669 3452 700 3508 et
720 3444 822 3510 statim
844 3452 875 3509 et
896 3444 1011 3530 plures.
1053 3442 1163 3508 Plures
1185 3443 1267 3510 enim
1288 3443 1387 3509 multo
1408 3454 1497 3515 sunt.
1520 3446 1574 3532 qui
1595 3467 1648 3512 ru-

333 3548 421 3624 gant,
456 3545 491 3602 ut
512 3535 558 3601 uti
578 3535 669 3601 liccat
690 3557 786 3624 opera
809 3536 952 3614 alterius,
985 3556 1078 3622 qnam
1100 3535 1154 3622 qni
1175 3543 1314 3602 utuntur.
1358 3538 1465 3613 Quare
1485 3539 1580 3606 muns
1601 3549 1649 3606 est

333 3652 374 3697 ex
395 3629 435 3696 iis
455 3627 578 3715 aliquos
599 3629 766 3718 aliquando
787 3630 820 3695 iu
840 3629 911 3695 loro
933 3629 990 3695 tibi
1019 3629 1112 3694 irasci
1133 3649 1226 3716 quam
1247 3649 1356 3695 omues
1376 3630 1524 3697 contiuuo
1546 3631 1648 3710 domi:
1738 3651 1745 3664 ¹

297 3723 518 3811 supraesertim
539 3741 610 3787 cum
632 3723 730 3789 multo
751 3723 849 3809 magis
869 3728 1043 3788 irascantur
1063 3722 1118 3797 iis,
1140 3722 1195 3809 qui
1215 3732 1342 3807 negent,
1365 3723 1525 3810 quamsi,
1554 3745 1648 3812 quem

334 3816 458 3883 videant
477 3815 558 3882 iusta
580 3836 673 3882 causa
692 3816 894 3903 impeditum,
916 3826 951 3883 ut
971 3816 1093 3892 iacere,
1115 3815 1200 3904 quod
1221 3818 1379 3904 promisit,
1401 3817 1521 3904 cupiat,
1543 3819 1570 3884 si
1583 3818 1649 3885 ullo

404 3980 430 4030 Ι.
449 3979 518 4044 qood
535 3979 576 4028 o:
595 3992 660 4043 quae
678 3979 709 4029 Ε.
736 4005 770 4013 -
805 3993 823 4030 u
841 3975 993 4042 candidato]
1014 3981 1160 4044 oquendum
1176 3981 1240 4031 doto
1258 3980 1290 4030 Ι).
1319 4007 1347 4018 -
1385 3981 1413 4031 Ε.
1433 3978 1514 4048 turpe]
1534 3981 1649 4046 lonpsl)

335 4055 361 4102 st
378 4049 462 4100 Godd.
481 4048 567 4100 Patet.
589 4062 620 4098 ac
638 4049 727 4100 Maur.
745 4073 780 4084 -
813 4049 841 4100 5.
861 4049 944 4112 tuem]
963 4057 992 4100 tu
1009 4057 1081 4100 tuum
1096 4050 1129 4101 Ι).
1149 4075 1181 4086 -
1211 4052 1285 4101 uttd
1303 4050 1647 4117 recommemorent.

335 4119 470 4172 Turnebi:
489 4125 518 4170 ut
536 4121 564 4169 :u
581 4121 689 4170 iucunda
706 4121 814 4184 inparue
824 4133 898 4184 moes
910 4119 1017 4181 Maur..
1036 4126 1066 4170 ut
1079 4119 1107 4170 td
1118 4121 1225 4171 iocunde
1242 4135 1317 4181 nepe:
1328 4122 1366 4182 o,
1384 4127 1413 4172 ut
1431 4123 1459 4171 id
1476 4129 1524 4172 aut
1540 4121 1650 4172 iucunde

333 4192 475 4254 promitto:
493 4195 541 4240 cut
556 4192 665 4254 inportu
683 4203 757 4253 nepes
774 4196 883 4240 auctore
900 4189 1031 4241 lambino
1050 4190 1081 4241 Ε.
1099 4191 1254 4253 Requiritur
1267 4192 1372 4252 potius:
1390 4198 1420 4243 ut
1436 4193 1466 4241 :r
1482 4197 1529 4242 uu:
1540 4191 1650 4242 :nanee

335 4274 411 4326 orpes
428 4266 477 4310 eut
494 4265 568 4309 ceute
583 4261 733 4322 promittes.
770 4259 821 4310 0u.
847 4285 880 4296 -
915 4259 942 4310 o.
962 4259 1009 4323 est]
1028 4266 1066 4310 ert
1084 4265 1170 4310 tumen
1189 4260 1222 4310 Ι).
1258 4261 1368 4312 Fuitne:
1393 4267 1430 4312 ert
1448 4262 1568 4311 :nummi
1595 4260 1647 4312 0).

339 4356 368 4369 -
388 4333 416 4382 Ι.
435 4336 552 4381 autnon
568 4331 623 4379 uus
639 4330 672 4379 Ι).
694 4353 721 4365 -
761 4330 826 4381 detr.
843 4337 880 4380 art
896 4337 987 4380 nostro
1005 4330 1036 4380 Ι).
1060 4354 1090 4366 -
1126 4332 1169 4381 ΙΙ).
1187 4331 1215 4380 td
1233 4345 1287 4381 om.
1309 4331 1341 4382 Ι).
1359 4332 1414 4382 Nos
1432 4331 1600 4382 seclusimus.
1617 4357 1646 4368 -

336 4407 503 4453 murtenam
520 4404 629 4450 auctore
646 4399 778 4450 lambino
796 4398 832 4451 u:
857 4405 1008 4450 acuetunem
1026 4399 1088 4460 oo,
1116 4407 1285 4451 nauclerum
1302 4401 1386 4452 codd.
1413 4400 1497 4452 Pelet.
1517 4406 1543 4452 et
1560 4401 1648 4452 Maur.

341 4493 368 4505 -
390 4471 433 4522 to.
451 4471 529 4535 sume
545 4471 616 4530 rtur,
635 4469 842 4534 qutblrnutlus:
859 4472 950 4536 Ῑυᾱιε,
968 4471 1013 4536 qut
1025 4470 1101 4520 Ι)Ι)Ε.
1118 4493 1147 4506 -
1168 4469 1209 4521 17.
1230 4477 1276 4521 tuo
1294 4484 1349 4521 om.
1368 4471 1400 4521 Ι).
1412 4497 1444 4506 -
1463 4471 1649 4536 aliqum.-

290 4562 294 4570 ·
338 4540 512 4606 tammo.
526 4565 558 4576 -
576 4539 620 4590 ΕΙ).
639 4541 781 4591 amicorum
798 4540 980 4591 hominumn:
1000 4542 1142 4591 amicorum
1156 4539 1185 4589 Ε.
1201 4564 1230 4575 -
1249 4544 1333 4592 causis
1350 4547 1397 4591 eut
1415 4547 1476 4592 eota
1494 4541 1576 4592 oro:
1589 4555 1649 4591 corr·

335 4613 381 4672 sir,
400 4616 461 4661 oute
479 4609 509 4660 Ε.
532 4631 559 4643 -
579 4609 689 4660 slatus
707 4609 739 4660 Ι).
759 4634 790 4646 -
810 4611 858 4662 tibi
875 4610 911 4661 Ι).
929 4636 956 4648 -
977 4611 1022 4662 ΕΙ.
1041 4611 1146 4674 ideoque
1164 4609 1194 4659 Ε.
1210 4633 1240 4646 -
1258 4611 1302 4661 25.
1321 4607 1400 4676 quod]
1418 4624 1469 4676 pue
1486 4611 1518 4660 1).
1532 4636 1566 4646 -
1583 4611 1649 4661 occi·

336 4681 407 4732 daret
425 4693 519 4740 come,
547 4693 593 4730 rur
610 4680 634 4729 ts
650 4678 694 4730 DC
714 4679 841 4732 stCodd.
860 4679 992 4731 Palermi:
1019 4681 1160 4736 morer.
1187 4686 1217 4728 ut
1235 4680 1257 4730 tr
1275 4678 1306 4731 Ε.
1340 4705 1371 4716 -
1412 4681 1456 4732 ΕΙ.
1475 4683 1529 4731 stru
1546 4681 1649 4730 domum

336 4751 375 4802 o:
394 4751 498 4800 domum
516 4751 568 4800 stur
587 4749 618 4799 Ε.
639 4772 670 4785 -
706 4749 751 4800 28.
770 4746 841 4813 eoru]
859 4765 937 4802 ceusu
958 4750 989 4801 Ι).
1022 4775 1052 4787 -
1088 4749 1132 4800 31.
1152 4755 1238 4800 omem
1255 4763 1328 4815 nepa
1346 4751 1497 4802 Puteanus:
1517 4758 1604 4800 cutus:
1621 4751 1650 4800 td

335 4833 410 4885 nepes
427 4819 482 4870 no.
515 4844 545 4856 -
582 4819 626 4870 33.
644 4825 755 4870 utuntur
772 4820 809 4870 o:
833 4827 945 4872 utuntur
962 4820 993 4870 Ε.
1026 4843 1052 4854 -
1089 4819 1270 4870 satutari).
1293 4845 1321 4857 -·
1359 4819 1403 4870 tt.
1422 4823 1450 4871 in
1466 4821 1527 4886 soro
1544 4819 1593 4871 tibi
1610 4820 1647 4870 o:

336 4889 385 4940 ut:
400 4891 429 4939 tn
446 4891 506 4954 {cro
525 4888 556 4941 Ε.
579 4913 605 4923 -
635 4890 719 4939 omnir
736 4889 766 4938 Ι).
789 4914 816 4926 -
843 4890 886 4942 ³5.
905 4891 938 4940 tta
957 4886 1015 4955 (lis
1032 4885 1088 4954 o),
1107 4889 1152 4954 put
1168 4895 1260 4953 nepem
1278 4889 1356 4940 DTB:
1377 4893 1417 4948 st,
1436 4892 1481 4955 qut
1497 4897 1570 4956 murt
1587 4903 1650 4940 eum

336 4958 468 5021 lambino
486 4960 518 5010 Ε.
538 4983 571 4994 -·
608 4959 648 5019 ai,
666 4953 758 5024 quam]
776 4959 804 5009 r:
820 4961 864 5022 qut
882 4960 913 5011 Ι).
944 4983 975 4995 -
1012 4959 1055 5017 3)).
1074 4960 1145 5010 iusto
1161 4964 1220 5022 post
1237 4959 1394 5011 Turnebum
1413 4961 1447 5012 ll:
1466 4973 1497 5012 ao
1514 4974 1547 5014 aa:
1563 4959 1601 5022 Ι),
1619 4973 1650 5014 ro

338 5029 370 5078 'l'-
406 5029 544 5082 Fortasse:
563 5029 669 5080 eldeum
685 5041 774 5080 muso.
811 5027 861 5080 0⁸.
