3656 5868
696 419 971 488 erlsrottatttt
992 425 1045 487 Ab
1066 424 1157 487 ΕΔΜ.

701 583 830 645 rrum
875 580 928 663 (A.
955 583 987 646 u.
1012 583 1043 645 c.
1067 580 1159 663 roa.)

649 718 691 779 Μ.
714 713 856 780 CICERO
880 713 910 776 S.
932 715 970 777 D.
992 713 1211 778 vetustate.

355 841 384 905 1.
407 836 502 916 Quod
522 834 589 922 sine
617 835 820 922 praenomine
849 832 1062 907 familiariter,
1096 841 1131 898 ut
1152 831 1304 909 debebas,
1341 833 1380 899 ad
1402 855 1452 900 me
1474 835 1590 922 episto-

268 931 331 998 lam
352 931 479 1006 misisti,
509 931 645 1017 primum
667 928 864 1002 addubitavi,
897 949 972 992 num
995 949 1013 993 a
1036 927 1201 992 Volumnio
1224 934 1367 992 senatore
1389 937 1488 1002 esset,
1511 949 1590 1015 qno·

245 1044 341 1092 scum
361 1025 436 1091 mihi
459 1033 506 1090 est
526 1044 656 1108 magnus
678 1043 771 1100 usus;
794 1019 906 1086 deinde
929 1023 1123 1107 εὐτραπελία
1145 1019 1319 1087 litterarum
1340 1022 1430 1095 lecit,
1452 1030 1487 1088 ut
1500 1021 1590 1086 intel-

268 1119 398 1205 ligerem
430 1129 499 1184 tuas
527 1138 606 1183 esse.
660 1115 783 1194 Quibus
810 1115 843 1180 in
872 1115 983 1182 litteris
1011 1114 1115 1180 omnia
1150 1114 1227 1179 mihi
1249 1116 1442 1202 periucunda
1464 1115 1591 1182 luerunt

268 1225 394 1301 praeter
413 1212 506 1287 illud,
539 1211 625 1298 qnod
653 1231 764 1297 parum
796 1209 960 1294 diligenter
987 1208 1145 1294 possessio
1167 1208 1334 1274 salinarum
1356 1233 1497 1277 mearum
1520 1233 1538 1276 a
1559 1219 1590 1275 te

269 1316 475 1395 procuratore
497 1305 684 1370 detenditur.
741 1303 792 1368 his
817 1304 919 1377 enim,
941 1310 976 1368 nt
1000 1323 1060 1387 ego
1082 1301 1298 1378 discesserim,
1322 1305 1427 1370 omnia
1449 1305 1590 1370 omnium

271 1401 365 1476 dicta,
387 1401 420 1466 in
441 1399 489 1466 bis
511 1401 603 1465 etiam
626 1398 780 1473 Sestiana,
803 1397 835 1462 in
856 1418 907 1462 me
929 1396 1078 1462 conferri.
1123 1396 1229 1474 Quidt
1259 1407 1293 1463 tn
1314 1398 1346 1463 id
1368 1398 1505 1485 paterist
1527 1421 1590 1464 non

235 1495 435 1560 rodelendisl
467 1514 529 1558 non
549 1485 693 1558 resistis?
734 1490 889 1580 Equidem
910 1489 1072 1577 sperabam
1095 1491 1137 1556 ita
1158 1501 1261 1557 notata
1283 1513 1334 1556 me
1354 1493 1518 1579 reliquisse
1538 1513 1592 1578 ge·

270 1611 346 1655 nera
373 1589 529 1655 dictorum
556 1608 715 1662 meorum,
751 1596 786 1651 nt
814 1585 961 1671 cognosci
988 1607 1043 1651 sua
1065 1594 1175 1668 sponte
1196 1595 1333 1671 possent.
1377 1591 1406 1652 2.
1430 1587 1491 1654 Sed
1513 1607 1592 1674 qno·

269 1684 354 1749 niam
374 1692 458 1748 tanta
478 1682 550 1747 laer
571 1691 618 1746 est
638 1681 672 1746 in
694 1679 792 1756 urbe,
828 1689 863 1745 ut
884 1680 959 1744 nibil
983 1689 1045 1744 tam
1067 1679 1107 1744 sit
1129 1681 1317 1765 oixdhqpov,
1346 1682 1431 1769 quod
1452 1703 1515 1747 non
1536 1681 1593 1745 ali·

269 1776 320 1842 eui
342 1785 506 1842 venustum
529 1797 598 1842 esse
619 1774 779 1848 videatur,
801 1794 919 1861 pugna,
942 1773 968 1837 si
990 1793 1041 1837 me
1063 1794 1164 1846 amas,
1187 1773 1246 1839 nisi
1269 1787 1356 1842 acuta
1379 1781 1590 1860 ἀμφιβολία,

269 1869 329 1936 nisi
350 1870 475 1956 elegans
496 1864 677 1956 ὑπερβολή,
715 1868 774 1933 nisi
795 1869 1027 1952 παράγραμμα
1049 1865 1183 1940 bellum,
1216 1867 1273 1932 nisi
1296 1869 1463 1935 ridiculum
1497 1869 1591 1957 παρὰ

235 1983 262 2024 ta
271 1972 487 2052 προσδοκίαν,
520 1963 581 2028 nisi
602 1957 720 2037 cetera,
756 1981 836 2048 qnae
863 1968 936 2027 sunt
962 1980 979 2024 a
1001 1981 1052 2024 me
1074 1961 1104 2024 in
1128 1959 1265 2026 secundo
1291 1961 1373 2028 libro
1395 1964 1434 2029 de
1457 1967 1592 2029 Oratore

268 2080 328 2146 per
349 2058 475 2124 Antonii
504 2078 671 2145 personam
693 2055 846 2141 disputata
868 2053 907 2120 de
929 2053 1085 2128 ridiculis,
1122 2055 1256 2134 ἔντεχνα
1279 2064 1310 2120 et
1331 2069 1440 2143 arguta
1461 2079 1594 2145 appare-

269 2151 363 2228 bunt,
402 2161 436 2218 nt
461 2160 656 2217 sacramento
685 2148 854 2214 contendas
882 2169 952 2212 mea
982 2169 1045 2213 non
1067 2168 1146 2213 esse.
1203 2155 1279 2214 Nam
1302 2150 1340 2214 de
1362 2151 1484 2216 indiciis
1507 2151 1592 2239 quod

270 2248 433 2334 quereris,
466 2245 564 2311 multo
586 2242 697 2310 laboro
719 2243 832 2309 minus.
890 2241 1067 2306 Trabantur
1088 2263 1146 2327 per
1168 2264 1219 2307 me
1240 2243 1374 2329 pedibus
1396 2266 1504 2310 omnes
1525 2245 1591 2324 rei;

270 2340 311 2405 sit
330 2341 381 2406 vel
403 2339 504 2404 Selius
525 2347 588 2403 mm
610 2338 781 2422 eloquens,
813 2345 849 2401 ut
869 2335 967 2423 possit
988 2334 1124 2420 probare
1147 2356 1180 2400 se
1203 2335 1353 2404 liberum:
1385 2360 1447 2404 non
1469 2338 1591 2404 laboro.

233 2432 457 2499 soUrbanitatis
477 2435 722 2517 possessionem,
756 2428 885 2502 amabo,
922 2427 1084 2515 quibusvis
1106 2429 1279 2496 interdictis
1305 2432 1522 2510 defendamus;
1559 2433 1592 2497 in

271 2548 334 2613 qna
366 2535 396 2592 te
429 2546 527 2590 unum
560 2535 685 2599 metuo,
717 2531 883 2588 contemno
912 2532 1045 2588 ceteros.
1104 2522 1250 2588 Derideri
1288 2536 1318 2590 te
1352 2533 1463 2611 putas?
1506 2531 1593 2592 Nunc

271 2619 398 2685 demum
419 2617 559 2704 intelligo
580 2626 611 2683 te
633 2639 753 2704 sapere.
797 2621 827 2682 3.
850 2616 912 2682 Sed
934 2615 1128 2680 mehercules
1150 2627 1240 2682 extra
1259 2618 1380 2685 iocum:
1404 2619 1493 2685 valde
1515 2621 1592 2686 mihi

270 2722 343 2778 tuae
352 2712 474 2778 litterae
489 2712 606 2778 lacetae
621 2711 839 2797 elegantesque
852 2711 937 2776 visae
953 2719 1034 2776 sunt.
1076 2710 1151 2786 Illa,
1173 2713 1316 2798 quamvis
1332 2713 1463 2779 ridicula
1478 2725 1591 2790 essent,

270 2805 352 2871 sicut
372 2815 476 2880 erant,
499 2805 576 2872 mihi
595 2816 698 2871 tamen
714 2805 815 2870 risum
833 2825 897 2869 non
911 2811 1087 2869 moverunt.
1131 2805 1231 2892 Cupio
1246 2805 1330 2870 enim
1344 2816 1485 2873 nostrum
1503 2807 1592 2874 illum

110 2895 116 2904 ’
234 2899 405 2964 uamicum
427 2898 459 2963 in
481 2898 642 2966 tribunatu
662 2897 941 2985 quamplurimum
964 2897 1081 2962 habere
1103 2900 1275 2984 gravitatis;
1298 2899 1392 2986 idque
1407 2922 1477 2967 cum
1493 2901 1591 2987 ipsius

270 3014 426 3059 causa-
448 2992 608 3068 estmihi,
645 3003 681 3058 ut
702 2991 779 3067 seis,
814 2991 846 3056 in
868 2990 1029 3056 amoribus
1051 3029 1111 3068 —,
1135 3004 1201 3059 tum
1223 2993 1401 3060 mehercule
1423 2997 1516 3061 etiam
1545 2995 1592 3062 rei

270 3086 433 3177 publicae;
477 3108 572 3174 quam
609 3086 750 3174 quidem,
782 3085 924 3174 quamvis
947 3085 980 3151 in
1001 3108 1051 3152 me
1072 3087 1193 3172 ingrata
1214 3087 1267 3162 sit,
1297 3109 1403 3154 amare
1425 3111 1488 3156 non
1509 3089 1595 3155 desi-

270 3203 353 3249 nam.
409 3187 477 3256 Tu‚
510 3181 553 3245 mi
575 3181 737 3256 Volumni,
769 3180 918 3268 quoniam
940 3187 972 3244 et
993 3179 1151 3247 instituisti
1173 3189 1204 3246 et
1225 3181 1300 3246 mihi
1322 3181 1410 3248 vides
1431 3205 1499 3249 esse
1521 3203 1593 3267 gra·

270 3286 353 3350 tum,
390 3273 494 3340 scribe
516 3275 556 3339 ad
577 3296 627 3340 me
649 3295 741 3361 quam
771 3274 953 3360 saepissime
976 3273 1014 3339 de
1037 3274 1132 3340 rebus
1158 3273 1304 3350 urbanis,
1341 3275 1380 3340 de
1401 3298 1436 3341 re
1457 3276 1591 3364 publica.

233 3388 261 3428 vo
271 3366 428 3434 lucundus
450 3378 497 3434 est
513 3367 590 3434 mibi
606 3390 710 3434 sermo
725 3369 900 3433 litterarum
915 3376 1049 3433 tuarum.
1092 3372 1258 3434 Praeterea
1272 3368 1475 3443 Dolabellam,
1498 3392 1592 3457 quem

271 3483 332 3548 ego
363 3461 522 3548 perspicio
550 3470 580 3527 et
608 3461 713 3527 indico
744 3461 977 3546 cupidissimum
1011 3481 1079 3528 esse
1111 3473 1204 3550 atque
1234 3463 1478 3530 amantissimum
1511 3463 1590 3538 mei,

271 3554 438 3620 cohortare
459 3566 491 3621 et
511 3554 662 3620 confirma
683 3562 714 3620 ot
728 3553 825 3619 redde
841 3555 932 3640 plane
948 3575 1062 3620 meum.
1105 3559 1173 3621 Non
1195 3556 1394 3631 mehercule,
1417 3579 1480 3645 quo
1502 3557 1594 3644 qnid·

272 3669 367 3736 quam
387 3648 484 3729 desit;
507 3649 563 3714 sed
584 3649 658 3736 quia
679 3648 769 3714 valde
791 3648 900 3735 cupio,
923 3670 987 3714 non
1008 3648 1119 3715 videor
1141 3649 1271 3716 nimium
1293 3651 1448 3718 laborare.

703 3818 848 3881 rrrrrr.
892 3817 945 3898 (A.
971 3820 1003 3882 n.
1026 3821 1059 3883 o.
1080 3821 1169 3902 vos)

236 3969 264 4015 aa
650 3951 691 4012 Μ.
714 3949 856 4013 CICERO
880 3949 910 4012 S.
932 3952 1208 4015 evomuere.

359 4073 387 4135 1.
422 4066 516 4148 Quod
544 4066 821 4134 declamationibus
849 4070 965 4135 nostris
987 4092 1093 4147 cares,
1127 4070 1231 4136 damni
1261 4072 1336 4138 nihil
1359 4073 1442 4140 iacis.
1498 4075 1592 4152 Quod

272 4163 377 4230 Hirtio
399 4163 572 4237 invideres,
594 4161 653 4227 nisi
677 4183 749 4228 enm
771 4185 912 4240 amares,
946 4185 1008 4230 non
1031 4173 1098 4230 erat
1119 4186 1211 4231 eausa
1232 4167 1406 4247 invidendi;
1429 4171 1489 4236 nisi
1512 4170 1593 4236 sorte

272 4259 371 4346 ipsius
392 4257 588 4345 eloquentiae
610 4257 726 4342 magis,
749 4279 859 4344 quam,
883 4258 967 4345 qnod
989 4279 1039 4323 me
1056 4257 1194 4333 audiret,
1216 4259 1382 4328 invideres.
1425 4269 1487 4329 Nos
1510 4265 1592 4329 enim

272 4353 382 4439 plane,
412 4353 456 4418 mi
478 4350 661 4418 suavissime
683 4351 848 4428 Volumni,
882 4362 935 4417 aut
955 4351 1029 4417 nihil
1053 4375 1161 4418 sumus
1183 4364 1235 4419 aut
1256 4355 1347 4420 nobis
1370 4357 1496 4444 quidem
1519 4359 1594 4445 ipsis

235 4457 264 4498 ⁴⁰
273 4445 491 4532 displicemus,
528 4442 706 4528 gregalibus
728 4445 805 4520 illis,
839 4445 953 4532 quibus
975 4454 1005 4510 te
1026 4445 1193 4532 plaudente
1216 4448 1416 4534 vigebamus,
1454 4453 1592 4520 amissis:

272 4549 307 4605 nt
329 4545 441 4614 etiam,
474 4544 500 4604 si
522 4536 647 4625 quando
669 4538 786 4624 aliquid
808 4539 935 4625 dignum
958 4549 1066 4605 nostro
1097 4541 1223 4607 nomine
1256 4544 1430 4621 emisimus,
1464 4546 1594 4632 ingemi·

277 4654 419 4709 scamus,
448 4632 535 4720 quod
570 4633 646 4699 haec
663 4638 843 4716 pinnigero,
878 4656 939 4697 non
960 4637 1110 4716 armigero
1141 4639 1174 4699 io
1205 4659 1329 4720 corpore
1356 4643 1414 4704 telo
1435 4662 1596 4706 exercean-

342 4835 370 4885 4.
389 4835 542 4886 obdvhttnot
559 4835 597 4886 Μ.
619 4860 648 4872 -
686 4835 712 4884 5.
731 4833 919 4905 estpotestate
936 4833 973 4884 Μ.
1001 4856 1031 4869 -
1067 4835 1094 4885 3.
1114 4835 1242 4886 Scationa
1259 4837 1289 4888 Ε.
1309 4865 1341 4875 -
1377 4853 1463 4890 nonne
1480 4841 1594 4904 defendis

273 4903 317 4966 Μ,
336 4918 390 4954 ooo
406 4919 446 4955 me
464 4905 578 4970 deseendit
596 4904 767 4955 Benedictus.
787 4927 820 4941 -
857 4905 899 4955 tl.
918 4917 1033 4953 meorum
1049 4905 1089 4954 lto
1107 4913 1135 4954 nt
1155 4906 1192 4957 Μ.
1215 4931 1243 4944 ·-
1281 4911 1407 4972 quonlam
1424 4911 1468 4960 lll:
1488 4911 1594 4974 quoodo

274 4973 358 5024 13.-
394 4976 439 5026 23.
458 4976 579 5025 maratha
597 4976 634 5026 ll.
667 5000 696 5011 -
734 4975 779 5025 25.
798 4974 1044 5037 tdqoeltlanntlns:
1063 4975 1092 5024 s'd
1110 4975 1169 5026 llll.
1198 4999 1231 5011 -·
1266 4979 1311 5028 28.
1330 4982 1453 5042 quonlam
1472 4988 1497 5030 et
1518 4983 1594 5032 tmtt·

274 5045 348 5095 tutati
365 5044 407 5096 ll:
427 5047 532 5109 quondo
550 5046 689 5096 tostttnlatt
707 5046 738 5096 n.
760 5067 790 5080 -·
827 5044 872 5094 33.
893 5045 935 5094 bn
953 5045 1029 5095 ualde
1046 5047 1071 5095 ei
1087 5047 1183 5109 carpto?
1201 5046 1253 5098 on.
1274 5075 1305 5086 -
1341 5049 1385 5100 33.
1404 5051 1468 5100 attha*
1485 5050 1523 5102 Μ.
