<?xml version="1.0" encoding="UTF-8"?>
<!DOCTYPE html PUBLIC "-//W3C//DTD XHTML 1.0 Transitional//EN"
    "http://www.w3.org/TR/xhtml1/DTD/xhtml1-transitional.dtd">
<html xmlns="http://www.w3.org/1999/xhtml" xml:lang="en" lang="en">
 <head>
  <title>
</title>
<meta http-equiv="Content-Type" content="text/html;charset=utf-8" />
  <meta name='ocr-system' content='tesseract 3.04.00' />
  <meta name='ocr-capabilities' content='ocr_page ocr_carea ocr_par ocr_line ocrx_word'/>
</head>
<body>
  <div class='ocr_page' id='page_1' title='image "./mtulliiciceroni06baitgoog_0269.png"; bbox 0 0 3628 5876; ppageno 0'>
   <div class='ocr_carea' id='block_1_1' title="bbox 316 399 1201 468">
    <p class='ocr_par' dir='ltr' id='par_1_1' title="bbox 316 399 1201 468">
     <span class='ocr_line' id='line_1_1' title="bbox 316 399 1201 468; baseline -0.007 0"><span class='ocrx_word' id='word_1_1' title='bbox 316 405 378 468; x_wconf 80' lang='lat' dir='ltr'><strong>eut</strong></span> <span class='ocrx_word' id='word_1_2' title='bbox 742 399 1016 464; x_wconf 77' lang='lat' dir='ltr'><strong>El&#39;lSTOLAllUM</strong></span> <span class='ocrx_word' id='word_1_3' title='bbox 1036 401 1088 464; x_wconf 82' lang='grc' dir='ltr'><strong>ΑΙ)</strong></span> <span class='ocrx_word' id='word_1_4' title='bbox 1110 400 1201 464; x_wconf 69' lang='lat' dir='ltr'><strong>ilat.</strong></span> 
     </span>
    </p>
   </div>
   <div class='ocr_carea' id='block_1_2' title="bbox 314 554 1635 917">
    <p class='ocr_par' dir='ltr' id='par_1_2' title="bbox 314 554 1635 917">
     <span class='ocr_line' id='line_1_2' title="bbox 315 554 1634 642; baseline -0.002 -16"><span class='ocrx_word' id='word_1_5' title='bbox 315 569 346 626; x_wconf 93' lang='lat' dir='ltr'><strong>te</strong></span> <span class='ocrx_word' id='word_1_6' title='bbox 367 569 580 634; x_wconf 90' lang='lat' dir='ltr'><strong>moraturum,</strong></span> <span class='ocrx_word' id='word_1_7' title='bbox 604 557 680 623; x_wconf 90' lang='lat' dir='ltr'><strong>dum</strong></span> <span class='ocrx_word' id='word_1_8' title='bbox 700 555 757 622; x_wconf 92' lang='lat' dir='ltr'><strong>tibi</strong></span> <span class='ocrx_word' id='word_1_9' title='bbox 779 556 900 622; x_wconf 76' lang='lat' dir='ltr'><strong>litterae</strong></span> <span class='ocrx_word' id='word_1_10' title='bbox 922 577 1009 620; x_wconf 87' lang='lat' dir='ltr'><strong>meae</strong></span> <span class='ocrx_word' id='word_1_11' title='bbox 1030 555 1173 632; x_wconf 83' lang='lat' dir='ltr'><strong>veniant,</strong></span> <span class='ocrx_word' id='word_1_12' title='bbox 1196 554 1223 621; x_wconf 84' lang='lat' dir='ltr'><strong>si</strong></span> <span class='ocrx_word' id='word_1_13' title='bbox 1244 576 1302 642; x_wconf 88' lang='lat' dir='ltr'><strong>per</strong></span> <span class='ocrx_word' id='word_1_14' title='bbox 1322 556 1444 622; x_wconf 86' lang='lat' dir='ltr'><strong>bostem</strong></span> <span class='ocrx_word' id='word_1_15' title='bbox 1464 555 1545 633; x_wconf 79' lang='lat' dir='ltr'><strong>licet,</strong></span> <span class='ocrx_word' id='word_1_16' title='bbox 1567 579 1634 624; x_wconf 90' lang='lat' dir='ltr'><strong>uon</strong></span> 
     </span>
     <span class='ocr_line' id='line_1_3' title="bbox 315 649 1635 738; baseline -0.002 -18"><span class='ocrx_word' id='word_1_17' title='bbox 315 654 452 733; x_wconf 87' lang='lat' dir='ltr'><strong>erraris;</strong></span> <span class='ocrx_word' id='word_1_18' title='bbox 475 653 572 718; x_wconf 91' lang='lat' dir='ltr'><strong>multa</strong></span> <span class='ocrx_word' id='word_1_19' title='bbox 593 652 676 717; x_wconf 92' lang='lat' dir='ltr'><strong>enim</strong></span> <span class='ocrx_word' id='word_1_20' title='bbox 697 657 833 717; x_wconf 88' lang='lat' dir='ltr'><strong>Romae:</strong></span> <span class='ocrx_word' id='word_1_21' title='bbox 855 650 904 716; x_wconf 87' lang='lat' dir='ltr'><strong>sin</strong></span> <span class='ocrx_word' id='word_1_22' title='bbox 925 649 1060 716; x_wconf 81' lang='lat' dir='ltr'><strong>adventu</strong></span> <span class='ocrx_word' id='word_1_23' title='bbox 1081 658 1137 716; x_wconf 93' lang='lat' dir='ltr'><strong>tuo</strong></span> <span class='ocrx_word' id='word_1_24' title='bbox 1157 649 1274 716; x_wconf 89' lang='lat' dir='ltr'><strong>bellum</strong></span> <span class='ocrx_word' id='word_1_25' title='bbox 1296 650 1408 717; x_wconf 88' lang='lat' dir='ltr'><strong>conlici</strong></span> <span class='ocrx_word' id='word_1_26' title='bbox 1421 660 1533 738; x_wconf 86' lang='lat' dir='ltr'><strong>potest,</strong></span> <span class='ocrx_word' id='word_1_27' title='bbox 1555 651 1635 718; x_wconf 87' lang='lat' dir='ltr'><strong>nibil</strong></span> 
     </span>
     <span class='ocr_line' id='line_1_4' title="bbox 314 743 1635 835; baseline -0.002 -20"><span class='ocrx_word' id='word_1_28' title='bbox 314 749 356 815; x_wconf 89' lang='lat' dir='ltr'><strong>sit</strong></span> <span class='ocrx_word' id='word_1_29' title='bbox 375 748 543 835; x_wconf 87' lang='lat' dir='ltr'><strong>antiquius.</strong></span> <span class='ocrx_word' id='word_1_30' title='bbox 586 745 720 812; x_wconf 79' lang='lat' dir='ltr'><strong>Pecunia</strong></span> <span class='ocrx_word' id='word_1_31' title='bbox 743 743 976 831; x_wconf 70' lang='lat' dir='ltr'><strong>expeditissima</strong></span> <span class='ocrx_word' id='word_1_32' title='bbox 997 764 1079 831; x_wconf 88' lang='lat' dir='ltr'><strong>qnae</strong></span> <span class='ocrx_word' id='word_1_33' title='bbox 1099 753 1186 820; x_wconf 90' lang='lat' dir='ltr'><strong>erat,</strong></span> <span class='ocrx_word' id='word_1_34' title='bbox 1208 743 1266 810; x_wconf 92' lang='lat' dir='ltr'><strong>tibi</strong></span> <span class='ocrx_word' id='word_1_35' title='bbox 1284 744 1408 810; x_wconf 89' lang='lat' dir='ltr'><strong>decreta</strong></span> <span class='ocrx_word' id='word_1_36' title='bbox 1428 753 1485 812; x_wconf 74' lang='lat' dir='ltr'><strong>est.</strong></span> <span class='ocrx_word' id='word_1_37' title='bbox 1527 745 1635 813; x_wconf 80' lang='lat' dir='ltr'><strong>Habes</strong></span> 
     </span>
     <span class='ocr_line' id='line_1_5' title="bbox 316 836 1428 917; baseline -0.003 -8"><span class='ocrx_word' id='word_1_38' title='bbox 316 842 561 910; x_wconf 89' lang='lat' dir='ltr'><strong>amantissimum</strong></span> <span class='ocrx_word' id='word_1_39' title='bbox 582 839 746 917; x_wconf 69' lang='lat' dir='ltr'><strong>Servium</strong></span> <span class='ocrx_word' id='word_1_40' title='bbox 767 860 825 906; x_wconf 91' lang='lat' dir='ltr'><strong>uos</strong></span> <span class='ocrx_word' id='word_1_41' title='bbox 847 859 911 906; x_wconf 92' lang='lat' dir='ltr'><strong>non</strong></span> <span class='ocrx_word' id='word_1_42' title='bbox 932 839 1091 906; x_wconf 82' lang='lat' dir='ltr'><strong>desumus.</strong></span> <span class='ocrx_word' id='word_1_43' title='bbox 1134 858 1198 905; x_wconf 77' lang='grc' dir='ltr'><strong>ιιι.</strong></span> <span class='ocrx_word' id='word_1_44' title='bbox 1219 836 1293 906; x_wconf 86' lang='lat' dir='ltr'><strong>Idus</strong></span> <span class='ocrx_word' id='word_1_45' title='bbox 1314 839 1428 906; x_wconf 87' lang='lat' dir='ltr'><strong>lunias.</strong></span> 
     </span>
    </p>
   </div>
   <div class='ocr_carea' id='block_1_3' title="bbox 705 979 1247 1160">
    <p class='ocr_par' dir='ltr' id='par_1_3' title="bbox 705 979 1247 1160">
     <span class='ocr_line' id='line_1_6' title="bbox 758 979 1171 1062; baseline -0.002 -17"><span class='ocrx_word' id='word_1_46' title='bbox 758 982 851 1045; x_wconf 76' lang='grc' dir='ltr'><strong>ΜΜΜ.</strong></span> <span class='ocrx_word' id='word_1_47' title='bbox 894 980 947 1062; x_wconf 79' lang='grc' dir='ltr'><strong>(Μ.</strong></span> <span class='ocrx_word' id='word_1_48' title='bbox 973 981 1005 1044; x_wconf 87' lang='grc' dir='ltr'><strong>Μ.</strong></span> <span class='ocrx_word' id='word_1_49' title='bbox 1029 981 1060 1046; x_wconf 83' lang='lat' dir='ltr'><strong>o.</strong></span> <span class='ocrx_word' id='word_1_50' title='bbox 1082 979 1171 1060; x_wconf 83' lang='lat'><strong>711.)</strong></span> 
     </span>
     <span class='ocr_line' id='line_1_7' title="bbox 705 1094 1247 1160; baseline -0.002 -1"><span class='ocrx_word' id='word_1_51' title='bbox 705 1097 747 1159; x_wconf 98' lang='grc' dir='ltr'><strong>Μ.</strong></span> <span class='ocrx_word' id='word_1_52' title='bbox 770 1095 912 1160; x_wconf 85' lang='lat' dir='ltr'><strong>ueeao</strong></span> <span class='ocrx_word' id='word_1_53' title='bbox 935 1095 966 1158; x_wconf 85' lang='lat' dir='ltr'><strong>a.</strong></span> <span class='ocrx_word' id='word_1_54' title='bbox 986 1097 1025 1158; x_wconf 89' lang='lat' dir='ltr'><strong>n.</strong></span> <span class='ocrx_word' id='word_1_55' title='bbox 1046 1096 1084 1158; x_wconf 89' lang='lat' dir='ltr'><strong>o.</strong></span> <span class='ocrx_word' id='word_1_56' title='bbox 1105 1094 1247 1159; x_wconf 82' lang='lat' dir='ltr'><strong>sauro.</strong></span> 
     </span>
    </p>
   </div>
   <div class='ocr_carea' id='block_1_4' title="bbox 279 1212 1634 2150">
    <p class='ocr_par' dir='ltr' id='par_1_4' title="bbox 314 1212 1633 1480">
     <span class='ocr_line' id='line_1_8' title="bbox 402 1212 1633 1304; baseline -0.002 -21"><span class='ocrx_word' id='word_1_57' title='bbox 402 1223 430 1284; x_wconf 96' lang='grc'><strong>1.</strong></span> <span class='ocrx_word' id='word_1_58' title='bbox 451 1215 651 1304; x_wconf 83' lang='lat' dir='ltr'><strong>Exspectanti</strong></span> <span class='ocrx_word' id='word_1_59' title='bbox 680 1214 757 1280; x_wconf 89' lang='lat' dir='ltr'><strong>mihi</strong></span> <span class='ocrx_word' id='word_1_60' title='bbox 787 1221 854 1279; x_wconf 87' lang='lat' dir='ltr'><strong>tuas</strong></span> <span class='ocrx_word' id='word_1_61' title='bbox 875 1212 1017 1301; x_wconf 89' lang='lat' dir='ltr'><strong>quotidie</strong></span> <span class='ocrx_word' id='word_1_62' title='bbox 1043 1213 1161 1278; x_wconf 75' lang='lat' dir='ltr'><strong>litteras</strong></span> <span class='ocrx_word' id='word_1_63' title='bbox 1183 1218 1289 1301; x_wconf 83' lang='lat' dir='ltr'><strong>Lupus</strong></span> <span class='ocrx_word' id='word_1_64' title='bbox 1313 1222 1421 1279; x_wconf 88' lang='lat' dir='ltr'><strong>noster</strong></span> <span class='ocrx_word' id='word_1_65' title='bbox 1447 1213 1551 1281; x_wconf 88' lang='lat' dir='ltr'><strong>subito</strong></span> <span class='ocrx_word' id='word_1_66' title='bbox 1578 1214 1633 1281; x_wconf 90' lang='lat' dir='ltr'><strong>de-</strong></span> 
     </span>
     <span class='ocr_line' id='line_1_9' title="bbox 314 1306 1633 1396; baseline -0.002 -18"><span class='ocrx_word' id='word_1_67' title='bbox 314 1311 479 1386; x_wconf 85' lang='lat' dir='ltr'><strong>nuntiavit,</strong></span> <span class='ocrx_word' id='word_1_68' title='bbox 512 1320 548 1377; x_wconf 93' lang='lat' dir='ltr'><strong>ut</strong></span> <span class='ocrx_word' id='word_1_69' title='bbox 568 1309 607 1376; x_wconf 92' lang='lat' dir='ltr'><strong>ad</strong></span> <span class='ocrx_word' id='word_1_70' title='bbox 629 1319 659 1374; x_wconf 93' lang='lat' dir='ltr'><strong>te</strong></span> <span class='ocrx_word' id='word_1_71' title='bbox 687 1306 875 1383; x_wconf 82' lang='lat' dir='ltr'><strong>scriberem,</strong></span> <span class='ocrx_word' id='word_1_72' title='bbox 909 1307 936 1374; x_wconf 92' lang='lat' dir='ltr'><strong>si</strong></span> <span class='ocrx_word' id='word_1_73' title='bbox 957 1306 1034 1394; x_wconf 89' lang='lat' dir='ltr'><strong>quid</strong></span> <span class='ocrx_word' id='word_1_74' title='bbox 1054 1306 1176 1374; x_wconf 82' lang='lat' dir='ltr'><strong>vellem.</strong></span> <span class='ocrx_word' id='word_1_75' title='bbox 1226 1310 1294 1392; x_wconf 81' lang='lat' dir='ltr'><strong>Ego</strong></span> <span class='ocrx_word' id='word_1_76' title='bbox 1315 1316 1433 1384; x_wconf 86' lang='lat' dir='ltr'><strong>autern,</strong></span> <span class='ocrx_word' id='word_1_77' title='bbox 1457 1307 1533 1384; x_wconf 89' lang='lat' dir='ltr'><strong>etsi,</strong></span> <span class='ocrx_word' id='word_1_78' title='bbox 1556 1308 1633 1396; x_wconf 84' lang='lat' dir='ltr'><strong>qrrid</strong></span> 
     </span>
     <span class='ocr_line' id='line_1_10' title="bbox 315 1401 1633 1480; baseline -0.003 -6"><span class='ocrx_word' id='word_1_79' title='bbox 315 1406 502 1480; x_wconf 86' lang='lat' dir='ltr'><strong>scriberem,</strong></span> <span class='ocrx_word' id='word_1_80' title='bbox 539 1426 603 1472; x_wconf 93' lang='lat' dir='ltr'><strong>non</strong></span> <span class='ocrx_word' id='word_1_81' title='bbox 628 1401 782 1470; x_wconf 80' lang='lat' dir='ltr'><strong>habebam</strong></span> <span class='ocrx_word' id='word_1_82' title='bbox 805 1413 932 1470; x_wconf 87' lang='lat' dir='ltr'><strong>-acta</strong></span> <span class='ocrx_word' id='word_1_83' title='bbox 962 1401 1047 1467; x_wconf 90' lang='lat' dir='ltr'><strong>enim</strong></span> <span class='ocrx_word' id='word_1_84' title='bbox 1079 1401 1120 1468; x_wconf 93' lang='lat' dir='ltr'><strong>ad</strong></span> <span class='ocrx_word' id='word_1_85' title='bbox 1152 1411 1183 1467; x_wconf 91' lang='lat' dir='ltr'><strong>te</strong></span> <span class='ocrx_word' id='word_1_86' title='bbox 1209 1401 1290 1468; x_wconf 90' lang='lat' dir='ltr'><strong>mitti</strong></span> <span class='ocrx_word' id='word_1_87' title='bbox 1316 1401 1470 1476; x_wconf 83' lang='lat' dir='ltr'><strong>sciebam,</strong></span> <span class='ocrx_word' id='word_1_88' title='bbox 1507 1404 1633 1470; x_wconf 88' lang='lat' dir='ltr'><strong>inanem</strong></span> 
     </span>
    </p>

    <p class='ocr_par' dir='ltr' id='par_1_5' title="bbox 279 1495 1634 2150">
     <span class='ocr_line' id='line_1_11' title="bbox 279 1495 1633 1571; baseline 0.002 -11"><span class='ocrx_word' id='word_1_89' title='bbox 279 1513 419 1566; x_wconf 73' lang='lat' dir='ltr'><strong>stantem</strong></span> <span class='ocrx_word' id='word_1_90' title='bbox 441 1519 619 1565; x_wconf 90' lang='lat' dir='ltr'><strong>sermonem</strong></span> <span class='ocrx_word' id='word_1_91' title='bbox 639 1499 813 1564; x_wconf 87' lang='lat' dir='ltr'><strong>litterarum</strong></span> <span class='ocrx_word' id='word_1_92' title='bbox 835 1495 894 1563; x_wconf 88' lang='lat' dir='ltr'><strong>tibi</strong></span> <span class='ocrx_word' id='word_1_93' title='bbox 916 1496 1119 1563; x_wconf 88' lang='lat' dir='ltr'><strong>iniucundum</strong></span> <span class='ocrx_word' id='word_1_94' title='bbox 1140 1516 1210 1562; x_wconf 87' lang='lat' dir='ltr'><strong>esse</strong></span> <span class='ocrx_word' id='word_1_95' title='bbox 1230 1495 1395 1562; x_wconf 87' lang='lat' dir='ltr'><strong>audiebam</strong></span> <span class='ocrx_word' id='word_1_96' title='bbox 1416 1527 1473 1571; x_wconf 89' lang='lat'><strong>-‚</strong></span> <span class='ocrx_word' id='word_1_97' title='bbox 1495 1496 1633 1564; x_wconf 88' lang='lat' dir='ltr'><strong>brevita-</strong></span> 
     </span>
     <span class='ocr_line' id='line_1_12' title="bbox 313 1589 1633 1678; baseline -0.002 -19"><span class='ocrx_word' id='word_1_98' title='bbox 313 1603 376 1660; x_wconf 86' lang='lat' dir='ltr'><strong>tem</strong></span> <span class='ocrx_word' id='word_1_99' title='bbox 411 1603 536 1658; x_wconf 89' lang='lat' dir='ltr'><strong>seeutus</strong></span> <span class='ocrx_word' id='word_1_100' title='bbox 566 1614 635 1658; x_wconf 93' lang='lat' dir='ltr'><strong>sum</strong></span> <span class='ocrx_word' id='word_1_101' title='bbox 661 1601 692 1657; x_wconf 91' lang='lat' dir='ltr'><strong>te</strong></span> <span class='ocrx_word' id='word_1_102' title='bbox 724 1592 886 1677; x_wconf 87' lang='lat' dir='ltr'><strong>magistro.</strong></span> <span class='ocrx_word' id='word_1_103' title='bbox 943 1592 1027 1658; x_wconf 90' lang='lat' dir='ltr'><strong>Scito</strong></span> <span class='ocrx_word' id='word_1_104' title='bbox 1056 1590 1153 1676; x_wconf 90' lang='lat' dir='ltr'><strong>igitur</strong></span> <span class='ocrx_word' id='word_1_105' title='bbox 1184 1589 1218 1656; x_wconf 93' lang='lat' dir='ltr'><strong>in</strong></span> <span class='ocrx_word' id='word_1_106' title='bbox 1242 1599 1272 1656; x_wconf 91' lang='lat' dir='ltr'><strong>te</strong></span> <span class='ocrx_word' id='word_1_107' title='bbox 1292 1598 1324 1655; x_wconf 90' lang='lat' dir='ltr'><strong>et</strong></span> <span class='ocrx_word' id='word_1_108' title='bbox 1347 1589 1380 1654; x_wconf 92' lang='lat' dir='ltr'><strong>in</strong></span> <span class='ocrx_word' id='word_1_109' title='bbox 1401 1589 1522 1676; x_wconf 78' lang='lat' dir='ltr'><strong>collega</strong></span> <span class='ocrx_word' id='word_1_110' title='bbox 1543 1613 1633 1678; x_wconf 88' lang='lat' dir='ltr'><strong>spem</strong></span> 
     </span>
     <span class='ocr_line' id='line_1_13' title="bbox 313 1683 1632 1772; baseline -0.001 -20"><span class='ocrx_word' id='word_1_111' title='bbox 313 1707 439 1752; x_wconf 92' lang='lat' dir='ltr'><strong>omnem</strong></span> <span class='ocrx_word' id='word_1_112' title='bbox 465 1707 544 1752; x_wconf 91' lang='lat' dir='ltr'><strong>esse.</strong></span> <span class='ocrx_word' id='word_1_113' title='bbox 587 1690 617 1751; x_wconf 78' lang='lat'><strong>2.</strong></span> <span class='ocrx_word' id='word_1_114' title='bbox 638 1691 685 1753; x_wconf 90' lang='lat' dir='ltr'><strong>De</strong></span> <span class='ocrx_word' id='word_1_115' title='bbox 708 1692 808 1752; x_wconf 90' lang='lat' dir='ltr'><strong>Bruto</strong></span> <span class='ocrx_word' id='word_1_116' title='bbox 830 1694 934 1752; x_wconf 91' lang='lat' dir='ltr'><strong>autem</strong></span> <span class='ocrx_word' id='word_1_117' title='bbox 956 1684 1032 1751; x_wconf 88' lang='lat' dir='ltr'><strong>nihil</strong></span> <span class='ocrx_word' id='word_1_118' title='bbox 1058 1683 1160 1750; x_wconf 91' lang='lat' dir='ltr'><strong>adbuc</strong></span> <span class='ocrx_word' id='word_1_119' title='bbox 1181 1683 1279 1763; x_wconf 89' lang='lat' dir='ltr'><strong>certi;</strong></span> <span class='ocrx_word' id='word_1_120' title='bbox 1302 1704 1395 1769; x_wconf 89' lang='lat' dir='ltr'><strong>quem</strong></span> <span class='ocrx_word' id='word_1_121' title='bbox 1417 1704 1496 1769; x_wconf 89' lang='lat' dir='ltr'><strong>ego,</strong></span> <span class='ocrx_word' id='word_1_122' title='bbox 1520 1705 1632 1772; x_wconf 90' lang='lat' dir='ltr'><strong>quem·</strong></span> 
     </span>
     <span class='ocr_line' id='line_1_14' title="bbox 312 1778 1634 1867; baseline 0 -22"><span class='ocrx_word' id='word_1_123' title='bbox 312 1778 480 1846; x_wconf 89' lang='lat' dir='ltr'><strong>admodum</strong></span> <span class='ocrx_word' id='word_1_124' title='bbox 498 1779 669 1867; x_wconf 85' lang='lat' dir='ltr'><strong>praecipis,</strong></span> <span class='ocrx_word' id='word_1_125' title='bbox 692 1781 823 1867; x_wconf 84' lang='lat' dir='ltr'><strong>privatis</strong></span> <span class='ocrx_word' id='word_1_126' title='bbox 845 1780 957 1845; x_wconf 90' lang='lat' dir='ltr'><strong>litteris</strong></span> <span class='ocrx_word' id='word_1_127' title='bbox 979 1779 1018 1844; x_wconf 92' lang='lat' dir='ltr'><strong>ad</strong></span> <span class='ocrx_word' id='word_1_128' title='bbox 1040 1778 1157 1844; x_wconf 87' lang='lat' dir='ltr'><strong>bellurn</strong></span> <span class='ocrx_word' id='word_1_129' title='bbox 1178 1798 1343 1844; x_wconf 90' lang='lat' dir='ltr'><strong>commune</strong></span> <span class='ocrx_word' id='word_1_130' title='bbox 1358 1797 1474 1843; x_wconf 76' lang='lat' dir='ltr'><strong>vocare</strong></span> <span class='ocrx_word' id='word_1_131' title='bbox 1494 1800 1558 1844; x_wconf 94' lang='lat' dir='ltr'><strong>non</strong></span> <span class='ocrx_word' id='word_1_132' title='bbox 1577 1779 1634 1845; x_wconf 89' lang='lat' dir='ltr'><strong>de·</strong></span> 
     </span>
     <span class='ocr_line' id='line_1_15' title="bbox 312 1871 1629 1957; baseline 0 -19"><span class='ocrx_word' id='word_1_133' title='bbox 312 1872 393 1939; x_wconf 88' lang='lat' dir='ltr'><strong>sino.</strong></span> <span class='ocrx_word' id='word_1_134' title='bbox 437 1874 499 1952; x_wconf 88' lang='lat' dir='ltr'><strong>Qui</strong></span> <span class='ocrx_word' id='word_1_135' title='bbox 521 1879 639 1940; x_wconf 90' lang='lat' dir='ltr'><strong>utinam</strong></span> <span class='ocrx_word' id='word_1_136' title='bbox 663 1875 726 1940; x_wconf 89' lang='lat' dir='ltr'><strong>iam</strong></span> <span class='ocrx_word' id='word_1_137' title='bbox 745 1872 882 1941; x_wconf 79' lang='lat' dir='ltr'><strong>adesset!</strong></span> <span class='ocrx_word' id='word_1_138' title='bbox 916 1873 1098 1940; x_wconf 87' lang='lat' dir='ltr'><strong>intestinum</strong></span> <span class='ocrx_word' id='word_1_139' title='bbox 1120 1871 1209 1939; x_wconf 85' lang='lat' dir='ltr'><strong>urbis</strong></span> <span class='ocrx_word' id='word_1_140' title='bbox 1234 1871 1366 1944; x_wconf 91' lang='lat' dir='ltr'><strong>malum,</strong></span> <span class='ocrx_word' id='word_1_141' title='bbox 1389 1871 1474 1957; x_wconf 83' lang='lat' dir='ltr'><strong>quod</strong></span> <span class='ocrx_word' id='word_1_142' title='bbox 1498 1882 1545 1937; x_wconf 90' lang='lat' dir='ltr'><strong>est</strong></span> <span class='ocrx_word' id='word_1_143' title='bbox 1566 1894 1629 1938; x_wconf 92' lang='lat' dir='ltr'><strong>non</strong></span> 
     </span>
     <span class='ocr_line' id='line_1_16' title="bbox 279 1964 1630 2056; baseline 0.002 -26"><span class='ocrx_word' id='word_1_144' title='bbox 279 1989 303 2032; x_wconf 84' lang='lat' dir='ltr'><strong>u</strong></span> <span class='ocrx_word' id='word_1_145' title='bbox 312 1967 489 2043; x_wconf 91' lang='lat' dir='ltr'><strong>mediocre,</strong></span> <span class='ocrx_word' id='word_1_146' title='bbox 519 1968 622 2034; x_wconf 88' lang='lat' dir='ltr'><strong>minus</strong></span> <span class='ocrx_word' id='word_1_147' title='bbox 652 1969 846 2034; x_wconf 84' lang='lat' dir='ltr'><strong>timeremus.</strong></span> <span class='ocrx_word' id='word_1_148' title='bbox 897 1967 959 2034; x_wconf 87' lang='lat' dir='ltr'><strong>Sed</strong></span> <span class='ocrx_word' id='word_1_149' title='bbox 979 1967 1056 2056; x_wconf 88' lang='lat' dir='ltr'><strong>quid</strong></span> <span class='ocrx_word' id='word_1_150' title='bbox 1079 1973 1165 2052; x_wconf 82' lang='lat' dir='ltr'><strong>agol</strong></span> <span class='ocrx_word' id='word_1_151' title='bbox 1196 1987 1260 2032; x_wconf 94' lang='lat' dir='ltr'><strong>non</strong></span> <span class='ocrx_word' id='word_1_152' title='bbox 1284 1964 1390 2030; x_wconf 90' lang='lat' dir='ltr'><strong>imitor</strong></span> <span class='ocrx_word' id='word_1_153' title='bbox 1422 1968 1630 2050; x_wconf 81' lang='grc' dir='ltr'><em>λακωνισμόν</em></span> 
     </span>
     <span class='ocr_line' id='line_1_17' title="bbox 313 2059 1630 2150; baseline 0 -22"><span class='ocrx_word' id='word_1_154' title='bbox 313 2072 418 2142; x_wconf 91' lang='lat' dir='ltr'><strong>tuum;</strong></span> <span class='ocrx_word' id='word_1_155' title='bbox 440 2063 537 2129; x_wconf 87' lang='lat' dir='ltr'><strong>altera</strong></span> <span class='ocrx_word' id='word_1_156' title='bbox 554 2063 617 2128; x_wconf 88' lang='lat' dir='ltr'><strong>iam</strong></span> <span class='ocrx_word' id='word_1_157' title='bbox 637 2063 758 2150; x_wconf 86' lang='lat' dir='ltr'><strong>pagella</strong></span> <span class='ocrx_word' id='word_1_158' title='bbox 777 2061 929 2150; x_wconf 88' lang='lat' dir='ltr'><strong>procedit.</strong></span> <span class='ocrx_word' id='word_1_159' title='bbox 971 2062 1069 2130; x_wconf 88' lang='lat' dir='ltr'><strong>Vince</strong></span> <span class='ocrx_word' id='word_1_160' title='bbox 1085 2069 1118 2126; x_wconf 91' lang='lat' dir='ltr'><strong>et</strong></span> <span class='ocrx_word' id='word_1_161' title='bbox 1138 2060 1218 2127; x_wconf 83' lang='lat' dir='ltr'><strong>vale.</strong></span> <span class='ocrx_word' id='word_1_162' title='bbox 1260 2079 1333 2126; x_wconf 84' lang='lat' dir='ltr'><strong>xrv.</strong></span> <span class='ocrx_word' id='word_1_163' title='bbox 1354 2059 1422 2126; x_wconf 83' lang='lat' dir='ltr'><strong>Kal.</strong></span> <span class='ocrx_word' id='word_1_164' title='bbox 1445 2059 1630 2138; x_wconf 82' lang='lat' dir='ltr'><strong>Quinctiles.</strong></span> 
     </span>
    </p>
   </div>
   <div class='ocr_carea' id='block_1_5' title="bbox 616 2198 1573 2414">
    <p class='ocr_par' dir='ltr' id='par_1_6' title="bbox 616 2198 1573 2414">
     <span class='ocr_line' id='line_1_18' title="bbox 760 2198 1573 2288; baseline -0.006 -18"><span class='ocrx_word' id='word_1_165' title='bbox 760 2207 869 2270; x_wconf 76' lang='lat' dir='ltr'><strong>aava</strong></span> <span class='ocrx_word' id='word_1_166' title='bbox 913 2199 962 2288; x_wconf 78' lang='lat' dir='ltr'><strong>(a,</strong></span> <span class='ocrx_word' id='word_1_167' title='bbox 988 2205 1020 2268; x_wconf 90' lang='lat' dir='ltr'><strong>u.</strong></span> <span class='ocrx_word' id='word_1_168' title='bbox 1044 2205 1076 2269; x_wconf 86' lang='lat' dir='ltr'><strong>c.</strong></span> <span class='ocrx_word' id='word_1_169' title='bbox 1098 2198 1184 2286; x_wconf 81' lang='lat'><strong>¹⁷11.)</strong></span> <span class='ocrx_word' id='word_1_170' title='bbox 1556 2229 1573 2265; x_wconf 85' lang='grc'><strong>.</strong></span> 
     </span>
     <span class='ocr_line' id='line_1_19' title="bbox 616 2275 1318 2414; baseline -0.003 -32"><span class='ocrx_word' id='word_1_171' title='bbox 616 2275 637 2414; x_wconf 70' lang='lat' dir='ltr'><strong>l</strong></span> <span class='ocrx_word' id='word_1_172' title='bbox 662 2321 701 2382; x_wconf 88' lang='lat' dir='ltr'><strong>n.</strong></span> <span class='ocrx_word' id='word_1_173' title='bbox 722 2319 882 2383; x_wconf 78' lang='lat' dir='ltr'><strong>neurus.</strong></span> <span class='ocrx_word' id='word_1_174' title='bbox 904 2318 935 2380; x_wconf 93' lang='lat' dir='ltr'><strong>s.</strong></span> <span class='ocrx_word' id='word_1_175' title='bbox 956 2319 996 2380; x_wconf 91' lang='lat' dir='ltr'><strong>n.</strong></span> <span class='ocrx_word' id='word_1_176' title='bbox 1017 2319 1060 2382; x_wconf 93' lang='grc' dir='ltr'><strong>Μ.</strong></span> <span class='ocrx_word' id='word_1_177' title='bbox 1082 2316 1276 2381; x_wconf 81' lang='lat' dir='ltr'><strong>crannum.</strong></span> <span class='ocrx_word' id='word_1_178' title='bbox 1300 2285 1318 2401; x_wconf 78' lang='lat' dir='ltr'><strong>l</strong></span> 
     </span>
    </p>
   </div>
   <div class='ocr_carea' id='block_1_6' title="bbox 277 2435 1634 3165">
    <p class='ocr_par' dir='ltr' id='par_1_7' title="bbox 277 2435 1634 3165">
     <span class='ocr_line' id='line_1_20' title="bbox 401 2435 1632 2523; baseline -0.001 -20"><span class='ocrx_word' id='word_1_179' title='bbox 401 2442 437 2503; x_wconf 87' lang='lat' dir='ltr'><strong>tn</strong></span> <span class='ocrx_word' id='word_1_180' title='bbox 459 2435 599 2502; x_wconf 80' lang='lat' dir='ltr'><strong>maximo</strong></span> <span class='ocrx_word' id='word_1_181' title='bbox 619 2457 692 2503; x_wconf 91' lang='lat' dir='ltr'><strong>meo</strong></span> <span class='ocrx_word' id='word_1_182' title='bbox 713 2435 823 2503; x_wconf 90' lang='lat' dir='ltr'><strong>dolore</strong></span> <span class='ocrx_word' id='word_1_183' title='bbox 846 2438 906 2503; x_wconf 90' lang='lat' dir='ltr'><strong>boc</strong></span> <span class='ocrx_word' id='word_1_184' title='bbox 926 2435 1040 2502; x_wconf 92' lang='lat' dir='ltr'><strong>solatio</strong></span> <span class='ocrx_word' id='word_1_185' title='bbox 1066 2443 1156 2510; x_wconf 91' lang='lat' dir='ltr'><strong>ntor,</strong></span> <span class='ocrx_word' id='word_1_186' title='bbox 1186 2435 1272 2523; x_wconf 92' lang='lat' dir='ltr'><strong>quod</strong></span> <span class='ocrx_word' id='word_1_187' title='bbox 1293 2435 1469 2521; x_wconf 91' lang='lat' dir='ltr'><strong>intelligunt</strong></span> <span class='ocrx_word' id='word_1_188' title='bbox 1489 2435 1632 2504; x_wconf 91' lang='lat' dir='ltr'><strong>bomines</strong></span> 
     </span>
     <span class='ocr_line' id='line_1_21' title="bbox 277 2530 1632 2619; baseline -0.001 -21"><span class='ocrx_word' id='word_1_189' title='bbox 277 2553 378 2605; x_wconf 64' lang='lat' dir='ltr'><strong>eonon</strong></span> <span class='ocrx_word' id='word_1_190' title='bbox 399 2532 465 2597; x_wconf 88' lang='lat' dir='ltr'><strong>sine</strong></span> <span class='ocrx_word' id='word_1_191' title='bbox 488 2551 580 2596; x_wconf 89' lang='lat' dir='ltr'><strong>causa</strong></span> <span class='ocrx_word' id='word_1_192' title='bbox 600 2551 651 2597; x_wconf 91' lang='lat' dir='ltr'><strong>me</strong></span> <span class='ocrx_word' id='word_1_193' title='bbox 673 2530 813 2599; x_wconf 88' lang='lat' dir='ltr'><strong>timuisse</strong></span> <span class='ocrx_word' id='word_1_194' title='bbox 844 2531 917 2605; x_wconf 88' lang='lat' dir='ltr'><strong>ista,</strong></span> <span class='ocrx_word' id='word_1_195' title='bbox 953 2553 1034 2619; x_wconf 87' lang='lat' dir='ltr'><strong>quae</strong></span> <span class='ocrx_word' id='word_1_196' title='bbox 1061 2530 1252 2597; x_wconf 77' lang='lat' dir='ltr'><strong>aeciderunt</strong></span> <span class='ocrx_word' id='word_1_197' title='bbox 1292 2530 1493 2605; x_wconf 87' lang='lat' dir='ltr'><strong>Deliberent,</strong></span> <span class='ocrx_word' id='word_1_198' title='bbox 1526 2539 1632 2596; x_wconf 88' lang='lat' dir='ltr'><strong>utrum</strong></span> 
     </span>
     <span class='ocr_line' id='line_1_22' title="bbox 314 2624 1634 2710; baseline -0.002 -18"><span class='ocrx_word' id='word_1_199' title='bbox 314 2626 469 2692; x_wconf 88' lang='lat' dir='ltr'><strong>traiiciant</strong></span> <span class='ocrx_word' id='word_1_200' title='bbox 490 2624 629 2710; x_wconf 78' lang='lat' dir='ltr'><strong>legiones</strong></span> <span class='ocrx_word' id='word_1_201' title='bbox 652 2645 692 2690; x_wconf 83' lang='lat' dir='ltr'><strong>er</strong></span> <span class='ocrx_word' id='word_1_202' title='bbox 720 2625 825 2692; x_wconf 81' lang='lat' dir='ltr'><strong>Africa</strong></span> <span class='ocrx_word' id='word_1_203' title='bbox 845 2646 944 2692; x_wconf 90' lang='lat' dir='ltr'><strong>necne</strong></span> <span class='ocrx_word' id='word_1_204' title='bbox 965 2634 998 2692; x_wconf 92' lang='lat' dir='ltr'><strong>et</strong></span> <span class='ocrx_word' id='word_1_205' title='bbox 1019 2647 1060 2690; x_wconf 87' lang='lat' dir='ltr'><strong>ex</strong></span> <span class='ocrx_word' id='word_1_206' title='bbox 1082 2624 1241 2698; x_wconf 89' lang='lat' dir='ltr'><strong>Sardinia,</strong></span> <span class='ocrx_word' id='word_1_207' title='bbox 1272 2633 1304 2690; x_wconf 86' lang='lat' dir='ltr'><strong>et</strong></span> <span class='ocrx_word' id='word_1_208' title='bbox 1324 2631 1455 2692; x_wconf 90' lang='lat' dir='ltr'><strong>Brutum</strong></span> <span class='ocrx_word' id='word_1_209' title='bbox 1477 2634 1634 2691; x_wconf 87' lang='lat' dir='ltr'><strong>arcessant</strong></span> 
     </span>
     <span class='ocr_line' id='line_1_23' title="bbox 313 2716 1632 2806; baseline 0.001 -23"><span class='ocrx_word' id='word_1_210' title='bbox 313 2739 426 2793; x_wconf 90' lang='lat' dir='ltr'><strong>necne,</strong></span> <span class='ocrx_word' id='word_1_211' title='bbox 449 2727 480 2784; x_wconf 90' lang='lat' dir='ltr'><strong>et</strong></span> <span class='ocrx_word' id='word_1_212' title='bbox 501 2718 578 2784; x_wconf 91' lang='lat' dir='ltr'><strong>mibi</strong></span> <span class='ocrx_word' id='word_1_213' title='bbox 599 2718 787 2806; x_wconf 84' lang='lat' dir='ltr'><strong>stipendium</strong></span> <span class='ocrx_word' id='word_1_214' title='bbox 815 2718 889 2786; x_wconf 90' lang='lat' dir='ltr'><strong>dent</strong></span> <span class='ocrx_word' id='word_1_215' title='bbox 909 2741 949 2786; x_wconf 92' lang='lat' dir='ltr'><strong>an</strong></span> <span class='ocrx_word' id='word_1_216' title='bbox 974 2719 1152 2786; x_wconf 89' lang='lat' dir='ltr'><strong>decernant.</strong></span> <span class='ocrx_word' id='word_1_217' title='bbox 1194 2716 1241 2784; x_wconf 79' lang='lat' dir='ltr'><strong>Ad</strong></span> <span class='ocrx_word' id='word_1_218' title='bbox 1262 2727 1403 2786; x_wconf 90' lang='lat' dir='ltr'><strong>senatum</strong></span> <span class='ocrx_word' id='word_1_219' title='bbox 1418 2721 1536 2786; x_wconf 88' lang='lat' dir='ltr'><strong>litteras</strong></span> <span class='ocrx_word' id='word_1_220' title='bbox 1551 2718 1632 2784; x_wconf 88' lang='lat' dir='ltr'><strong>misi.</strong></span> 
     </span>
     <span class='ocr_line' id='line_1_24' title="bbox 314 2810 1631 2903; baseline -0.001 -24"><span class='ocrx_word' id='word_1_221' title='bbox 314 2810 415 2879; x_wconf 88' lang='lat' dir='ltr'><strong>Crede</strong></span> <span class='ocrx_word' id='word_1_222' title='bbox 436 2811 533 2888; x_wconf 88' lang='lat' dir='ltr'><strong>mibi,</strong></span> <span class='ocrx_word' id='word_1_223' title='bbox 570 2813 631 2878; x_wconf 86' lang='lat' dir='ltr'><strong>nisi</strong></span> <span class='ocrx_word' id='word_1_224' title='bbox 652 2812 711 2879; x_wconf 88' lang='lat' dir='ltr'><strong>ista</strong></span> <span class='ocrx_word' id='word_1_225' title='bbox 733 2814 839 2880; x_wconf 90' lang='lat' dir='ltr'><strong>omnia</strong></span> <span class='ocrx_word' id='word_1_226' title='bbox 859 2814 902 2880; x_wconf 88' lang='lat' dir='ltr'><strong>ite</strong></span> <span class='ocrx_word' id='word_1_227' title='bbox 928 2813 1021 2891; x_wconf 88' lang='lat' dir='ltr'><strong>liunt,</strong></span> <span class='ocrx_word' id='word_1_228' title='bbox 1043 2811 1307 2903; x_wconf 87' lang='lat' dir='ltr'><strong>quemadmodum</strong></span> <span class='ocrx_word' id='word_1_229' title='bbox 1329 2813 1451 2889; x_wconf 84' lang='lat' dir='ltr'><strong>scribo,</strong></span> <span class='ocrx_word' id='word_1_230' title='bbox 1484 2833 1631 2898; x_wconf 90' lang='lat' dir='ltr'><strong>magnum</strong></span> 
     </span>
     <span class='ocr_line' id='line_1_25' title="bbox 312 2905 1632 2995; baseline 0 -25"><span class='ocrx_word' id='word_1_231' title='bbox 312 2925 371 2972; x_wconf 90' lang='lat' dir='ltr'><strong>nos</strong></span> <span class='ocrx_word' id='word_1_232' title='bbox 393 2926 502 2972; x_wconf 89' lang='lat' dir='ltr'><strong>omnes</strong></span> <span class='ocrx_word' id='word_1_233' title='bbox 523 2906 663 2974; x_wconf 89' lang='lat' dir='ltr'><strong>adituros</strong></span> <span class='ocrx_word' id='word_1_234' title='bbox 685 2907 871 2993; x_wconf 91' lang='lat' dir='ltr'><strong>periculum.</strong></span> <span class='ocrx_word' id='word_1_235' title='bbox 914 2915 1005 2995; x_wconf 85' lang='lat' dir='ltr'><strong>Rogo</strong></span> <span class='ocrx_word' id='word_1_236' title='bbox 1025 2917 1071 2982; x_wconf 90' lang='lat' dir='ltr'><strong>te,</strong></span> <span class='ocrx_word' id='word_1_237' title='bbox 1094 2907 1215 2982; x_wconf 87' lang='lat' dir='ltr'><strong>ridete,</strong></span> <span class='ocrx_word' id='word_1_238' title='bbox 1238 2905 1353 2994; x_wconf 89' lang='lat' dir='ltr'><strong>quibus</strong></span> <span class='ocrx_word' id='word_1_239' title='bbox 1374 2905 1554 2974; x_wconf 90' lang='lat' dir='ltr'><strong>bominibus</strong></span> <span class='ocrx_word' id='word_1_240' title='bbox 1577 2926 1632 2970; x_wconf 90' lang='lat' dir='ltr'><strong>ne·</strong></span> 
     </span>
     <span class='ocr_line' id='line_1_26' title="bbox 277 2999 1632 3088; baseline -0.003 -18"><span class='ocrx_word' id='word_1_241' title='bbox 277 3032 305 3076; x_wconf 72' lang='lat' dir='ltr'><strong>aa</strong></span> <span class='ocrx_word' id='word_1_242' title='bbox 313 2999 432 3085; x_wconf 87' lang='lat' dir='ltr'><strong>gotium</strong></span> <span class='ocrx_word' id='word_1_243' title='bbox 455 2999 553 3078; x_wconf 85' lang='lat' dir='ltr'><strong>detis,</strong></span> <span class='ocrx_word' id='word_1_244' title='bbox 575 2999 630 3088; x_wconf 91' lang='lat' dir='ltr'><strong>qui</strong></span> <span class='ocrx_word' id='word_1_245' title='bbox 652 3001 763 3068; x_wconf 86' lang='lat' dir='ltr'><strong>adme</strong></span> <span class='ocrx_word' id='word_1_246' title='bbox 786 3001 926 3087; x_wconf 79' lang='lat' dir='ltr'><strong>legiones</strong></span> <span class='ocrx_word' id='word_1_247' title='bbox 947 3001 1113 3070; x_wconf 81' lang='lat' dir='ltr'><strong>adducant</strong></span> <span class='ocrx_word' id='word_1_248' title='bbox 1155 3005 1195 3069; x_wconf 84' lang='lat' dir='ltr'><strong>Et</strong></span> <span class='ocrx_word' id='word_1_249' title='bbox 1215 2999 1278 3066; x_wconf 87' lang='lat' dir='ltr'><strong>lide</strong></span> <span class='ocrx_word' id='word_1_250' title='bbox 1299 3023 1379 3088; x_wconf 90' lang='lat' dir='ltr'><strong>opus</strong></span> <span class='ocrx_word' id='word_1_251' title='bbox 1400 3010 1447 3068; x_wconf 90' lang='lat' dir='ltr'><strong>est</strong></span> <span class='ocrx_word' id='word_1_252' title='bbox 1469 3012 1501 3068; x_wconf 91' lang='lat' dir='ltr'><strong>et</strong></span> <span class='ocrx_word' id='word_1_253' title='bbox 1521 3000 1632 3067; x_wconf 89' lang='lat' dir='ltr'><strong>celeri·</strong></span> 
     </span>
     <span class='ocr_line' id='line_1_27' title="bbox 312 3097 877 3165; baseline 0.009 -5"><span class='ocrx_word' id='word_1_254' title='bbox 312 3101 385 3162; x_wconf 90' lang='lat' dir='ltr'><strong>tate.</strong></span> <span class='ocrx_word' id='word_1_255' title='bbox 428 3115 481 3162; x_wconf 92' lang='lat'><strong>111.</strong></span> <span class='ocrx_word' id='word_1_256' title='bbox 503 3099 582 3163; x_wconf 86' lang='lat' dir='ltr'><strong>Non.</strong></span> <span class='ocrx_word' id='word_1_257' title='bbox 604 3099 673 3164; x_wconf 92' lang='lat' dir='ltr'><strong>lun.</strong></span> <span class='ocrx_word' id='word_1_258' title='bbox 695 3117 736 3163; x_wconf 88' lang='lat' dir='ltr'><strong>ex</strong></span> <span class='ocrx_word' id='word_1_259' title='bbox 757 3097 877 3165; x_wconf 88' lang='lat' dir='ltr'><strong>castris.</strong></span> 
     </span>
    </p>
   </div>
   <div class='ocr_carea' id='block_1_7' title="bbox 750 3235 1191 3420">
    <p class='ocr_par' dir='ltr' id='par_1_8' title="bbox 750 3235 1191 3420">
     <span class='ocr_line' id='line_1_28' title="bbox 750 3235 1191 3324; baseline 0 -20"><span class='ocrx_word' id='word_1_260' title='bbox 750 3241 876 3305; x_wconf 74' lang='lat' dir='ltr'><strong>arur.</strong></span> <span class='ocrx_word' id='word_1_261' title='bbox 919 3238 969 3318; x_wconf 77' lang='lat' dir='ltr'><strong>(n.</strong></span> <span class='ocrx_word' id='word_1_262' title='bbox 995 3240 1028 3304; x_wconf 85' lang='lat' dir='ltr'><strong>u</strong></span> <span class='ocrx_word' id='word_1_263' title='bbox 1049 3241 1082 3305; x_wconf 85' lang='lat' dir='ltr'><strong>c.</strong></span> <span class='ocrx_word' id='word_1_264' title='bbox 1104 3235 1191 3324; x_wconf 83' lang='lat'><strong>710.)</strong></span> 
     </span>
     <span class='ocr_line' id='line_1_29' title="bbox 766 3353 1176 3420; baseline -0.01 0"><span class='ocrx_word' id='word_1_265' title='bbox 766 3356 808 3419; x_wconf 92' lang='grc' dir='ltr'><strong>Μ.</strong></span> <span class='ocrx_word' id='word_1_266' title='bbox 831 3354 974 3420; x_wconf 82' lang='lat' dir='ltr'><strong>uerno</strong></span> <span class='ocrx_word' id='word_1_267' title='bbox 995 3353 1122 3418; x_wconf 80' lang='lat' dir='ltr'><strong>uarro</strong></span> <span class='ocrx_word' id='word_1_268' title='bbox 1145 3354 1176 3416; x_wconf 91' lang='lat' dir='ltr'><strong>s.</strong></span> 
     </span>
    </p>
   </div>
   <div class='ocr_carea' id='block_1_8' title="bbox 399 3469 1633 3559">
    <p class='ocr_par' dir='ltr' id='par_1_9' title="bbox 399 3469 1633 3559">
     <span class='ocr_line' id='line_1_30' title="bbox 399 3469 1633 3559; baseline 0.001 -23"><span class='ocrx_word' id='word_1_269' title='bbox 399 3473 428 3536; x_wconf 92' lang='grc'><strong>1.</strong></span> <span class='ocrx_word' id='word_1_270' title='bbox 461 3471 606 3538; x_wconf 92' lang='lat' dir='ltr'><strong>Nondum</strong></span> <span class='ocrx_word' id='word_1_271' title='bbox 633 3472 707 3539; x_wconf 88' lang='lat' dir='ltr'><strong>satis</strong></span> <span class='ocrx_word' id='word_1_272' title='bbox 736 3472 883 3539; x_wconf 91' lang='lat' dir='ltr'><strong>constitui</strong></span> <span class='ocrx_word' id='word_1_273' title='bbox 909 3472 1111 3538; x_wconf 87' lang='lat' dir='ltr'><strong>molestiaene</strong></span> <span class='ocrx_word' id='word_1_274' title='bbox 1140 3473 1210 3559; x_wconf 84' lang='lat' dir='ltr'><strong>plns</strong></span> <span class='ocrx_word' id='word_1_275' title='bbox 1239 3493 1278 3537; x_wconf 95' lang='lat' dir='ltr'><strong>an</strong></span> <span class='ocrx_word' id='word_1_276' title='bbox 1298 3471 1467 3558; x_wconf 83' lang='lat' dir='ltr'><strong>voluptatis</strong></span> <span class='ocrx_word' id='word_1_277' title='bbox 1493 3469 1633 3539; x_wconf 89' lang='lat' dir='ltr'><strong>attulerit</strong></span> 
     </span>
    </p>
   </div>
   <div class='ocr_carea' id='block_1_9' title="bbox 194 3561 1630 3660">
    <p class='ocr_par' dir='ltr' id='par_1_10' title="bbox 194 3561 1630 3660">
     <span class='ocr_line' id='line_1_31' title="bbox 194 3561 1630 3660; baseline 0.001 -33"><span class='ocrx_word' id='word_1_278' title='bbox 194 3586 199 3600; x_wconf 76' lang='lat'><strong><em>¹</em></strong></span> <span class='ocrx_word' id='word_1_279' title='bbox 276 3561 391 3629; x_wconf 76' lang='lat' dir='ltr'><strong>mmihi</strong></span> <span class='ocrx_word' id='word_1_280' title='bbox 407 3564 570 3632; x_wconf 85' lang='lat' dir='ltr'><strong>Trebatius</strong></span> <span class='ocrx_word' id='word_1_281' title='bbox 594 3577 717 3644; x_wconf 85' lang='lat' dir='ltr'><strong>noster,</strong></span> <span class='ocrx_word' id='word_1_282' title='bbox 738 3566 834 3660; x_wconf 61' lang='lat' dir='ltr'><strong>horno</strong></span> <span class='ocrx_word' id='word_1_283' title='bbox 858 3587 930 3632; x_wconf 88' lang='lat' dir='ltr'><strong>cum</strong></span> <span class='ocrx_word' id='word_1_284' title='bbox 950 3566 1062 3653; x_wconf 91' lang='lat' dir='ltr'><strong>plenus</strong></span> <span class='ocrx_word' id='word_1_285' title='bbox 1082 3566 1191 3642; x_wconf 87' lang='lat' dir='ltr'><strong>officii,</strong></span> <span class='ocrx_word' id='word_1_286' title='bbox 1213 3574 1279 3632; x_wconf 89' lang='lat' dir='ltr'><strong>tum</strong></span> <span class='ocrx_word' id='word_1_287' title='bbox 1299 3566 1464 3653; x_wconf 87' lang='lat' dir='ltr'><strong>utriusque</strong></span> <span class='ocrx_word' id='word_1_288' title='bbox 1488 3571 1630 3631; x_wconf 85' lang='lat' dir='ltr'><strong>nostrum</strong></span> 
     </span>
    </p>
   </div>
   <div class='ocr_carea' id='block_1_10' title="bbox 175 3657 1632 3746">
    <p class='ocr_par' dir='ltr' id='par_1_11' title="bbox 175 3657 1632 3746">
     <span class='ocr_line' id='line_1_32' title="bbox 175 3657 1632 3746; baseline -0.003 -18"><span class='ocrx_word' id='word_1_289' title='bbox 175 3683 188 3728; x_wconf 90' lang='grc'><strong>.··</strong></span> <span class='ocrx_word' id='word_1_290' title='bbox 313 3657 553 3726; x_wconf 88' lang='lat' dir='ltr'><strong>amantissimus.</strong></span> <span class='ocrx_word' id='word_1_291' title='bbox 597 3666 673 3728; x_wconf 91' lang='lat' dir='ltr'><strong>Nam</strong></span> <span class='ocrx_word' id='word_1_292' title='bbox 693 3683 765 3727; x_wconf 91' lang='lat' dir='ltr'><strong>cum</strong></span> <span class='ocrx_word' id='word_1_293' title='bbox 787 3661 820 3726; x_wconf 93' lang='lat' dir='ltr'><strong>in</strong></span> <span class='ocrx_word' id='word_1_294' title='bbox 842 3659 1050 3727; x_wconf 86' lang='lat' dir='ltr'><strong>Tusculanum</strong></span> <span class='ocrx_word' id='word_1_295' title='bbox 1070 3659 1196 3746; x_wconf 86' lang='lat' dir='ltr'><strong>vesperi</strong></span> <span class='ocrx_word' id='word_1_296' title='bbox 1209 3661 1385 3735; x_wconf 90' lang='lat' dir='ltr'><strong>venissem,</strong></span> <span class='ocrx_word' id='word_1_297' title='bbox 1406 3661 1558 3744; x_wconf 88' lang='lat' dir='ltr'><strong>postridie</strong></span> <span class='ocrx_word' id='word_1_298' title='bbox 1579 3659 1632 3726; x_wconf 88' lang='lat' dir='ltr'><strong>ille</strong></span> 
     </span>
    </p>
   </div>
   <div class='ocr_carea' id='block_1_11' title="bbox 276 3750 1634 4500">
    <p class='ocr_par' dir='ltr' id='par_1_12' title="bbox 276 3750 1634 4500">
     <span class='ocr_line' id='line_1_33' title="bbox 314 3750 1632 3840; baseline 0.002 -24"><span class='ocrx_word' id='word_1_299' title='bbox 314 3750 355 3816; x_wconf 90' lang='lat' dir='ltr'><strong>ad</strong></span> <span class='ocrx_word' id='word_1_300' title='bbox 383 3774 448 3826; x_wconf 89' lang='lat' dir='ltr'><strong>me,</strong></span> <span class='ocrx_word' id='word_1_301' title='bbox 483 3753 622 3820; x_wconf 91' lang='lat' dir='ltr'><strong>nondum</strong></span> <span class='ocrx_word' id='word_1_302' title='bbox 648 3755 721 3822; x_wconf 88' lang='lat' dir='ltr'><strong>satis</strong></span> <span class='ocrx_word' id='word_1_303' title='bbox 749 3755 840 3822; x_wconf 90' lang='lat' dir='ltr'><strong>firmo</strong></span> <span class='ocrx_word' id='word_1_304' title='bbox 870 3775 1006 3840; x_wconf 91' lang='lat' dir='ltr'><strong>corpore</strong></span> <span class='ocrx_word' id='word_1_305' title='bbox 1029 3775 1100 3821; x_wconf 89' lang='lat' dir='ltr'><strong>uum</strong></span> <span class='ocrx_word' id='word_1_306' title='bbox 1123 3763 1224 3831; x_wconf 90' lang='lat' dir='ltr'><strong>esset,</strong></span> <span class='ocrx_word' id='word_1_307' title='bbox 1260 3777 1351 3821; x_wconf 92' lang='lat' dir='ltr'><strong>mane</strong></span> <span class='ocrx_word' id='word_1_308' title='bbox 1376 3755 1471 3822; x_wconf 88' lang='lat' dir='ltr'><strong>venit.</strong></span> <span class='ocrx_word' id='word_1_309' title='bbox 1530 3757 1632 3832; x_wconf 89' lang='lat' dir='ltr'><strong>Quem</strong></span> 
     </span>
     <span class='ocr_line' id='line_1_34' title="bbox 313 3843 1631 3938; baseline 0.001 -29"><span class='ocrx_word' id='word_1_310' title='bbox 313 3865 385 3912; x_wconf 89' lang='lat' dir='ltr'><strong>curn</strong></span> <span class='ocrx_word' id='word_1_311' title='bbox 406 3843 626 3931; x_wconf 87' lang='lat' dir='ltr'><strong>obiurgarem,</strong></span> <span class='ocrx_word' id='word_1_312' title='bbox 661 3849 746 3938; x_wconf 94' lang='lat' dir='ltr'><strong>quod</strong></span> <span class='ocrx_word' id='word_1_313' title='bbox 768 3870 881 3936; x_wconf 89' lang='lat' dir='ltr'><strong>parum</strong></span> <span class='ocrx_word' id='word_1_314' title='bbox 902 3847 1071 3915; x_wconf 82' lang='lat' dir='ltr'><strong>valetudini</strong></span> <span class='ocrx_word' id='word_1_315' title='bbox 1093 3859 1252 3936; x_wconf 89' lang='lat' dir='ltr'><strong>parceret,</strong></span> <span class='ocrx_word' id='word_1_316' title='bbox 1287 3858 1354 3915; x_wconf 92' lang='lat' dir='ltr'><strong>tum</strong></span> <span class='ocrx_word' id='word_1_317' title='bbox 1375 3849 1448 3924; x_wconf 90' lang='lat' dir='ltr'><strong>ille,</strong></span> <span class='ocrx_word' id='word_1_318' title='bbox 1470 3848 1547 3915; x_wconf 91' lang='lat' dir='ltr'><strong>nihil</strong></span> <span class='ocrx_word' id='word_1_319' title='bbox 1569 3844 1631 3914; x_wconf 88' lang='lat' dir='ltr'><strong>sibi</strong></span> 
     </span>
     <span class='ocr_line' id='line_1_35' title="bbox 313 3938 1633 4032; baseline 0.003 -30"><span class='ocrx_word' id='word_1_320' title='bbox 313 3938 437 4024; x_wconf 90' lang='lat' dir='ltr'><strong>longius</strong></span> <span class='ocrx_word' id='word_1_321' title='bbox 458 3938 573 4018; x_wconf 86' lang='lat' dir='ltr'><strong>luisse,</strong></span> <span class='ocrx_word' id='word_1_322' title='bbox 597 3965 690 4030; x_wconf 90' lang='lat' dir='ltr'><strong>quam</strong></span> <span class='ocrx_word' id='word_1_323' title='bbox 712 3952 747 4010; x_wconf 86' lang='lat' dir='ltr'><strong>ut</strong></span> <span class='ocrx_word' id='word_1_324' title='bbox 771 3965 822 4009; x_wconf 90' lang='lat' dir='ltr'><strong>me</strong></span> <span class='ocrx_word' id='word_1_325' title='bbox 840 3941 971 4008; x_wconf 84' lang='lat' dir='ltr'><strong>videret.</strong></span> <span class='ocrx_word' id='word_1_326' title='bbox 1012 3942 1258 4032; x_wconf 88' lang='lat' dir='ltr'><strong>Numquidnam,</strong></span> <span class='ocrx_word' id='word_1_327' title='bbox 1280 3943 1430 4029; x_wconf 89' lang='lat' dir='ltr'><strong>inquam,</strong></span> <span class='ocrx_word' id='word_1_328' title='bbox 1453 3944 1549 4009; x_wconf 76' lang='lat' dir='ltr'><strong>novit</strong></span> <span class='ocrx_word' id='word_1_329' title='bbox 1571 3947 1633 4009; x_wconf 87' lang='lat' dir='ltr'><strong>De·</strong></span> 
     </span>
     <span class='ocr_line' id='line_1_36' title="bbox 276 4031 1632 4124; baseline 0.005 -30"><span class='ocrx_word' id='word_1_330' title='bbox 276 4055 304 4098; x_wconf 81' lang='lat' dir='ltr'><strong>aa</strong></span> <span class='ocrx_word' id='word_1_331' title='bbox 314 4031 385 4099; x_wconf 90' lang='lat' dir='ltr'><strong>tulit</strong></span> <span class='ocrx_word' id='word_1_332' title='bbox 406 4032 444 4098; x_wconf 88' lang='lat' dir='ltr'><strong>ad</strong></span> <span class='ocrx_word' id='word_1_333' title='bbox 466 4055 517 4099; x_wconf 91' lang='lat' dir='ltr'><strong>me</strong></span> <span class='ocrx_word' id='word_1_334' title='bbox 539 4038 698 4122; x_wconf 87' lang='lat' dir='ltr'><strong>querelam</strong></span> <span class='ocrx_word' id='word_1_335' title='bbox 720 4044 824 4114; x_wconf 90' lang='lat' dir='ltr'><strong>tuam,</strong></span> <span class='ocrx_word' id='word_1_336' title='bbox 847 4036 886 4102; x_wconf 92' lang='lat' dir='ltr'><strong>de</strong></span> <span class='ocrx_word' id='word_1_337' title='bbox 903 4058 965 4124; x_wconf 91' lang='lat' dir='ltr'><strong>qua</strong></span> <span class='ocrx_word' id='word_1_338' title='bbox 985 4037 1090 4123; x_wconf 87' lang='lat' dir='ltr'><strong>prius,</strong></span> <span class='ocrx_word' id='word_1_339' title='bbox 1113 4058 1207 4124; x_wconf 89' lang='lat' dir='ltr'><strong>quam</strong></span> <span class='ocrx_word' id='word_1_340' title='bbox 1225 4036 1419 4122; x_wconf 88' lang='lat' dir='ltr'><strong>respondeo,</strong></span> <span class='ocrx_word' id='word_1_341' title='bbox 1441 4057 1540 4123; x_wconf 87' lang='lat' dir='ltr'><strong>pauca</strong></span> <span class='ocrx_word' id='word_1_342' title='bbox 1559 4056 1632 4123; x_wconf 94' lang='lat' dir='ltr'><strong>pro-</strong></span> 
     </span>
     <span class='ocr_line' id='line_1_37' title="bbox 312 4130 1633 4218; baseline 0.004 -27"><span class='ocrx_word' id='word_1_343' title='bbox 312 4147 439 4213; x_wconf 90' lang='lat' dir='ltr'><strong>ponam.</strong></span> <span class='ocrx_word' id='word_1_344' title='bbox 489 4133 520 4194; x_wconf 74' lang='lat'><strong>2.</strong></span> <span class='ocrx_word' id='word_1_345' title='bbox 557 4131 715 4208; x_wconf 89' lang='lat' dir='ltr'><strong>Quantum</strong></span> <span class='ocrx_word' id='word_1_346' title='bbox 741 4130 896 4198; x_wconf 89' lang='lat' dir='ltr'><strong>memoria</strong></span> <span class='ocrx_word' id='word_1_347' title='bbox 923 4140 1068 4218; x_wconf 87' lang='lat' dir='ltr'><strong>repetere</strong></span> <span class='ocrx_word' id='word_1_348' title='bbox 1097 4131 1265 4218; x_wconf 88' lang='lat' dir='ltr'><strong>praeterita</strong></span> <span class='ocrx_word' id='word_1_349' title='bbox 1287 4151 1433 4216; x_wconf 88' lang='lat' dir='ltr'><strong>possum,</strong></span> <span class='ocrx_word' id='word_1_350' title='bbox 1470 4151 1563 4196; x_wconf 90' lang='lat' dir='ltr'><strong>nemo</strong></span> <span class='ocrx_word' id='word_1_351' title='bbox 1586 4139 1633 4196; x_wconf 88' lang='lat' dir='ltr'><strong>est</strong></span> 
     </span>
     <span class='ocr_line' id='line_1_38' title="bbox 313 4220 1632 4313; baseline 0.002 -28"><span class='ocrx_word' id='word_1_352' title='bbox 313 4220 392 4286; x_wconf 89' lang='lat' dir='ltr'><strong>mihi</strong></span> <span class='ocrx_word' id='word_1_353' title='bbox 418 4230 449 4286; x_wconf 87' lang='lat' dir='ltr'><strong>te</strong></span> <span class='ocrx_word' id='word_1_354' title='bbox 476 4223 594 4290; x_wconf 88' lang='lat' dir='ltr'><strong>amicus</strong></span> <span class='ocrx_word' id='word_1_355' title='bbox 622 4225 790 4313; x_wconf 87' lang='lat' dir='ltr'><strong>antiquior.</strong></span> <span class='ocrx_word' id='word_1_356' title='bbox 846 4224 908 4290; x_wconf 89' lang='lat' dir='ltr'><strong>Sed</strong></span> <span class='ocrx_word' id='word_1_357' title='bbox 936 4231 1073 4290; x_wconf 82' lang='lat' dir='ltr'><strong>vetustas</strong></span> <span class='ocrx_word' id='word_1_358' title='bbox 1102 4223 1196 4289; x_wconf 88' lang='lat' dir='ltr'><strong>babet</strong></span> <span class='ocrx_word' id='word_1_359' title='bbox 1223 4223 1343 4311; x_wconf 88' lang='lat' dir='ltr'><strong>aliquid</strong></span> <span class='ocrx_word' id='word_1_360' title='bbox 1372 4244 1539 4290; x_wconf 84' lang='lat' dir='ltr'><strong>commune</strong></span> <span class='ocrx_word' id='word_1_361' title='bbox 1561 4244 1632 4288; x_wconf 89' lang='lat' dir='ltr'><strong>cum</strong></span> 
     </span>
     <span class='ocr_line' id='line_1_39' title="bbox 313 4314 1631 4405; baseline 0 -24"><span class='ocrx_word' id='word_1_362' title='bbox 313 4314 436 4395; x_wconf 89' lang='lat' dir='ltr'><strong>multis;</strong></span> <span class='ocrx_word' id='word_1_363' title='bbox 459 4337 549 4384; x_wconf 90' lang='lat' dir='ltr'><strong>amor</strong></span> <span class='ocrx_word' id='word_1_364' title='bbox 570 4339 634 4385; x_wconf 94' lang='lat' dir='ltr'><strong>non</strong></span> <span class='ocrx_word' id='word_1_365' title='bbox 651 4318 757 4386; x_wconf 80' lang='lat' dir='ltr'><strong>babet</strong></span> <span class='ocrx_word' id='word_1_366' title='bbox 799 4319 904 4386; x_wconf 84' lang='lat' dir='ltr'><strong>Dilexi</strong></span> <span class='ocrx_word' id='word_1_367' title='bbox 927 4327 977 4394; x_wconf 90' lang='lat' dir='ltr'><strong>te,</strong></span> <span class='ocrx_word' id='word_1_368' title='bbox 999 4338 1063 4405; x_wconf 90' lang='lat' dir='ltr'><strong>quo</strong></span> <span class='ocrx_word' id='word_1_369' title='bbox 1085 4317 1136 4384; x_wconf 89' lang='lat' dir='ltr'><strong>die</strong></span> <span class='ocrx_word' id='word_1_370' title='bbox 1157 4318 1310 4404; x_wconf 91' lang='lat' dir='ltr'><strong>cognovi,</strong></span> <span class='ocrx_word' id='word_1_371' title='bbox 1333 4338 1478 4405; x_wconf 88' lang='lat' dir='ltr'><strong>mequea</strong></span> <span class='ocrx_word' id='word_1_372' title='bbox 1499 4329 1529 4383; x_wconf 92' lang='lat' dir='ltr'><strong>te</strong></span> <span class='ocrx_word' id='word_1_373' title='bbox 1544 4315 1631 4401; x_wconf 90' lang='lat' dir='ltr'><strong>diligi</strong></span> 
     </span>
     <span class='ocr_line' id='line_1_40' title="bbox 313 4402 1634 4500; baseline -0.001 -26"><span class='ocrx_word' id='word_1_374' title='bbox 313 4407 461 4475; x_wconf 83' lang='lat' dir='ltr'><strong>iudicavi.</strong></span> <span class='ocrx_word' id='word_1_375' title='bbox 496 4402 595 4483; x_wconf 74' lang='lat' dir='ltr'><strong>(Tuus</strong></span> <span class='ocrx_word' id='word_1_376' title='bbox 624 4410 737 4479; x_wconf 90' lang='lat' dir='ltr'><strong>deinde</strong></span> <span class='ocrx_word' id='word_1_377' title='bbox 766 4413 922 4479; x_wconf 88' lang='lat' dir='ltr'><strong>discessus</strong></span> <span class='ocrx_word' id='word_1_378' title='bbox 931 4403 948 4487; x_wconf 63' lang='lat' dir='ltr'><strong>,l</strong></span> <span class='ocrx_word' id='word_1_379' title='bbox 975 4412 1065 4500; x_wconf 87' lang='lat' dir='ltr'><strong>isque</strong></span> <span class='ocrx_word' id='word_1_380' title='bbox 1093 4411 1280 4488; x_wconf 90' lang='lat' dir='ltr'><strong>diuturnus,</strong></span> <span class='ocrx_word' id='word_1_381' title='bbox 1298 4409 1446 4500; x_wconf 67' lang='lat' dir='ltr'><strong>{ambitio</strong></span> <span class='ocrx_word' id='word_1_382' title='bbox 1472 4419 1580 4477; x_wconf 89' lang='lat' dir='ltr'><strong>nostra</strong></span> <span class='ocrx_word' id='word_1_383' title='bbox 1602 4417 1634 4474; x_wconf 90' lang='lat' dir='ltr'><strong>et</strong></span> 
     </span>
    </p>
   </div>
   <div class='ocr_carea' id='block_1_12' title="bbox 13 4498 1632 4613">
    <p class='ocr_par' dir='ltr' id='par_1_13' title="bbox 13 4498 1632 4613">
     <span class='ocr_line' id='line_1_41' title="bbox 13 4498 1632 4613; baseline -0.002 -42"><span class='ocrx_word' id='word_1_384' title='bbox 13 4575 14 4578; x_wconf 61' lang='grc'>,</span> <span class='ocrx_word' id='word_1_385' title='bbox 123 4528 186 4613; x_wconf 53' lang='lat' dir='ltr'><strong>rss·</strong></span> <span class='ocrx_word' id='word_1_386' title='bbox 276 4504 396 4570; x_wconf 69' lang='lat' dir='ltr'><strong>aurine</strong></span> <span class='ocrx_word' id='word_1_387' title='bbox 418 4502 638 4572; x_wconf 88' lang='lat' dir='ltr'><strong>dissimilitudo</strong></span> <span class='ocrx_word' id='word_1_388' title='bbox 660 4526 725 4573; x_wconf 91' lang='lat' dir='ltr'><strong>non</strong></span> <span class='ocrx_word' id='word_1_389' title='bbox 745 4498 1098 4595; x_wconf 79' lang='lat' dir='ltr'><strong>est.passa}iolunutes</strong></span> <span class='ocrx_word' id='word_1_390' title='bbox 1119 4517 1241 4573; x_wconf 88' lang='lat' dir='ltr'><strong>nostras</strong></span> <span class='ocrx_word' id='word_1_391' title='bbox 1256 4504 1481 4572; x_wconf 86' lang='lat' dir='ltr'><strong>consuetudine</strong></span> <span class='ocrx_word' id='word_1_392' title='bbox 1503 4505 1632 4588; x_wconf 90' lang='lat' dir='ltr'><strong>conglu-</strong></span> 
     </span>
    </p>
   </div>
   <div class='ocr_carea' id='block_1_13' title="bbox 313 4597 1633 4773">
    <p class='ocr_par' dir='ltr' id='par_1_14' title="bbox 313 4597 1633 4773">
     <span class='ocr_line' id='line_1_42' title="bbox 314 4597 1632 4687; baseline 0.001 -26"><span class='ocrx_word' id='word_1_393' title='bbox 314 4597 417 4663; x_wconf 86' lang='lat' dir='ltr'><strong>tinari.</strong></span> <span class='ocrx_word' id='word_1_394' title='bbox 473 4604 574 4665; x_wconf 82' lang='lat' dir='ltr'><strong>Tuum</strong></span> <span class='ocrx_word' id='word_1_395' title='bbox 595 4610 699 4666; x_wconf 78' lang='lat' dir='ltr'><strong>mmen</strong></span> <span class='ocrx_word' id='word_1_396' title='bbox 720 4621 796 4687; x_wconf 92' lang='lat' dir='ltr'><strong>erga</strong></span> <span class='ocrx_word' id='word_1_397' title='bbox 817 4623 869 4668; x_wconf 90' lang='lat' dir='ltr'><strong>me</strong></span> <span class='ocrx_word' id='word_1_398' title='bbox 890 4601 1028 4666; x_wconf 90' lang='lat' dir='ltr'><strong>animum</strong></span> <span class='ocrx_word' id='word_1_399' title='bbox 1049 4599 1164 4686; x_wconf 84' lang='lat' dir='ltr'><strong>agnovi</strong></span> <span class='ocrx_word' id='word_1_400' title='bbox 1184 4600 1291 4666; x_wconf 89' lang='lat' dir='ltr'><strong>multis</strong></span> <span class='ocrx_word' id='word_1_401' title='bbox 1312 4600 1401 4665; x_wconf 87' lang='lat' dir='ltr'><strong>annis</strong></span> <span class='ocrx_word' id='word_1_402' title='bbox 1423 4608 1493 4664; x_wconf 90' lang='lat' dir='ltr'><strong>ante</strong></span> <span class='ocrx_word' id='word_1_403' title='bbox 1515 4597 1632 4664; x_wconf 90' lang='lat' dir='ltr'><strong>bellum</strong></span> 
     </span>
     <span class='ocr_line' id='line_1_43' title="bbox 313 4689 1633 4773; baseline 0 -17"><span class='ocrx_word' id='word_1_404' title='bbox 313 4689 420 4768; x_wconf 83' lang='lat' dir='ltr'><strong>civile,</strong></span> <span class='ocrx_word' id='word_1_405' title='bbox 452 4713 524 4759; x_wconf 90' lang='lat' dir='ltr'><strong>cum</strong></span> <span class='ocrx_word' id='word_1_406' title='bbox 553 4697 670 4761; x_wconf 89' lang='lat' dir='ltr'><strong>Caesar</strong></span> <span class='ocrx_word' id='word_1_407' title='bbox 690 4704 773 4760; x_wconf 88' lang='lat' dir='ltr'><strong>esset</strong></span> <span class='ocrx_word' id='word_1_408' title='bbox 792 4695 825 4761; x_wconf 93' lang='lat' dir='ltr'><strong>in</strong></span> <span class='ocrx_word' id='word_1_409' title='bbox 848 4694 956 4762; x_wconf 88' lang='lat' dir='ltr'><strong>Gallia.</strong></span> <span class='ocrx_word' id='word_1_410' title='bbox 1011 4693 1104 4773; x_wconf 89' lang='lat' dir='ltr'><strong>Quod</strong></span> <span class='ocrx_word' id='word_1_411' title='bbox 1125 4693 1209 4760; x_wconf 90' lang='lat' dir='ltr'><strong>enim</strong></span> <span class='ocrx_word' id='word_1_412' title='bbox 1231 4694 1432 4761; x_wconf 87' lang='lat' dir='ltr'><strong>vehementer</strong></span> <span class='ocrx_word' id='word_1_413' title='bbox 1458 4689 1535 4758; x_wconf 90' lang='lat' dir='ltr'><strong>mibi</strong></span> <span class='ocrx_word' id='word_1_414' title='bbox 1557 4691 1633 4758; x_wconf 92' lang='lat' dir='ltr'><strong>utile</strong></span> 
     </span>
    </p>
   </div>
   <div class='ocr_carea' id='block_1_14' title="bbox 313 4911 1632 5122">
    <p class='ocr_par' dir='ltr' id='par_1_15' title="bbox 313 4911 1632 5122">
     <span class='ocr_line' id='line_1_44' title="bbox 384 4911 1630 4980; baseline 0 -18"><span class='ocrx_word' id='word_1_415' title='bbox 384 4912 411 4962; x_wconf 87' lang='lat'><strong>8.</strong></span> <span class='ocrx_word' id='word_1_416' title='bbox 429 4915 493 4978; x_wconf 79' lang='lat' dir='ltr'><strong>guid</strong></span> <span class='ocrx_word' id='word_1_417' title='bbox 501 4913 578 4965; x_wconf 71' lang='lat' dir='ltr'><strong>scrib.</strong></span> <span class='ocrx_word' id='word_1_418' title='bbox 593 4913 799 4980; x_wconf 73' lang='lat' dir='ltr'><strong>Mapuodaertb.</strong></span> <span class='ocrx_word' id='word_1_419' title='bbox 809 4915 839 4968; x_wconf 83' lang='lat' dir='ltr'><strong>lt.</strong></span> <span class='ocrx_word' id='word_1_420' title='bbox 858 4941 889 4953; x_wconf 93' lang='lat'>-</span> <span class='ocrx_word' id='word_1_421' title='bbox 909 4916 952 4969; x_wconf 79' lang='lat' dir='ltr'><strong>lo.</strong></span> <span class='ocrx_word' id='word_1_422' title='bbox 962 4917 1056 4966; x_wconf 80' lang='lat' dir='ltr'><strong>Inom.</strong></span> <span class='ocrx_word' id='word_1_423' title='bbox 1071 4915 1106 4968; x_wconf 84' lang='grc' dir='ltr'><strong>Μ.</strong></span> <span class='ocrx_word' id='word_1_424' title='bbox 1119 4939 1149 4952; x_wconf 91' lang='lat'><strong>·-</strong></span> <span class='ocrx_word' id='word_1_425' title='bbox 1167 4915 1212 4965; x_wconf 76' lang='lat'><strong>21.</strong></span> <span class='ocrx_word' id='word_1_426' title='bbox 1226 4927 1258 4965; x_wconf 75' lang='lat' dir='ltr'><strong>ee</strong></span> <span class='ocrx_word' id='word_1_427' title='bbox 1269 4913 1394 4964; x_wconf 77' lang='lat' dir='ltr'><strong>Sardinia</strong></span> <span class='ocrx_word' id='word_1_428' title='bbox 1407 4913 1416 4934; x_wconf 82' lang='lat'>⁸</span> <span class='ocrx_word' id='word_1_429' title='bbox 1428 4911 1457 4933; x_wconf 78' lang='lat'><strong>¹*</strong></span> <span class='ocrx_word' id='word_1_430' title='bbox 1471 4911 1630 4968; x_wconf 80' lang='lat' dir='ltr'><strong>Scbtttaioa.</strong></span> 
     </span>
     <span class='ocr_line' id='line_1_45' title="bbox 313 4983 1632 5041; baseline 0.005 -11"><span class='ocrx_word' id='word_1_431' title='bbox 313 4995 408 5041; x_wconf 73' lang='lat' dir='ltr'><strong>merea,</strong></span> <span class='ocrx_word' id='word_1_432' title='bbox 435 4991 460 5034; x_wconf 81' lang='lat' dir='ltr'><strong>et</strong></span> <span class='ocrx_word' id='word_1_433' title='bbox 477 4997 510 5036; x_wconf 76' lang='lat' dir='ltr'><strong>cc</strong></span> <span class='ocrx_word' id='word_1_434' title='bbox 526 4985 682 5036; x_wconf 77' lang='lat' dir='ltr'><strong>Macedonio</strong></span> <span class='ocrx_word' id='word_1_435' title='bbox 700 4987 811 5036; x_wconf 79' lang='lat' dir='ltr'><strong>Brutum</strong></span> <span class='ocrx_word' id='word_1_436' title='bbox 829 4987 972 5038; x_wconf 84' lang='lat' dir='ltr'><strong>Strotbius.</strong></span> <span class='ocrx_word' id='word_1_437' title='bbox 1002 5011 1033 5023; x_wconf 93' lang='lat'>-</span> <span class='ocrx_word' id='word_1_438' title='bbox 1069 4987 1114 5035; x_wconf 72' lang='lat'><strong>22.</strong></span> <span class='ocrx_word' id='word_1_439' title='bbox 1134 4999 1171 5035; x_wconf 81' lang='lat' dir='ltr'><strong>on</strong></span> <span class='ocrx_word' id='word_1_440' title='bbox 1188 4987 1329 5036; x_wconf 75' lang='lat' dir='ltr'><strong>decemom</strong></span> <span class='ocrx_word' id='word_1_441' title='bbox 1347 4984 1391 5035; x_wconf 78' lang='lat' dir='ltr'><strong>bl:</strong></span> <span class='ocrx_word' id='word_1_442' title='bbox 1423 4993 1463 5035; x_wconf 78' lang='lat' dir='ltr'><strong>on·</strong></span> <span class='ocrx_word' id='word_1_443' title='bbox 1476 4995 1531 5034; x_wconf 81' lang='lat' dir='ltr'><strong>noo</strong></span> <span class='ocrx_word' id='word_1_444' title='bbox 1548 4983 1632 5036; x_wconf 76' lang='lat' dir='ltr'><strong>doecr-</strong></span> 
     </span>
     <span class='ocr_line' id='line_1_46' title="bbox 314 5053 1438 5122; baseline 0.004 -21"><span class='ocrx_word' id='word_1_445' title='bbox 314 5061 380 5102; x_wconf 78' lang='lat' dir='ltr'><strong>aont</strong></span> <span class='ocrx_word' id='word_1_446' title='bbox 400 5053 431 5104; x_wconf 83' lang='lat' dir='ltr'><strong>u.</strong></span> <span class='ocrx_word' id='word_1_447' title='bbox 453 5076 481 5089; x_wconf 98' lang='lat'>-</span> <span class='ocrx_word' id='word_1_448' title='bbox 518 5055 563 5106; x_wconf 72' lang='lat'><strong>2³.</strong></span> <span class='ocrx_word' id='word_1_449' title='bbox 581 5055 647 5121; x_wconf 61' lang='lat' dir='ltr'><strong>mot</strong></span> <span class='ocrx_word' id='word_1_450' title='bbox 666 5055 710 5110; x_wconf 84' lang='lat' dir='ltr'><strong>u:</strong></span> <span class='ocrx_word' id='word_1_451' title='bbox 729 5057 796 5122; x_wconf 67' lang='lat' dir='ltr'><strong>fiant</strong></span> <span class='ocrx_word' id='word_1_452' title='bbox 815 5055 845 5110; x_wconf 82' lang='lat' dir='ltr'><strong>ll.</strong></span> <span class='ocrx_word' id='word_1_453' title='bbox 867 5081 894 5095; x_wconf 94' lang='lat'>—</span> <span class='ocrx_word' id='word_1_454' title='bbox 933 5057 976 5110; x_wconf 78' lang='grc'><strong>311.</strong></span> <span class='ocrx_word' id='word_1_455' title='bbox 994 5069 1143 5122; x_wconf 81' lang='lat' dir='ltr'><strong>proponam</strong></span> <span class='ocrx_word' id='word_1_456' title='bbox 1160 5053 1206 5109; x_wconf 79' lang='lat' dir='ltr'><strong>bl:</strong></span> <span class='ocrx_word' id='word_1_457' title='bbox 1224 5067 1389 5120; x_wconf 67' lang='lat' dir='ltr'><strong>promouere</strong></span> <span class='ocrx_word' id='word_1_458' title='bbox 1406 5054 1438 5106; x_wconf 79' lang='lat' dir='ltr'><strong>B.</strong></span> 
     </span>
    </p>
   </div>
   <div class='ocr_carea' id='block_1_15' title="bbox 0 0 1818 5876">
    <p class='ocr_par' dir='ltr' id='par_1_16' title="bbox 0 0 1818 5876">
     <span class='ocr_line' id='line_1_47' title="bbox 0 0 1818 5876; baseline 0 0"><span class='ocrx_word' id='word_1_459' title='bbox 0 0 1818 5876; x_wconf 95' lang='lat' dir='ltr'><strong> </strong></span> 
     </span>
    </p>
   </div>
  </div>
 </body>
</html>
