3628 5876
271 409 332 472 113
698 406 974 474 EPlSTOLAllUll
994 409 1046 470 AD
1068 406 1159 470 del.

268 564 447 632 columitate
480 573 533 630 tua
561 562 716 629 consulas.
773 566 851 628 Nam
872 562 950 628 deos
971 562 1176 650 hominesque
1198 562 1431 650 amicitiamque
1452 574 1591 632 nostram

267 659 419 726 testificor
439 679 491 724 me
513 655 570 722 tibi
591 655 785 743 praedixisse
806 678 908 742 neque
930 667 1048 722 temere
1070 656 1243 731 monuisse,
1266 657 1322 722 sed
1336 668 1501 746 postquam
1516 663 1593 726 Cae-

268 775 371 820 sarem
392 755 593 820 convenerim
608 750 853 837 sententiamque
875 750 958 824 eius‚
981 751 1081 837 qualis
1103 750 1208 817 lutura
1230 761 1312 818 esset
1331 760 1422 839 parta
1442 753 1590 829 victoria,

268 846 488 934 cognoverim,
525 853 555 908 te
583 844 751 909 certiorem
778 844 898 909 lec-isse.
949 844 982 910 Si
1010 843 1170 910 existimas
1192 845 1324 910 eandem
1344 847 1499 912 rationem
1520 848 1591 914 iore

244 941 395 1012 aCa'csari
429 939 462 1005 in
498 937 689 1002 dimittendis
730 936 918 1003 adversariis
952 947 983 1002 et
1018 937 1253 1004 condicionibus
1292 937 1444 1014 ferendis,
1489 963 1589 1007 erras.

269 1035 351 1100 Nihil
380 1033 441 1098 nisi
468 1040 560 1097 atrox
583 1040 615 1097 et
636 1053 763 1097 saevum
791 1032 906 1118 cogitat
926 1040 1020 1119 atque
1041 1037 1135 1097 etiam
1156 1032 1305 1119 loquitur.
1348 1037 1449 1100 lratus
1470 1035 1591 1100 senatui

270 1129 364 1206 exiit;
387 1128 435 1192 his
457 1123 733 1192 intercessionibus
754 1125 845 1212 plane
867 1126 1012 1192 incitatus
1034 1135 1096 1205 est;
1118 1146 1182 1190 non
1197 1126 1376 1191 mehercule
1398 1127 1459 1193 erit
1478 1128 1591 1214 depre-

271 1222 385 1288 cationi
406 1221 504 1286 locus.
547 1224 577 1285 0.
601 1223 707 1298 Quare
728 1219 755 1285 si
777 1218 833 1284 tibi
862 1228 909 1294 tu,
946 1220 972 1284 si
995 1219 1076 1285 lilius
1099 1219 1227 1294 unicus,
1258 1218 1286 1284 si
1306 1220 1433 1294 domus,
1470 1221 1497 1286 si
1518 1243 1591 1308 spes

269 1325 340 1382 tuae
361 1315 502 1401 reliquae
529 1313 585 1379 tibi
614 1335 705 1378 carae
734 1323 825 1392 sunt;
861 1319 886 1378 si
909 1312 1025 1401 aliquid
1061 1313 1143 1400 apud
1171 1323 1202 1378 te
1224 1335 1296 1386 uos,
1318 1313 1345 1379 si
1366 1314 1416 1379 vir
1437 1317 1590 1402 optimus,

231 1431 367 1498 sogener
388 1419 476 1482 tuus,
505 1408 605 1475 valet:
635 1429 771 1495 quorum
800 1407 958 1472 fortunam
988 1429 1050 1474 uon
1081 1407 1177 1473 debes
1204 1407 1285 1473 velle
1317 1408 1522 1487 conturbare,
1556 1419 1593 1477 ut

270 1527 339 1570 earn
360 1525 502 1579 causam,
537 1501 571 1568 in
603 1501 692 1566 cuius
718 1501 850 1566 victoria
879 1501 961 1566 salus
982 1511 1090 1566 uestra
1113 1511 1175 1575 cst,
1212 1501 1316 1566 odisse
1338 1511 1391 1566 aut
1410 1503 1591 1590 relinquere

267 1617 418 1684 cogamur
439 1605 492 1663 aul
512 1595 642 1682 impiam
663 1595 862 1682 cupiditatem
885 1603 994 1660 contra
1016 1595 1147 1661 salutem
1168 1603 1253 1660 tuam
1275 1593 1454 1662 habeamus.
1497 1598 1591 1663 Deni-

267 1713 329 1780 que
358 1691 436 1758 illud
467 1689 587 1775 cogita:
625 1688 710 1776 quod
732 1688 870 1755 ollensae
891 1689 987 1752 luerit
1008 1688 1041 1753 iu
1062 1689 1121 1754 ista
1148 1689 1360 1764 cunctatione,
1398 1698 1429 1754 te
1452 1688 1590 1768 subisse;

266 1807 350 1852 nnnc
371 1795 401 1852 te
422 1793 530 1850 contra
551 1783 704 1849 victorem
724 1782 846 1858 iacere,
879 1804 973 1869 quem
995 1782 1098 1848 dubiis
1119 1782 1215 1849 rebus
1236 1782 1360 1849 laedere
1387 1784 1533 1858 uoluisti,
1556 1795 1589 1848 et

232 1907 257 1950 ra
267 1881 307 1946 ad
328 1901 383 1945 cos
404 1879 528 1965 fugatos
550 1876 714 1952 accedere,
738 1898 818 1963 quos
839 1876 1020 1942 resistentes
1042 1877 1131 1964 sequi
1152 1876 1306 1948 uolucris,
1331 1898 1471 1942 summae
1492 1877 1592 1942 stulti-

266 1976 327 2042 tiae
350 1983 406 2040 cst.
448 1970 545 2044 Vide,
582 1991 637 2045 ne,
660 1970 736 2036 dum
757 1969 854 2057 pudet
874 1980 906 2036 te
927 1992 1038 2056 parum
1062 1970 1242 2057 optimatem
1264 1991 1350 2047 esse,
1386 1991 1499 2057 parum
1521 1970 1592 2036 dili-

266 2076 392 2156 genter,
415 2065 491 2154 quid
512 2069 666 2151 optimum
687 2065 743 2140 sit,
766 2065 872 2149 eligas.
915 2069 944 2129 3.
967 2064 1060 2142 Quod
1082 2064 1108 2130 si
1130 2074 1229 2130 totum
1245 2062 1302 2129 tibi
1316 2064 1508 2151 persuadere
1527 2086 1590 2130 uon

266 2182 413 2248 possum,
436 2160 558 2234 saltem,
581 2158 672 2232 dum,
696 2157 771 2244 quid
794 2158 832 2223 de
853 2157 1010 2244 Hispaniis
1025 2179 1169 2243 agamus,
1192 2159 1307 2234 scitur,
1330 2169 1490 2245 exspecta;
1514 2180 1592 2246 quas

266 2254 324 2322 tibi
345 2254 455 2320 nuntio
477 2251 612 2318 adventu
634 2252 776 2318 Caesaris
798 2251 867 2317 lore
882 2263 1013 2318 nostras.
1057 2256 1161 2332 Quam
1182 2253 1234 2318 isti
1248 2273 1335 2339 spem
1350 2251 1484 2318 babeant
1498 2253 1591 2318 amis-

229 2373 257 2415 eo
267 2349 310 2414 sis
341 2346 516 2432 Hispaniis,
549 2346 665 2411 nescio.
719 2345 813 2424 Quod
839 2366 939 2432 porro
965 2355 1053 2411 tuum
1089 2346 1253 2412 consilium
1288 2346 1328 2410 sit
1349 2345 1388 2410 ad
1410 2346 1591 2434 desperatos

266 2441 432 2512 accedere,
469 2460 532 2504 nou
554 2438 769 2504 mediusfidius
791 2440 927 2526 reperio.
969 2443 1000 2504 d.
1024 2444 1108 2515 Hoc,
1131 2440 1217 2527 quod
1233 2450 1267 2506 tu
1289 2461 1352 2505 nou
1368 2437 1500 2506 dicendo
1515 2440 1592 2506 mibi

267 2533 468 2620 significasti,
506 2537 621 2599 Cacsar
642 2533 783 2598 audierat
804 2554 858 2608 ac,
892 2533 1080 2620 simulatque
1108 2538 1195 2599 Have
1218 2533 1296 2599 mihi
1331 2533 1430 2609 dixit,
1467 2535 1590 2614 statim,

267 2629 343 2716 quid
366 2629 405 2694 de
426 2636 457 2692 tc
480 2627 630 2702 audisset,
655 2628 812 2714 exposuit.
855 2626 970 2712 Negavi
992 2648 1042 2691 me
1065 2627 1163 2708 scire;
1186 2628 1241 2694 sed
1263 2626 1427 2692 tamenab
1450 2649 1489 2693 eo
1504 2627 1591 2714 petii,

267 2730 302 2788 ut
323 2721 362 2786 ad
384 2731 414 2786 te
442 2721 560 2786 litteras
592 2721 749 2794 mitteret,
786 2720 900 2807 quibus
930 2720 1066 2786 maxime
1089 2722 1129 2787 ad
1151 2721 1376 2787 remanendum
1397 2722 1592 2787 commoveri

232 2836 387 2903 capesses.
430 2819 479 2880 lle
502 2835 608 2880 secum
629 2815 661 2880 in
678 2815 857 2901 llispaniam
877 2813 971 2879 ducit.
1014 2818 1106 2889 Nam,
1129 2817 1189 2880 uisi
1203 2816 1245 2882 ita
1260 2816 1398 2890 laceret,
1420 2837 1480 2901 ego
1492 2818 1591 2902 prius,

268 2931 363 2997 quam
386 2907 425 2974 ad
448 2907 559 2974 urbem
582 2909 779 2982 accederem,
801 2908 981 2995 ubicunque
1003 2930 1102 2984 esses,
1124 2909 1164 2974 ad
1186 2919 1216 2975 te
1237 2909 1464 2997 percurrissem
1486 2921 1518 2975 et
1532 2911 1593 2976 boc

268 3022 286 3067 a
318 3010 348 3066 te
381 3023 529 3089 praesens
563 3001 794 3068 contendissem
820 3011 913 3089 atque
946 3002 1033 3069 omni
1067 3003 1097 3069 vi
1126 3012 1156 3068 te
1186 3004 1396 3070 retinuissem.
1438 3010 1469 3070 5.
1491 3004 1593 3070 Etiam

268 3106 361 3182 atque
384 3096 495 3170 etiam,
519 3097 644 3171 Cicero,
667 3096 786 3183 cogita,
808 3117 847 3161 ne
870 3106 899 3162 te
921 3106 1055 3184 tuosque
1077 3118 1186 3163 omnes
1207 3098 1347 3164 funditus
1369 3105 1508 3176 evertas;
1534 3117 1593 3162 nec

268 3199 299 3255 te
334 3191 436 3256 sciens
467 3190 668 3278 prudensque
699 3211 738 3256 eo
768 3189 927 3264 demittas,
964 3192 1048 3257 unde
1083 3193 1202 3258 exitum
1231 3192 1320 3258 vides
1357 3191 1475 3257 nullum
1512 3212 1591 3256 esse.

231 3284 391 3362 eoQuodsi
422 3293 453 3350 te
482 3293 537 3350 aut
564 3305 658 3350 voces
680 3285 878 3372 optimatium
900 3294 1099 3352 commovent
1114 3295 1167 3350 aut
1186 3286 1407 3352 nonnullorum
1430 3283 1592 3350 bominum

269 3377 467 3444 insolentiam
488 3388 519 3443 et
546 3378 744 3444 iactationem
766 3379 851 3447 serre
872 3400 937 3443 uon
958 3389 1062 3466 potes,
1099 3380 1197 3466 eligas
1218 3401 1333 3445 censeo
1354 3378 1481 3465 aliquod
1503 3379 1594 3465 oppi-

269 3472 345 3537 dum
366 3492 499 3537 vacuum
521 3495 539 3538 a
560 3472 660 3547 bello,
692 3472 767 3538 dum
789 3472 866 3538 baec
888 3472 1114 3547 decernuntur,
1145 3495 1224 3560 quae
1245 3475 1307 3540 iam
1329 3485 1421 3539 erunt
1442 3475 1593 3540 coniecta.

268 3565 305 3630 ld
333 3565 360 3631 si
387 3565 520 3640 seceris,
557 3575 589 3631 et
616 3587 676 3651 ego
708 3576 740 3632 te
773 3568 931 3654 sapienter
956 3568 1068 3633 iecisse
1104 3567 1250 3634 iudicabo
1286 3578 1317 3634 et
1343 3573 1508 3635 Caesarem
1529 3590 1594 3636 non

270 3658 422 3726 offendes.

233 3874 261 3918 .,
720 3843 817 3907 xvu.
860 3841 911 3922 (A.
936 3845 969 3907 u.
992 3845 1023 3908 o.
1045 3845 1135 3924 roc.)

722 3983 884 4048 cancros
907 3985 1091 4049 ctcaaoru
1114 3987 1145 4049 s

357 4127 385 4188 1.
418 4125 503 4208 Ergo
532 4143 582 4190 me
612 4123 716 4210 potius
745 4123 778 4189 in
808 4122 956 4210 Hispania
988 4121 1085 4188 luisse
1114 4133 1179 4188 tum
1211 4144 1305 4210 quam
1336 4125 1485 4202 Formiis,
1522 4147 1594 4192 cum

270 4226 305 4284 tu
334 4218 493 4305 proiectus
522 4240 555 4284 es
584 4218 623 4283 ad
651 4219 851 4305 Pompeium!
888 4217 1099 4296 Quodutinam
1128 4219 1219 4300 †aut
1244 4224 1362 4307 Appius
1390 4219 1535 4286 Claudius
1560 4220 1593 4285 in

341 4431 368 4480 3.
387 4444 427 4480 me
454 4429 502 4480 tibi
523 4429 812 4492 praemonendae.
834 4431 887 4484 tc.
915 4430 952 4486 a.
972 4430 1003 4480 1:
1030 4445 1071 4480 nte
1087 4430 1135 4480 ttbt
1151 4432 1274 4493 praedict
1292 4431 1337 4490 Μ,
1355 4445 1387 4480 aa
1404 4444 1485 4494 neque
1503 4437 1595 4480 temen

271 4500 319 4550 tibi
329 4502 492 4563 praedictare
509 4500 540 4549 ll.
553 4524 583 4535 -
602 4513 705 4550 camora
717 4499 754 4550 Μ.
776 4525 805 4536 -
835 4499 861 4549 3.
881 4501 967 4562 suerat
986 4507 1049 4550 esset
1064 4503 1164 4563 portbo
1181 4504 1249 4550 nicta
1269 4503 1379 4551 victorin
1392 4501 1429 4552 Μ.
1445 4523 1475 4534 -
1494 4501 1521 4549 7.
1540 4502 1595 4549 cct-

272 4571 303 4620 ttt
321 4571 358 4621 Μ.
381 4595 410 4605 -
447 4571 587 4621 mehercule
605 4583 660 4620 om.
680 4569 717 4620 Μ.
739 4593 770 4604 -
789 4571 954 4632 depraecatio
972 4569 1010 4619 Μ.
1033 4595 1062 4606 -
1083 4572 1126 4621 10.
1146 4572 1260 4621 notemus
1279 4572 1311 4620 ud
1331 4572 1385 4620 Διί.
1406 4571 1447 4630 10,
1467 4571 1493 4630 ll,
1513 4571 1540 4619 0.
1561 4595 1593 4605 -

271 4642 406 4704 fortunam
424 4640 470 4690 M:
500 4642 621 4706 [ortanus
640 4639 670 4690 ll.
707 4661 738 4674 -
776 4641 818 4690 11.
839 4641 930 4703 quoius
946 4639 985 4690 Μ.
1006 4663 1036 4676 ·-
1074 4642 1117 4692 tt.
1138 4640 1221 4705 quem]
1241 4656 1320 4705 quom
1337 4641 1374 4691 Μ.
1392 4664 1424 4674 -
1463 4641 1506 4691 15.
1525 4639 1595 4703 quod

271 4712 413 4760 ratstsntts
431 4710 468 4761 Μ.
490 4736 518 4747 -
559 4709 601 4760 to.
618 4723 716 4773 pamm
733 4710 769 4758 ud
787 4712 900 4771 optarim
918 4723 968 4758 me
986 4710 1024 4761 Μ.
1046 4735 1075 4748 ·-
1108 4711 1151 4760 33.
1171 4714 1277 4776 negavit
1296 4711 1333 4761 ld·
1356 4733 1384 4744 -
1403 4711 1487 4760 edre:
1507 4719 1595 4760 tomas

272 4779 306 4829 ad
325 4781 379 4829 An.
400 4781 448 4840 10,
467 4781 501 4840 3,
519 4780 547 4832 d.
568 4804 599 4815 -
619 4781 667 4832 27.
685 4781 711 4828 vi
729 4775 764 4841 te]
783 4782 854 4830 vitoe
873 4780 909 4830 Μ.
931 4803 961 4814 -
986 4781 1030 4830 38.
1049 4795 1094 4830 nee
1112 4781 1145 4830 ad
1167 4783 1221 4832 att.
1242 4783 1291 4841 10,
1310 4783 1346 4838 0,
1365 4781 1400 4830 5:
1425 4795 1456 4830 ne
1475 4781 1533 4830 ΜΕ.
1562 4803 1593 4814 -

273 4848 316 4898 31.
341 4855 428 4910 potest
454 4851 490 4900 Μ.
524 4873 554 4884 -
592 4849 635 4898 32.
655 4849 886 4898 dematura
904 4873 916 4884 ·
932 4850 1144 4912 secertsaddtt.
1165 4853 1214 4912 10,
1233 4853 1265 4907 0,
1285 4851 1319 4901 5:
1339 4852 1595 4914 decmuntnrquue

273 4925 329 4968 tom
347 4925 423 4968 erunt
440 4921 577 4984 consecet-ia
603 4919 649 4976 Μ,
680 4920 855 4968 decernamus
872 4933 939 4982 quae
965 4935 1023 4970 cum
1041 4929 1070 4971 tu
1086 4922 1183 4985 (emma.
1205 4921 1235 4972 ll.
1269 4947 1301 4958 -
1349 4921 1393 4970 ³7.
1423 4921 1512 4984 pauset
1538 4933 1595 4968 um·

273 5002 351 5051 qnam
368 4990 459 5053 formis
476 5003 554 5054 quum
572 4996 601 5039 tu
619 4989 656 5040 Μ.
678 5013 709 5024 -
745 4988 789 5038 38.
809 4997 855 5038 ant
876 4989 926 5038 lll:
945 4997 975 5040 ut
994 4991 1023 5042 E.
1046 4993 1125 5056 (quod
1140 4993 1244 5043 utinam
1261 4998 1309 5042 out
1327 5005 1381 5040 non
1400 4992 1450 5054 dp.
1471 4991 1595 5040 Claudius

272 5059 302 5108 in
317 5061 371 5108 tata
386 5066 465 5121 parte
482 5064 530 5110 aut
548 5072 603 5108 nou
624 5060 652 5109 in
670 5059 721 5109 bac
739 5059 768 5110 0.
790 5059 868 5110 Curio
886 5059 951 5119 Vb.)
