3662 5908
488 438 562 500 LIB.
584 437 667 500 XIII.
710 439 769 502 ΕΡ.
792 440 842 502 51.
865 438 915 502 52.
938 440 988 502 53.
1011 439 1062 503 51.
1084 441 1135 503 55.
1158 441 1210 503 56.
1447 441 1509 505 255

186 595 329 682 mihique
366 603 552 680 propterte
581 594 697 679 gratias
725 594 876 661 maximas
897 594 970 678 egit.
1015 596 1135 672 Quare,
1158 594 1245 682 quod
1264 595 1420 683 reliquum
1442 607 1509 674 est,

186 713 205 756 a
232 699 263 754 te
285 699 376 774 peto,
400 687 548 774 quoniam
571 686 653 773 apud
675 696 780 772 gratos
801 686 943 754 homines
964 686 1149 753 beneficium
1165 689 1274 774 ponis,
1296 699 1331 756 ut
1351 710 1390 756 ec
1411 689 1510 756 liben-

186 785 248 850 tius
279 783 317 848 iis
348 781 528 847 commodes
561 802 752 869 operamque
774 780 847 854 des,
876 779 980 867 quoad
1000 779 1078 846 bdes
1100 791 1152 847 tua
1174 783 1323 869 patietur,
1346 793 1381 850 ut
1402 803 1511 850 socrus

186 878 394 944 adolescentis
422 897 476 940 rea
497 897 536 940 ue
559 874 620 940 liat.
663 879 729 960 Ego
752 895 823 942 cum
852 884 942 940 antea
963 873 1102 946 studiose
1123 875 1379 942 commendabam
1400 876 1513 943 ldarci·

187 973 286 1046 lium,
309 981 374 1037 tum
393 969 492 1034 multo
514 991 595 1035 nunc
620 968 803 1043 studiosius,
826 967 911 1054 quod
936 967 968 1032 in
990 968 1083 1053 longa
1105 969 1300 1055 apparitione
1321 969 1536 1056 singulareme

190 1077 223 1132 et
245 1086 344 1153 prope
367 1063 581 1130 incredibilem
608 1062 706 1154 patris
727 1061 859 1128 ldarcilii
881 1060 992 1136 lidcm,
1029 1059 1246 1130 abstinentiam
1267 1061 1512 1150 modestiamque
1617 1043 1639 1130 ί

186 1180 333 1245 cognovi.

664 1297 724 1360 rr.
769 1293 818 1378 (r.
843 1297 875 1360 o.
898 1298 930 1360 c.
952 1294 1038 1380 roa.)

573 1417 717 1484 CICERO
739 1418 904 1482 THERMO
927 1420 1065 1484 PROPR.
1088 1421 1118 1484 S.

276 1536 303 1598 l.
325 1535 389 1598 Etsi
414 1530 489 1596 mibi
510 1529 620 1594 videor
638 1527 843 1603 intellexisse,
866 1549 937 1594 cum
957 1537 1058 1594 tecum
1079 1529 1195 1616 Ephesi
1218 1530 1257 1597 de
1279 1553 1315 1598 re
1334 1537 1375 1599 Μ.
1388 1535 1548 1612 dunello

186 1626 281 1718 legati
305 1626 382 1696 mei.
406 1625 527 1690 locutus
549 1645 634 1698 sum,
657 1632 688 1690 te
709 1625 807 1710 ipsius
828 1645 922 1690 causa
942 1623 1143 1690 vehementer
1160 1624 1264 1690 omnia
1287 1627 1382 1703 velle,
1406 1637 1510 1696 tamen

186 1733 220 1786 et
246 1725 286 1786 Μ.
319 1719 470 1785 Anneium
507 1719 581 1784 tanti
615 1713 715 1796 facio,
751 1729 787 1787 ut
820 1716 896 1782 mihi
924 1716 1001 1783 nihil
1034 1727 1141 1804 putem
1175 1719 1508 1805 praetermittendum,

187 1813 274 1902 quod
297 1812 380 1878 illius
402 1811 543 1887 intersit,
577 1820 608 1877 et
628 1833 678 1876 mc
702 1834 721 1878 a
746 1826 777 1881 te
797 1811 873 1878 tanti
894 1809 963 1875 fieri
989 1819 1083 1897 puto,
1112 1819 1231 1878 utnon
1253 1809 1409 1889 dubitem,
1432 1817 1509 1902 quin

186 1907 228 1974 ad
264 1918 349 1973 tuam
380 1906 569 1972 voluntatem
600 1927 730 1992 magnus
768 1907 910 1972 cumulus
944 1904 1070 1970 accedat
1105 1905 1382 1972 commendationis
1408 1929 1507 1976 meae.

185 2006 263 2067 Nam
294 2022 365 2066 cum
383 2000 445 2067 iam
464 2000 519 2066 diu
545 2000 709 2086 diligerem
730 2005 772 2066 Μ.
793 1998 947 2065 ,anneium
969 1996 1071 2084 deque
1090 2018 1130 2063 eo
1154 1998 1199 2064 sic
1223 1999 1451 2077 existimarem,
1473 2013 1509 2070 ut
1522 2025 1548 2065 u

187 2116 240 2160 res
262 2093 413 2168 declarat,
436 2093 547 2180 †quae
562 2094 646 2160 ultro
662 2094 692 2160 ei
707 2093 873 2161 detulerim
887 2091 1090 2177 legationem,
1120 2111 1189 2157 cum
1207 2093 1312 2158 multis
1332 2094 1509 2180 petentibus

187 2189 406 2274 denegassem
443 2199 508 2254 tum
529 2208 628 2264 vero,
660 2199 864 2275 posteaquam
892 2207 1016 2251 mecum
1037 2186 1070 2250 in
1097 2185 1180 2251 bello
1202 2196 1294 2272 atque
1316 2185 1348 2251 in
1369 2207 1405 2252 re
1427 2188 1508 2254 mili·

187 2282 248 2347 tari
269 2281 343 2354 luit,
365 2290 480 2346 tantam
502 2281 533 2346 in
556 2302 595 2346 eo
616 2281 778 2356 virtutem,
805 2279 1024 2368 prudentiam,
1045 2277 1139 2344 fidem
1162 2287 1338 2365 tantamque
1361 2301 1434 2368 erga
1457 2303 1508 2348 mc

187 2373 437 2440 benevolentiam
459 2375 606 2460 cognovi,
636 2383 670 2440 ut
691 2374 850 2441 hominem
872 2375 1027 2440 neminem
1049 2372 1149 2460 pluris
1171 2372 1292 2438 faciam.
1335 2379 1415 2439 Eum
1437 2397 1507 2441 cum

188 2468 346 2536 Sardianis
367 2469 482 2535 habere
518 2470 762 2535 controversiam
791 2469 862 2535 scis.
905 2473 1035 2536 Causam
1062 2466 1118 2533 tibi
1144 2467 1347 2552 exposuimus
1374 2469 1507 2555 Ephesi;
1520 2491 1547 2530 an

187 2584 280 2650 quam
303 2573 337 2628 tu
358 2573 459 2629 tamen
478 2585 585 2629 coram
604 2563 724 2629 lucilius
748 2563 922 2648 meliusque
941 2582 1120 2648 cognosces.
1164 2565 1194 2626 2.
1215 2565 1262 2625 De
1281 2561 1405 2647 reliquo
1431 2565 1508 2632 mihi

187 2657 366 2722 mehercule
388 2657 442 2724 diu
464 2657 593 2723 dubium
616 2656 690 2732 fuit,
713 2656 789 2744 quid
807 2655 846 2722 ad
870 2665 900 2721 te
915 2655 1111 2743 potissimum
1131 2653 1311 2720 scriberem.
1355 2659 1406 2721 Ius
1423 2658 1507 2723 enim

187 2751 450 2838 quemadmodum
470 2751 569 2827 dicas,
600 2752 716 2817 clarum
743 2761 773 2816 et
798 2771 997 2836 magnacum
1022 2758 1075 2814 tua
1099 2747 1190 2813 laude
1216 2756 1324 2812 uotum
1347 2759 1402 2814 est.
1445 2756 1508 2817 No·

188 2843 236 2910 bis
266 2855 370 2910 autem
393 2845 425 2911 in
451 2845 508 2910 bac
531 2866 623 2910 causa
653 2844 729 2911 nibil
760 2844 844 2911 aliud
872 2865 952 2930 opus
979 2854 1026 2907 est
1055 2841 1114 2906 nisi
1144 2851 1174 2906 te
1205 2845 1254 2906 ius
1283 2841 1423 2908 instituto
1452 2854 1508 2910 luc

188 2939 304 3004 dicere.
347 2939 410 3005 Sed
432 2947 533 3003 tamen
555 2959 627 3003 cum
648 2960 699 3004 me
725 2959 787 3004 nou
809 2937 926 3023 lugiet,
948 2945 1062 3023 quanta
1085 2935 1124 3001 sit
1148 2935 1180 3000 in
1206 2944 1352 3021 praetore
1373 2940 1546 3004 auctori-ss

187 3042 254 3107 tas,
286 3032 469 3118 praesertim
491 3033 548 3098 ista
569 3032 759 3116 integritate,
782 3031 948 3118 gravitate,
970 3028 1149 3102 clementia,
1185 3038 1298 3114 quate
1331 3050 1400 3094 csse
1426 3031 1508 3100 inter

187 3147 298 3192 omnes
322 3134 456 3199 constat,
477 3134 551 3212 pcto
573 3124 676 3190 abste
696 3145 754 3212 pro
783 3134 890 3190 nostra
912 3122 1164 3188 coniunctissima
1188 3121 1415 3187 necessitudine
1438 3125 1505 3211 pln-

187 3221 339 3305 rimisque
362 3218 473 3284 officiis
494 3218 621 3306 paribus
642 3239 678 3283 ac
701 3218 832 3294 mutuis,
855 3231 890 3283 ut
909 3217 1081 3290 voluntate,
1103 3216 1304 3292 auctoritate,
1327 3215 1429 3282 studio
1453 3227 1507 3305 tuo
1602 3269 1617 3286 c

187 3311 347 3401 perficias,
384 3322 419 3378 ut
444 3317 485 3378 Μ.
505 3313 642 3380 Anneius
663 3311 814 3398 intelligat
835 3321 865 3377 te
887 3322 918 3376 et
948 3308 1007 3376 sibi
1026 3308 1161 3375 amicum
1182 3329 1251 3374 esse
1274 3340 1311 3354 -
1336 3310 1421 3395 quod
1444 3333 1506 3378 nou

188 3406 324 3481 dubitat:
358 3428 451 3493 saepe
469 3407 553 3471 onim
570 3427 691 3472 mecum
710 3406 832 3472 locutus
855 3415 903 3471 est
924 3440 963 3452 -
985 3414 1017 3469 et
1037 3403 1135 3468 multo
1158 3402 1340 3468 amiciorem
1360 3405 1408 3470 bis
1430 3407 1547 3472 meisa

188 3501 300 3567 litteris
320 3523 390 3566 esse
412 3501 535 3566 lactum.
577 3505 612 3566 lu
633 3510 688 3584 ιιι-ο
710 3509 777 3566 toto
797 3498 931 3588 imperio
951 3509 1044 3586 atque
1065 3496 1228 3584 provincia
1248 3496 1323 3563 nihil
1341 3508 1396 3574 est,
1420 3499 1506 3586 quod

188 3595 394 3681 mihigratius
408 3593 511 3659 lacere
532 3595 643 3681 possis.
686 3599 767 3669 lam,
791 3594 874 3683 apud
891 3593 994 3680 ipsum
1010 3590 1221 3677 gratissimum
1236 3590 1394 3657 hominem
1413 3603 1507 3680 atque

188 3691 341 3777 optimum
371 3689 473 3754 virum
495 3709 589 3774 quam
613 3687 693 3753 bene
717 3687 878 3774 positurus
898 3687 941 3753 sis
964 3686 1100 3752 studium
1123 3695 1210 3752 tuum
1235 3694 1328 3774 atque
1350 3685 1520 3760 officium„

189 3783 332 3850 dubitare
353 3793 384 3848 te
406 3803 469 3848 non
490 3781 647 3847 existimo.

650 3951 728 4016 LVI.
770 3948 821 4031 (A.
846 3952 879 4015 U.
901 3951 933 4013 C.
955 3949 1044 4028 703.)
1519 3967 1548 4010 ιι

576 4074 718 4139 CICERO
740 4071 905 4137 THERMO
926 4070 1066 4134 PROPR.
1088 4071 1121 4135 S.

274 4191 303 4252 1.
340 4184 466 4252 Cluvius
495 4186 680 4251 Puteolanus
704 4183 794 4248 valde
819 4203 869 4246 me
897 4180 1045 4246 observat
1072 4179 1225 4267 valdeque
1250 4189 1298 4247 est
1319 4183 1397 4248 mihi
1420 4183 1510 4249 lami-

189 4281 285 4347 liaris.
328 4285 357 4345 ls
383 4279 425 4344 ita
452 4277 510 4342 sibi
526 4277 713 4364 persuadet,
737 4274 822 4363 quod
842 4275 875 4340 in
899 4283 952 4339 tua
973 4273 1134 4362 provincia
1155 4274 1273 4360 negotii
1298 4274 1426 4351 habeat,
1448 4276 1508 4342 nisi

189 4386 219 4440 te
241 4373 435 4462 provinciam
459 4371 617 4437 obtinente
644 4371 721 4435 meis
742 4367 1061 4434 commendationibus
1078 4367 1264 4443 confecerit,
1287 4368 1321 4434 id
1342 4390 1376 4434 se
1390 4368 1422 4432 in
1437 4384 1515 4454 pen
1575 4435 1579 4444 ,

189 4469 261 4535 ditis
286 4478 317 4533 et
341 4467 513 4554 desperatis
535 4464 723 4530 habiturum.
766 4468 869 4538 Nunc,
892 4460 1040 4549 quoniam
1059 4461 1135 4526 mibi
1158 4461 1197 4528 ab
1224 4462 1326 4528 amico
1345 4461 1547 4527 officiosis-to

189 4565 269 4630 simo
291 4570 409 4629 tantum
434 4563 540 4626 oneris
562 4557 756 4645 imponitur,
787 4577 847 4642 ego
870 4575 997 4642 quoque
1031 4553 1090 4620 tibi
1116 4556 1273 4643 imponam
1297 4577 1356 4643 pro
1384 4557 1446 4624 tuis
1474 4555 1508 4622 in

258 4793 287 4840 a.
306 4789 430 4854 quonlam
448 4787 492 4839 Il:
511 4801 590 4852 quum
607 4783 639 4836 ll.
658 4807 692 4823 -
728 4785 754 4836 a.
773 4786 807 4834 lla
825 4783 959 4835 Orellius:
978 4785 1019 4833 Its
1036 4783 1096 4835 ΜΕ.
1121 4809 1149 4822 -
1189 4785 1232 4835 10.
1251 4800 1286 4834 m.
1306 4788 1415 4836 ncnnmi
1427 4786 1464 4838 Μ.
1477 4811 1506 4824 -

190 4861 234 4912 lt.
265 4860 486 4910 commendatione
508 4871 566 4906 meu
584 4857 623 4918 (ut
643 4854 701 4905 Lib.
722 4855 765 4904 vl.
789 4868 832 4918 ep.
853 4855 880 4906 8.
899 4859 927 4906 et
946 4853 1004 4904 le.
1024 4854 1099 4905 xlll.
1119 4867 1163 4918 ep.
1185 4853 1240 4917 l'l.)
1260 4855 1453 4906 Schneidercs.
1476 4881 1506 4894 -

190 4933 233 4982 td.
252 4931 369 4982 declarat
387 4941 453 4994 quac
471 4925 519 4978 Ila
538 4927 673 4986 declarat,
692 4925 761 4990 quod
779 4924 810 4976 ll.
846 4926 919 4976 Fert.
938 4925 1068 4982 murae,
1100 4931 1154 4988 qul.
1176 4925 1256 4976 herr.
1275 4925 1369 4976 Ilallrn
1380 4927 1509 4990 derlurm,

189 5009 219 5052 Iu
238 5002 292 5066 QUI·
312 4999 364 5050 0¹·
384 5021 416 5034 '¹'
451 4997 496 5049 27·
513 4997 719 5062 flamm
735 4995 773 5049 M-
795 5017 826 5032 ““
862 4996 906 5047 2⁹·
925 5009 961 5046 me
979 4997 1115 5046 mm
1133 4995 1170 5048 u·
1192 5017 1223 5032 '¹‘
1257 4996 1302 5047 ω·
1322 4998 1447 5060 quomam
1462 4998 1508 5052 HI

190 5067 322 5136 ΜΕ·
397 5083 401 5092 ’
