3666 5874
218 1531 220 1536 ’
363 1554 911 1672 memorum
967 1504 1425 1669 orornlon

509 1787 924 1876 ueisuonnitiini
961 1782 1274 1876 CICERONIS

618 1983 709 2070 ΑΙ)
754 1980 1167 2072 sententious,

788 2263 997 2278 *—

226 2485 348 2576 Gravi
378 2505 421 2574 de
454 2505 650 2592 qnoestione
682 2521 723 2570 ac
752 2498 956 2574 diiooiiitna
968 2471 1139 2590 explicatu
1166 2502 1276 2574 denuo
1309 2505 1414 2576 iibere
1443 2507 1556 2576 dicere

226 2609 431 2704 aggreditur,
467 2625 661 2695 quamquam
684 2625 705 2674 ιι
732 2603 899 2674 Potitiuno
926 2609 961 2676 et
986 2607 1138 2676 victorio
1164 2610 1213 2708 ito
1236 2608 1281 2678 nd
1308 2607 1464 2698 liquidum
1491 2612 1555 2680 ian

227 2715 391 2803 perdocto
414 2711 522 2780 videri
544 2713 692 2796 poterat,
715 2712 801 2779 utsi
823 2713 1028 2796 posteriores
1042 2711 1141 2778 'initii
1156 2693 1384 2800 E'ipiotoiorum
1406 2712 1556 2804 editores

226 2818 482 2916 sapientissimis
504 2834 615 2882 eorum
634 2816 767 2882 monitis
788 2815 1078 2900 obtemperassent
1100 2835 1208 2904 neque
1229 2819 1263 2890 in
1282 2799 1448 2884 diversam
1467 2820 1555 2884 uiam

226 2924 373 3012 ingressi
397 2923 528 2988 nimiunn
549 2919 744 2986 tribuissent
767 2921 838 2988 suis
857 2917 1046 3024 codicibus,
1075 2937 1244 3007 perpauco
1266 2939 1349 2990 sane
1370 2921 1446 2988 mihi
1468 2922 1556 2994 iuis-

225 3026 516 3096 septuennem
541 3021 765 3108 enucleandu3
791 3021 869 3107 sed,
882 3003 980 3109 quod
1003 3023 1107 3090 maius
1129 3028 1197 3110 est,
1220 3043 1327 3111 nuper
1346 3026 1451 3093 emico
1471 3043 1555 3111 mco,

226 3128 426 3212 Wundoro,
451 3129 669 3213 patrocinium
684 3126 822 3192 nitorem
837 3123 939 3211 cdd,
961 3129 1118 3208 imprimis
1135 3127 1276 3198 Palatini
1291 3130 1396 3212 sexti
1419 3129 1556 3204 Hittor-

227 3237 318 3318 piani
349 3237 450 3320 atque
482 3230 711 3308 Eriurtensis‚
742 3230 908 3314 speciosis
937 3231 1051 3316 utique
1087 3231 1274 3298 rationibus
1307 3229 1473 3301 adversm
1504 3251 1555 3300 ma

226 3339 401 3422 suscipere
417 3337 557 3421 piacuit3
574 3335 668 3421 isque
682 3351 704 3398 o
718 3334 828 3418 magni
846 3335 986 3398 neminie
1002 3331 1199 3422 philologis,
1213 3334 1290 3402 mihi
1304 3337 1359 3422 qui
1375 3335 1554 3423 niiuunndo

227 3445 464 3518 assenserunt,
487 3457 580 3504 suun
607 3438 795 3520 opinionem
821 3457 909 3506 nunc
937 3439 1070 3522 probari
1097 3443 1258 3526 testatur3
1290 3458 1332 3507 ex
1354 3459 1419 3527 qua
1443 3445 1555 3513 tamen

228 3544 421 3612 iudiciorum
451 3540 678 3627 discrepentia
705 3560 869 3626 nunquam
902 3541 992 3624 iore,
1028 3546 1066 3608 ut
1091 3544 1147 3608 vei
1177 3545 1341 3614 minimum
1373 3546 1554 3612 animorum

228 3647 400 3720 discidium
426 3647 569 3730 oriatur,
591 3643 743 3728 equidem
765 3647 921 3731 promitto
941 3664 983 3714 ac
1008 3643 1170 3730 spondeo.
1214 3636 1325 3720 Certis
1347 3651 1556 3737 argumentis

227 3755 284 3820 uiri
310 3752 512 3834 convincar,
533 3751 606 3835 ipse
626 3767 760 3816 errusso
783 3767 833 3816 me
851 3750 939 3816 uitro
956 3767 997 3816 ac
1011 3750 1155 3817 ilbenter
1173 3749 1317 3818 iutcbm.
1358 3751 1456 3819 Nunc
1470 3769 1554 3834 vero

228 3859 292 3926 nei
315 3875 358 3923 ex
384 3856 483 3921 urrini
502 3854 690 3933 sententia,
710 3855 783 3919 sine
809 3853 876 3918 uiiu
899 3855 1010 3920 tumen
1034 3853 1237 3942 eupiditate,
1264 3853 1564 3930 demonstraturus

226 3981 300 4030 mm
323 3961 356 4025 in
379 3956 597 4026 recensendis
622 3957 794 4024 Ciceronis
819 3957 981 4042 ioptstoits
1002 3956 1045 4024 ad
1068 3958 1277 4042 Familiares,
1299 3962 1436 4044 praeter
1457 3977 1555 4026 unam

228 4063 436 4152 palimpsesti
456 4061 674 4128 'inurinensis
695 4063 867 4148 peginam,
889 4062 1017 4129 unicum
1039 4079 1116 4129 esse
1136 4061 1370 4130 auctoritatem
1392 4060 1451 4130 cd.
1471 4061 1555 4129 Me-

228 4169 314 4236 dicei
337 4163 415 4235 Sec.
436 4163 499 4231 xi.
522 4164 609 4230 Piut.
629 4162 756 4230 ΧΙιΙΧ.
777 4163 837 4232 cd.
856 4162 934 4250 iX.,
958 4167 1081 4252 quippe
1103 4183 1176 4232 cunt
1199 4183 1329 4255 omnes,
1356 4167 1410 4254 qui
1434 4167 1555 4256 ubique

227 4275 327 4356 sunt,
349 4274 427 4358 post
449 4267 654 4335 Petrarchac
677 4266 804 4334 demum
828 4274 979 4354 temporo
1001 4287 1044 4334 ex
1065 4287 1133 4333 nno
1155 4269 1212 4334 iiio
1233 4268 1406 4354 fluxerint,
1430 4272 1489 4336 out
1511 4287 1555 4336 ex

226 4377 304 4462 ipso
320 4373 499 4458 descripti,
520 4375 599 4454 unt,
621 4373 677 4455 qni
691 4373 795 4436 maior
814 4375 867 4438 cst
887 4391 1058 4452 numerus,
1082 4391 1126 4440 ex
1146 4375 1223 4440 aitis
1242 4372 1387 4440 eiusdem
1402 4392 1554 4461 npogro-¹

227 4479 306 4564 piris
318 4476 419 4544 ducti.
462 4475 557 4558 Quae
576 4474 706 4562 quidem
727 4493 784 4541 res
800 4479 927 4541 taruturm
947 4476 1061 4564 abest,
1082 4479 1120 4542 ut
1133 4474 1236 4544 docta
1249 4474 1424 4542 dumtaxat
1438 4479 1554 4544 cuno*

227 4585 313 4649 sitas
330 4583 363 4645 in
385 4599 426 4646 aa
446 4577 643 4646 extricando
659 4580 787 4646 versari
806 4578 945 4662 debeat,
966 4581 1003 4644 ui
1018 4582 1124 4646 omnis
1146 4597 1189 4646 ex
1210 4597 1251 4646 ea
1266 4578 1412 4668 pendeat
1434 4583 1492 4646 via
1512 4597 1554 4648 ae

226 4687 315 4754 rotio
337 4684 474 4752 criticae
498 4681 710 4769 disciptinae,
746 4701 841 4769 quam
865 4681 900 4748 in
923 4682 1137 4752 emendandis
1163 4681 1216 4750 his
1241 4685 1392 4772 epistolis
1417 4687 1554 4752 secutus

226 4809 299 4856 snm
321 4789 446 4876 prinus
464 4792 542 4872 post
564 4787 769 4862 victorium
793 4788 895 4876 iunge
914 4787 980 4852 uiiu
1001 4793 1128 4873 autem,
1151 4791 1188 4858 ut
1210 4793 1331 4875 postca
1344 4787 1553 4877 significabi-

219 4913 320 4980 unns,
343 4893 365 4956 ii
381 4893 571 4958 necessario
587 4893 639 4958 nsi
660 4895 738 4956 sunt
754 4893 972 4976 utentesque,
995 4893 1050 4978 qui
1069 4893 1208 4958 aiteram
1223 4893 1457 4978 amplexantur
1470 4909 1554 4958 scn-

227 4939 385 5078 tenti’nm,
405 4993 564 5063 videlicet
591 4995 752 5060 minimum
779 4992 862 5059 duos
884 4991 1036 5060 diversus
1061 4991 1144 5062 cdd.
1169 4993 1312 5063 inmittas
1338 5011 1414 5064 esse
1440 5013 1554 5090 ogno-

226 5096 382 5170 scendas.
423 5089 495 5168 Sed
517 5103 591 5166 tota
611 5117 668 5166 res
689 5099 790 5166 eitius
810 5095 996 5186 repetendo
1018 5099 1126 5190 esi·

1537 1511 1540 1517 ’
1622 1519 1640 1558 ἱ
