3628 5876
269 419 329 486 126
694 419 970 486 EPISTOLARUM
990 421 1042 485 ab
1064 421 1156 484 ΕΔΜ.

264 577 321 644 sed
341 577 469 644 omuino
490 574 756 656 animadvertere:
778 577 883 643 omnia
905 577 987 642 enim
1010 575 1140 643 suntibi
1155 583 1278 641 senatus
1293 575 1447 652 consulta,
1470 575 1583 650 edicta,

265 672 402 747 tabulae,
424 691 583 738 rumores:
611 670 697 757 quod
719 670 898 757 exemplum
921 671 948 736 si
970 671 1051 736 sorte
1074 670 1175 734 minus
1196 678 1227 734 te
1249 669 1432 744 delectarit,
1455 691 1495 736 ne
1516 691 1586 736 mo·

264 767 392 836 lestiam,
405 763 463 830 tibi
483 785 554 828 curn
575 763 716 848 impensa
738 784 806 828 mea
828 764 1010 839 exhibeam,
1038 764 1087 829 lac
1107 784 1158 826 rna
1180 763 1357 829 certiorem.
1401 768 1431 828 2.
1454 765 1486 829 si
1509 763 1585 852 quid

265 861 298 927 in
319 881 354 926 re
375 858 498 946 publica
520 856 619 922 maius
640 865 743 923 actum
765 857 840 932 erit,
863 859 947 944 quod
969 859 1019 924 isti
1042 857 1181 944 operarii
1203 858 1306 923 minus
1328 858 1492 923 commode
1513 879 1586 944 per·

242 955 355 1041 asoqui
384 951 518 1039 possint,
553 959 583 1015 et
611 949 873 1036 quemadmodum
903 962 1006 1016 actum
1035 952 1074 1016 sit
1102 962 1133 1017 et
1159 972 1239 1038 quae
1261 952 1451 1016 existimatio
1480 961 1585 1016 secuta

267 1069 411 1134 quaeque
434 1047 472 1111 de
495 1066 534 1110 eo
556 1065 627 1130 spes
649 1044 703 1119 sit,
726 1043 892 1129 diligenter
913 1043 969 1109 tibi
987 1045 1228 1130 perscribamus.
1271 1049 1308 1111 Ut
1323 1066 1405 1110 nunc
1418 1055 1481 1118 est,
1501 1046 1585 1110 nulla

265 1161 379 1226 magno
401 1160 497 1226 opere
520 1137 710 1223 exspectatio
732 1147 789 1203 est.
831 1144 907 1203 Nam
928 1148 959 1203 ct
979 1138 1025 1203 illi
1045 1159 1190 1204 rumores
1212 1139 1252 1204 de
1273 1139 1408 1204 comitiis
1429 1144 1584 1224 Transpa-

265 1236 420 1302 danorum
442 1239 609 1302 Cumarum
631 1242 721 1299 tenus
742 1232 921 1311 caluerunt:
960 1239 1090 1299 Romam
1112 1255 1184 1299 cum
1206 1234 1376 1307 venissem,
1408 1252 1446 1296 ne
1468 1231 1586 1296 tenuis-

265 1331 377 1398 simam
398 1328 524 1417 quidem
546 1327 738 1393 auditionem
760 1328 799 1393 de
822 1347 858 1391 ea
879 1347 915 1391 re
941 1327 1057 1413 accepi.
1110 1332 1275 1392 Praeterea
1296 1326 1475 1400 Marcellus,
1499 1322 1585 1411 quod

229 1424 366 1491 wadbue
387 1423 463 1488 nihil
493 1420 613 1487 rettulit
634 1419 673 1484 de
696 1420 893 1486 successione
914 1419 1149 1505 provinciarum
1172 1419 1345 1484 Galliarum
1368 1430 1399 1484 et
1419 1419 1452 1482 in
1472 1419 1587 1484 Kalen·

265 1517 320 1584 das
342 1521 461 1592 lunias,
494 1524 529 1581 ut
550 1512 628 1578 mibi
650 1513 716 1600 ipse
739 1513 835 1589 dixit,
870 1535 939 1579 eam
962 1513 1079 1578 distulit
1100 1514 1301 1586 relationem,
1337 1533 1507 1598 sanequam
1529 1532 1585 1577 eos

264 1631 426 1677 sermones
447 1612 622 1696 expressit,
655 1607 771 1694 quide
799 1628 838 1673 eo
859 1616 926 1673 tum
948 1607 1088 1684 fueram,
1124 1629 1196 1672 cum
1217 1613 1334 1674 Romae
1356 1627 1414 1671 nos
1437 1626 1584 1671 essemus.

264 1709 295 1770 3.
317 1711 364 1770 Tu
386 1706 413 1770 si
433 1702 635 1789 Pompeium,
672 1710 708 1766 ut
728 1700 875 1778 volebas,
909 1700 1083 1777 offendisti,
1113 1701 1167 1786 qui
1190 1700 1246 1766 tibi
1269 1699 1354 1766 visus
1376 1700 1416 1764 sit
1437 1709 1468 1764 et
1490 1721 1583 1786 quam

264 1799 438 1864 orationem
460 1795 604 1862 babuerit
625 1804 729 1860 tecum
751 1815 908 1882 quamque
930 1795 1103 1860 ostenderit
1125 1794 1315 1859 voluntatem
1337 1831 1378 1840 -
1400 1793 1479 1858 solet
1501 1794 1585 1858 enim

228 1892 347 1957 treliud
377 1891 493 1957 sentire
520 1899 552 1956 et
571 1889 659 1977 loqui
687 1910 791 1975 neque
820 1898 939 1955 mutum
968 1889 1073 1955 valere
1095 1888 1239 1974 ingenio,
1276 1897 1311 1953 ut
1333 1907 1395 1952 non
1417 1897 1582 1974 appareat,

264 1985 339 2071 quid
361 1983 466 2071 cupiat
487 2019 545 2060 -,
580 1982 629 2048 sac
650 1983 727 2048 mihi
748 1982 933 2069 perscribas.
990 1987 1021 2048 4.
1045 1983 1139 2060 Quod
1160 1981 1199 2046 ad
1221 1985 1404 2054 Caesarem,
1428 1980 1531 2046 crebri
1554 1990 1585 2046 et

262 2100 326 2144 non
352 2077 426 2146 belli
454 2077 493 2142 de
523 2099 562 2143 eo
590 2097 752 2152 rumores,
786 2075 841 2141 sed
868 2087 1083 2142 susurratores
1111 2076 1284 2150 dumtaxat,
1321 2074 1469 2152 veniunt3
1506 2073 1585 2139 alius

263 2173 401 2258 equitem
429 2171 619 2259 perdidisse,
656 2169 757 2256 quod,
791 2170 924 2256 opinor,
958 2180 1043 2236 certe
1075 2169 1191 2234 sactum
1220 2180 1283 2248 est;
1320 2168 1399 2234 alius
1422 2168 1584 2254 septimam

262 2265 418 2350 legionem
445 2266 623 2352 vapulasse,
657 2263 760 2348 ipsum
798 2263 881 2349 apud
912 2265 1094 2330 Bellovacos
1125 2262 1347 2328 circumsederi
1382 2261 1586 2327 interclusum

225 2375 253 2415 ⁸⁰
263 2357 302 2424 ab
324 2358 447 2444 reliquo
470 2358 626 2424 exercitu:
649 2377 750 2444 neque
772 2356 873 2421 adbuc
895 2358 971 2422 certi
987 2356 1158 2444 quidquam
1173 2366 1237 2432 est,
1260 2377 1363 2443 neque
1378 2356 1453 2420 baec
1466 2355 1584 2420 incerta

263 2461 366 2516 tamen
389 2452 484 2538 vulgo
505 2452 676 2524 iactantur,
713 2449 768 2514 sed
789 2450 872 2515 inter
892 2471 1025 2536 paucos,
1062 2471 1142 2537 quos
1164 2459 1198 2516 tu
1219 2452 1319 2526 nosti,
1340 2450 1441 2536 palam
1463 2456 1584 2513 secreto

263 2555 447 2622 uenantum
480 2554 510 2609 at
538 2543 709 2617 Domitius,
737 2565 808 2608 cum
830 2565 940 2609 manus
961 2544 1000 2609 ad
1022 2565 1057 2610 os
1080 2543 1233 2630 apposuit.
1277 2549 1321 2609 Te
1344 2565 1371 2608 a.
1394 2541 1583 2607 d.1x.Kal.

263 2637 367 2702 lunias
399 2635 594 2703 subrostrani
626 2672 667 2683 -
696 2637 781 2723 quod
811 2637 939 2704 illorum
967 2639 1061 2724 capiti
1088 2639 1143 2703 sitl
1166 2675 1207 2685 —
1235 2638 1423 2725 dissiparant
1443 2635 1583 2722 perisse:

262 2730 346 2796 unde
367 2730 399 2795 in
421 2730 501 2796 urbe
522 2751 559 2796 ac
580 2729 652 2795 loro
675 2737 741 2795 toto
762 2730 918 2798 maximus
940 2753 1051 2796 rumor
1072 2729 1131 2796 luit
1152 2740 1183 2797 te
1204 2754 1222 2798 a
1245 2734 1284 2810 Q.
1306 2730 1456 2816 Pompeio
1479 2729 1511 2792 in
1533 2727 1585 2792 iti·

225 2841 339 2889 rtnere
361 2824 509 2889 occisum.
566 2827 654 2910 Ego,
683 2823 739 2911 qui
766 2823 899 2899 scirem,
934 2827 972 2903 Q.
1000 2825 1184 2910 Pompeium
1210 2826 1316 2892 Baulis
1340 2821 1585 2889 embaeneticam

262 2918 366 2984 facere
388 2927 541 3004 eiusque
563 2938 617 2994 eo,
653 2929 689 2984 ut
709 2939 769 3004 ego
790 2919 960 2983 misererer
982 2918 1049 2983 eius
1072 2919 1208 2992 esuriei,
1233 2941 1296 2984 non
1318 2939 1387 2982 sum
1409 2924 1584 2981 commotus

263 3020 295 3078 et
316 3011 376 3077 boc
398 3011 579 3088 mendacio,
616 3016 641 3077 si
665 3034 726 3099 qua
747 3013 886 3099 pericula
914 3012 970 3078 tibi
992 3011 1227 3097 impenderent,
1261 3019 1295 3076 ut
1323 3011 1583 3096 defungeremur,

263 3107 378 3192 optavi.
422 3107 560 3171 Plancus·
576 3107 702 3193 quidem
730 3116 802 3172 tuus
828 3113 993 3172 Ravennae
1015 3116 1077 3180 est,
1115 3115 1147 3171 et
1167 3126 1281 3192 magno
1304 3106 1465 3190 congiario
1488 3104 1585 3169 dona-

263 3207 313 3264 tus
348 3220 366 3264 a
396 3203 528 3267 Caesare
556 3220 614 3265 nec
640 3197 749 3265 beatus
777 3221 836 3265 nec
862 3200 944 3266 bene
971 3201 1140 3266 instructus
1167 3209 1223 3265 est.
1272 3198 1331 3264 Tui
1364 3199 1484 3285 politici
1511 3196 1585 3263 libri

224 3291 410 3358 coomnibus
431 3293 454 3374 †
469 3293 589 3379 vigens.

745 3436 787 3500 11.
831 3431 879 3516 (a.
906 3436 938 3498 a.
961 3435 993 3498 o.
1016 3431 1101 3518 703.)

710 3547 871 3612 exarnus
893 3546 1077 3610 oxcnaonr
1099 3547 1130 3610 S.

349 3669 377 3730 l.
406 3668 513 3739 Certe,
546 3665 689 3754 inquam,
719 3664 879 3731 absolutus
902 3675 965 3743 est;
987 3687 1038 3731 me
1060 3667 1092 3732 in
1114 3687 1149 3730 re
1170 3667 1326 3752 praesenti
1348 3667 1584 3754 pronuntiatum

264 3768 327 3833 est,
360 3767 391 3823 et
419 3759 544 3845 quidem
567 3759 712 3826 omnibus
735 3758 918 3833 ordinibus,
955 3759 1011 3824 sed
1033 3759 1163 3844 singulis
1184 3760 1217 3823 in
1239 3782 1303 3824 uno
1325 3783 1451 3850 quoque
1473 3761 1585 3826 ordine

226 3854 434 3920 asententiis.
483 3853 561 3922 Vide
582 3854 694 3928 modo,
728 3854 841 3939 inquis.
883 3857 973 3928 Non,
1002 3854 1216 3918 mehercules:
1246 3854 1323 3919 nibil
1344 3877 1482 3942 unquam
1501 3856 1585 3920 enim

263 3959 326 4014 tam
348 3957 474 4034 praeter
494 3948 689 4033 opinionem,
719 3958 782 4012 tam
804 3947 889 4034 quod
911 3946 1071 4014 videretur
1093 3947 1238 4013 omnibus
1259 3949 1440 4034 indignum,
1464 3948 1584 4014 accidit.

264 4041 348 4119 Quid
370 4062 446 4127 ego,
469 4063 541 4107 cum
563 4063 622 4128 pro
644 4042 778 4107 amicitia
800 4041 989 4107 validissime
1010 4043 1148 4108 faverem
1171 4043 1201 4107 ei
1223 4051 1254 4106 et
1275 4065 1326 4108 me
1348 4043 1407 4107 iam
1424 4042 1462 4107 ad
1478 4042 1586 4108 dolen-

262 4135 337 4200 dum
359 4156 611 4222 praeparassem,
643 4145 809 4224 postquam
837 4136 953 4201 sactum
985 4147 1046 4212 cst,
1081 4137 1219 4224 obstipui
1246 4146 1276 4202 ct
1305 4137 1380 4203 mibi
1407 4137 1493 4202 visus
1515 4159 1585 4201 sum

332 4302 358 4352 1.
386 4301 472 4350 dietae
495 4299 534 4352 M.
561 4325 593 4336 -
631 4301 657 4350 3.
685 4315 718 4350 ea
736 4315 766 4350 ea
784 4301 858 4350 tribea
877 4302 913 4350 M.
942 4327 971 4336 —
1008 4301 1036 4351 8.
1056 4305 1191 4352 tenatiarem
1207 4303 1246 4352 Μ.
1279 4327 1310 4338 -
1345 4303 1373 4353 a.
1392 4303 1476 4364 accipi
1494 4301 1531 4352 Μ.
1552 4325 1583 4336 -

263 4369 306 4419 it).
337 4372 535 4433 promocionem
564 4371 674 4420 seclusit
700 4369 730 4420 li.
764 4397 793 4407 -
832 4371 875 4421 12.
902 4374 1023 4434 repressit
1046 4372 1191 4422 Manutius.
1238 4373 1331 4422 Malim
1348 4373 1451 4434 pressit.
1472 4372 1522 4422 On.
1553 4393 1583 4408 -

262 4440 368 4503 {nerant
388 4440 432 4491 M:
451 4442 556 4505 sacrant
576 4441 606 4491 E.
629 4465 659 4476 -
694 4437 752 4503 aar]
772 4455 826 4490 aaa
846 4456 886 4504 pr.
907 4442 944 4492 M.
967 4468 994 4478 -
1035 4443 1077 4492 tt.
1098 4444 1241 4492 ostenderet
1261 4443 1298 4493 Μ.
1323 4469 1352 4479 -
1391 4443 1434 4492 15.
1455 4448 1584 4504 appareat

262 4516 291 4558 at
310 4511 373 4574 qaid
390 4509 429 4562 Μ.
450 4535 481 4547 -
519 4509 562 4560 18.
581 4513 668 4577 fictam
687 4511 771 4560 Menr.
791 4511 953 4574 Stephanus.
975 4536 1006 4547 -
1034 4513 1077 4562 13.
1097 4513 1214 4562 brittanos
1233 4513 1270 4562 Μ.
1291 4537 1323 4546 -
1347 4513 1391 4561 23.
1412 4513 1482 4560 lanii
1501 4513 1532 4561 li.
1552 4537 1584 4548 -

263 4581 316 4628 ciat
334 4579 371 4632 Μ.
405 4607 437 4617 -
472 4583 586 4644 periere:
612 4583 679 4631 anm
696 4583 725 4630 ia
741 4581 803 4632 arbe
821 4583 958 4632 Oreltius:
985 4585 1082 4645 periere
1100 4597 1133 4632 ur
1150 4585 1181 4633 de
1198 4583 1260 4632 arbe
1279 4581 1325 4638 M,
1353 4583 1477 4644 periisse:
1496 4584 1537 4632 ita
1554 4587 1584 4632 ar

264 4650 294 4698 de
312 4649 374 4701 urbe
392 4651 423 4701 ll.
460 4651 554 4701 Malim
570 4654 687 4714 periere:
718 4653 786 4700 cade
810 4653 882 4703 arbe.
920 4652 961 4702 Gt.
987 4668 1013 4715 p.
1042 4653 1121 4703 llosc.
1142 4655 1203 4702 Am.
1223 4650 1253 4714 3.
1273 4652 1317 4702 at.
1346 4653 1423 4701 Verr.
1442 4653 1470 4702 5.
1490 4650 1519 4714 3.
1538 4652 1582 4702 33.

265 4719 345 4769 Barr.
366 4743 397 4756 ·-
433 4721 478 4771 33.
504 4722 555 4785 [ait
581 4721 627 4772 M:
657 4723 738 4786 [uerit
765 4721 795 4771 E.
829 4747 857 4760 -
897 4729 921 4772 te
948 4737 965 4770 a
984 4720 1026 4786 Q.]
1047 4730 1124 4786 atque
1143 4723 1180 4774 M.
1209 4747 1239 4758 -
1276 4722 1320 4772 25.
1339 4721 1477 4788 ἐμετικὴν
1496 4724 1518 4772 1.
1538 4723 1583 4771 Fr.

265 4789 432 4852 Gronovius,
451 4794 584 4842 anaeticum
602 4791 761 4850 Scbiitzius,
778 4794 921 4854 piaeticam
942 4793 1114 4842 Benedictus.
1136 4817 1166 4826 -
1186 4794 1230 4842 28.
1250 4795 1346 4842 esurire
1365 4793 1402 4842 lit.
1424 4816 1454 4827 -
1474 4793 1518 4843 27.
1536 4793 1584 4840 im·

260 4861 383 4921 perdere:
393 4863 450 4910 cide
458 4863 624 4926 [capmmar
635 4861 672 4911 Μ.
688 4884 721 4896 -
738 4861 780 4910 30.
795 4865 881 4927 viperae
894 4863 938 4914 M:
949 4866 1036 4929 uipeat
1049 4863 1079 4914 Ε.
1096 4891 1123 4901 -
1144 4863 1187 4913 An
1200 4863 1317 4912 omnibus
1329 4861 1585 4927 otrtattoarotprmt

264 4927 315 4980 Oa.
325 4955 358 4964 -
377 4931 420 4981 33.
434 4945 473 4981 me
484 4934 513 4981 in
524 4946 552 4982 re
562 4933 696 4994 praesenti
708 4931 875 4982 Gronovius:
895 4947 934 4983 me
952 4941 1164 4996 repraesentante
1181 4934 1224 4989 M,
1243 4946 1283 4983 rae
1298 4940 1433 4995 praesente
1454 4933 1491 4992 E,
1513 4931 1584 4997 quod

265 4999 368 5048 malim.
395 5001 475 5053 Barr.
503 5024 534 5037 -
569 5003 612 5053 at.
639 5002 683 5051 sed
712 5002 866 5054 Manutius:
893 5001 940 5066 (set
968 5004 1038 5066 Vb),
1065 5012 1089 5054 et
1118 5005 1185 5064 ME,
1213 5003 1283 5068 quod
1316 5003 1419 5054 malim.
1445 5003 1526 5054 Bata.
1553 5025 1583 5038 -

263 5069 308 5121 35.
326 5085 442 5136 anquam
459 5075 526 5122 enim
551 5073 597 5123 M:
625 5074 693 5123 caim
714 5087 829 5138 unquam
847 5073 877 5123 li.
894 5094 926 5110 ·-
962 5073 1007 5124 38.
1027 5076 1139 5139 obstipui
1156 5075 1202 5128 M:
1223 5075 1343 5137 obstupui
1362 5073 1393 5124 B.
