3668 5924
307 389 373 452 ³98.
798 393 856 458 ΕΡ.
877 393 931 456 hl)
951 391 1124 458 ATTICUM

306 544 384 612 ldib.
405 545 497 612 Febr.
518 546 661 614 dedmas.
710 549 748 614 ui
768 567 851 616 nunc
871 548 1022 635 epistolae
1043 548 1154 616 litteris
1175 548 1224 616 bis
1245 548 1455 636 respondebo.
1496 559 1542 621 Ac
1563 555 1631 642 pri·

306 660 412 713 mum,
440 639 497 705 tibi
525 650 723 729 perspectum
751 662 820 709 esse
841 642 991 709 iudicium
1012 641 1051 708 de
1072 651 1103 708 te
1125 663 1229 708 meum
1250 643 1366 722 laetor;
1389 644 1519 724 deinde,
1543 657 1574 715 te
1596 649 1629 715 in

306 732 345 798 iis
366 731 476 809 rebus,
504 755 587 821 quae
608 735 686 800 mihi
706 737 847 821 asperius
869 759 886 802 a
907 735 998 803 nohis
1020 746 1114 823 atque
1135 736 1250 802 nostris
1270 744 1301 803 et
1321 737 1519 806 iniucundius
1541 750 1628 806 actae

306 826 508 903 videbantur,
529 828 812 895 moderatissimum
834 828 930 896 luisse
951 828 1222 896 vehementissime
1244 830 1380 915 gaudeo,
1408 831 1503 918 idque
1523 856 1627 922 neque

176 913 196 1014 ’ᾖ
282 927 423 1005 samoris
444 922 612 988 mediocris
632 931 664 988 et
683 923 800 1008 ingenii
821 922 935 1014 summi
957 943 993 988 ac
1013 923 1181 1010 sapientiae
1202 923 1319 989 indico.
1362 927 1432 1002 Qua
1452 927 1491 992 de
1505 949 1541 994 re
1555 950 1626 994 cum

305 1014 345 1080 ad
373 1035 423 1080 me
445 1015 487 1082 ita
509 1015 662 1089 suaviter,
689 1013 869 1102 diligenter,
892 1017 1030 1082 officiose
1052 1027 1084 1082 et
1102 1017 1279 1084 humaniter
1300 1017 1478 1104 scripseris,
1507 1031 1626 1088 utnon

304 1109 400 1175 modo
427 1119 458 1174 te
480 1109 599 1176 hortari
613 1111 745 1196 amplius
766 1131 829 1177 noo
851 1108 998 1187 debeam,
1028 1110 1083 1176 sed
1105 1132 1145 1176 ne
1166 1122 1349 1199 exspectare
1370 1113 1496 1200 quidem
1518 1114 1625 1181 abste

305 1213 358 1269 aut
385 1201 424 1268 ab
450 1203 516 1269 ullo
543 1203 670 1282 homine
698 1214 816 1271 tantum
842 1203 997 1271 facilitatis
1018 1225 1055 1270 ac
1074 1204 1323 1272 mausuetudinis
1344 1206 1516 1292 potuerim,
1549 1207 1625 1274 nihil

305 1298 387 1364 duco
414 1317 482 1362 esse
511 1296 722 1373 commodius,
752 1319 845 1386 quam
874 1299 913 1363 de
942 1299 990 1364 his
1016 1297 1112 1364 rehus
1142 1297 1302 1364 nihilium
1324 1299 1454 1387 amplius
1475 1298 1624 1366 scribere.

272 1396 383 1460 soCum
406 1392 524 1458 erimus
545 1392 715 1476 congressi,
737 1401 813 1467 tum,
835 1393 862 1458 si
883 1393 958 1478 quid
979 1414 1031 1458 res
1051 1392 1148 1465 leret,
1171 1413 1278 1459 coram
1299 1397 1381 1459 inter
1402 1414 1460 1458 nos
1481 1393 1625 1460 coniere-

306 1507 386 1552 mus.
444 1489 475 1551 2.
504 1486 599 1563 Quod
627 1484 666 1550 ad
693 1506 744 1550 me
773 1485 871 1550 dere
900 1485 1024 1573 publica
1052 1485 1179 1561 scribis,
1216 1487 1354 1573 disputas
1383 1497 1416 1552 tu
1442 1488 1567 1572 quidem
1593 1499 1626 1554 ct

305 1589 448 1646 amanter
469 1589 500 1644 et
520 1579 706 1665 prudentem
728 1589 758 1644 et
773 1601 790 1644 a
805 1580 883 1646 meis
905 1582 1043 1648 consiliis
1063 1580 1144 1646 ratio
1166 1590 1219 1646 tua
1241 1602 1304 1648 non
1326 1581 1476 1648 abhorret
1491 1619 1533 1630 -
1554 1605 1625 1648 nam

209 1685 215 1702 ·
305 1695 407 1760 oeque
437 1673 476 1738 de
507 1683 588 1739 statu
616 1672 708 1740 nohis
737 1686 862 1740 nostrae
884 1674 1039 1760 dignitatis
1061 1685 1109 1740 est
1128 1674 1337 1741 recedendum
1359 1697 1461 1762 neque
1482 1679 1548 1742 siue
1568 1698 1625 1742 no·

304 1769 378 1834 stris
405 1769 503 1854 copiis
530 1768 612 1833 intra
640 1768 767 1834 alterius
796 1769 952 1855 praesidia
978 1768 1183 1845 veniendum,
1215 1779 1247 1834 et
1268 1769 1312 1844 is,
1343 1770 1383 1836 de
1410 1791 1474 1857 quo
1496 1771 1624 1845 scribis,

269 1864 381 1929 tsnihil
408 1862 502 1928 babet
528 1863 683 1948 amplum,
712 1863 788 1929 nihil
810 1863 982 1938 excelsum,
1009 1863 1087 1929 nihil
1107 1883 1171 1928 non
1193 1869 1392 1930 summissum
1413 1873 1504 1952 atque
1525 1886 1626 1952 popu·

305 1958 370 2023 lare
391 1981 451 2036 -;
473 1967 688 2022 verumtamen
710 1957 770 2023 fuit
790 1957 871 2022 ratio
892 1957 969 2022 mihi
992 1957 1123 2023 sortasse
1145 1957 1185 2022 ad
1206 1958 1461 2044 tranquillitatem
1481 1981 1624 2026 meorum

304 2062 479 2138 temporum
507 2072 570 2118 non
597 2051 730 2127 inutilis,
758 2051 814 2118 sed
842 2051 1019 2118 mehercule
1051 2056 1098 2118 rei
1118 2051 1261 2137 publicae
1283 2052 1382 2118 multo
1403 2053 1496 2118 etiam
1517 2053 1625 2120 utilior

303 2167 397 2234 quam
418 2145 511 2222 mihi,
534 2153 600 2211 tum
621 2145 838 2232 improborum
861 2146 994 2231 impetus
1015 2145 1048 2210 in
1069 2165 1120 2210 me
1140 2145 1292 2230 reprimi,
1313 2165 1385 2211 num
1404 2145 1539 2212 hominis
1560 2167 1625 2212 am-

303 2240 443 2326 plissima
463 2239 605 2314 fortuna,
628 2240 827 2314 auctoritate,
852 2239 950 2324 gratia
971 2237 1170 2304 fluctuantem
1191 2239 1372 2304 senteutiam
1394 2237 1625 2306 confirmassem

265 2341 335 2402 met
356 2354 375 2398 a
396 2354 451 2419 spe
478 2333 632 2399 malorum
661 2334 702 2399 ed
729 2355 870 2399 mearum
896 2353 1003 2399 rerum
1032 2330 1156 2397 laudem
1176 2333 1416 2398 'convertissem
1474 2333 1569 2410 Quod
1596 2333 1624 2398 si

303 2448 374 2493 cum
404 2427 509 2514 aliqua
536 2427 663 2493 levitate
691 2427 768 2492 mihi
789 2426 963 2493 faciendum
985 2426 1110 2500 luisset,
1144 2425 1260 2491 nullam
1281 2448 1348 2492 rem
1370 2426 1445 2492 tanti
1466 2427 1625 2492 aestimas·

303 2542 388 2600 sem;
418 2520 475 2586 sed
502 2530 607 2588 tameo
635 2543 653 2587 a
679 2543 729 2586 me
756 2523 798 2588 ita
825 2531 896 2588 sunt
920 2530 987 2586 acta
1014 2519 1137 2594 omnia,
1168 2540 1231 2585 non
1253 2528 1287 2585 ut
1308 2541 1367 2606 ego
1388 2521 1434 2587 illi
1454 2521 1624 2586 assentiens

305 2614 409 2680 levior
437 2614 493 2680 sed
522 2624 558 2681 ut
583 2615 636 2680 ille
666 2637 719 2681 me
747 2614 884 2702 probans
906 2613 1032 2700 gravior
1052 2612 1223 2682 videretur.
1265 2619 1296 2680 3.
1318 2614 1447 2701 Reliqua
1469 2615 1515 2680 sic
1535 2636 1553 2680 a
1573 2637 1624 2681 me

303 2719 438 2794 aguntur
460 2719 491 2774 et
512 2717 656 2795 agentur,
679 2720 714 2776 ut
735 2731 799 2775 non
820 2708 1063 2783 committamus,
1085 2717 1121 2773 ut
1141 2729 1188 2783 aa,
1209 2728 1290 2794 quae
1312 2708 1474 2793 gessimus,
1494 2708 1623 2774 fortuito

263 2803 434 2888 egessisse
464 2802 639 2869 videamur.
694 2808 781 2869 Meos
810 2801 911 2868 bonos
939 2801 1041 2878 viros,
1074 2802 1146 2868 illos
1172 2823 1252 2889 quos
1278 2801 1447 2890 significas,
1480 2811 1512 2866 et
1538 2823 1622 2887 epm,

201 2901 213 2979 l,
302 2918 395 2986 qnam
417 2897 494 2963 mihi
515 2896 593 2963 dicis
615 2895 780 2981 obtigisse,
812 2897 986 2982 Σπάρταν,
1008 2916 1072 2960 nou
1091 2895 1187 2961 modo
1209 2916 1367 2982 nunquam
1389 2895 1546 2971 deseram,
1568 2895 1623 2960 sed

300 2985 409 3066 etiam,
438 2994 464 3056 si
493 3010 552 3075 ego
579 2989 619 3054 ah
648 2990 701 3055 illa
729 2989 872 3066 deserar,
905 3000 1007 3056 tamen
1034 2989 1068 3054 iu
1088 3010 1158 3054 mea
1178 2989 1310 3074 pristina
1331 2988 1480 3055 sententia
1501 3009 1622 3076 perma-

300 3084 392 3150 nebo.
448 3083 528 3150 lllud
549 3093 669 3160 umen,
700 3084 809 3161 velim,
841 3087 1015 3160 existimes,
1043 3104 1095 3149 me
1124 3083 1203 3148 hanc
1232 3081 1315 3148 viam
1343 3083 1525 3169 optimatem
1551 3091 1623 3168 post

301 3178 400 3245 Catuli
427 3187 562 3245 mortem
589 3200 648 3244 nec
674 3178 833 3265 praesidio
860 3178 926 3244 ullo
952 3197 1010 3242 nec
1037 3175 1186 3242 comitatu
1212 3184 1331 3241 tenere.
1389 3181 1481 3252 Nam,
1512 3184 1549 3242 nt
1579 3176 1623 3240 ait

262 3271 450 3348 selthintou,
472 3281 510 3338 ut
530 3271 659 3359 opinor,

468 3415 509 3479 Oi
527 3425 586 3498 μὲν
608 3417 693 3498 παρ’
716 3417 810 3480 οὐδέν
831 3423 905 3488 εἰσι,
928 3427 993 3488 τοῖς
1016 3413 1048 3477 d'
1072 3413 1166 3476 οὐδὲν
1186 3417 1283 3495 μέλει.

300 3552 375 3618 Mihi
402 3574 480 3619 vero
509 3561 542 3619 ut
569 3552 728 3619 invideant
748 3552 907 3638 piscinarii
929 3552 1047 3627 nostri,
1076 3559 1130 3617 ant
1151 3549 1284 3617 scribam
1305 3551 1346 3616 ad
1367 3560 1398 3616 te
1419 3551 1495 3618 alias
1516 3563 1570 3619 ant
1589 3553 1622 3618 in

300 3666 502 3732 congressum
532 3657 675 3714 nostrum
702 3646 881 3717 reservabo.
931 3645 1071 3713 hcuria
1096 3653 1200 3711 autem
1231 3644 1315 3709 nulla
1335 3666 1386 3710 me
1407 3665 1458 3710 res
1480 3645 1621 3720 divellet,

301 3739 349 3804 vel
380 3739 466 3826 quod
493 3742 537 3806 ita
559 3753 677 3808 rectum
700 3751 761 3816 est,
790 3742 840 3807 vel
871 3740 956 3828 quod
981 3739 1077 3806 rebus
1099 3740 1178 3805 meis
1199 3739 1335 3804 maxime
1362 3749 1621 3816 consentaneum,

264 3833 350 3904 revel
381 3832 482 3919 qnod,
511 3857 529 3900 a
550 3845 659 3901 senatu
681 3841 788 3923 quanti
809 3834 897 3908 fiam,
921 3833 1048 3899 minime
1068 3854 1120 3898 me
1140 3833 1289 3919 poenitet.
1332 3835 1363 3898 4.
1384 3837 1430 3897 De
1452 3834 1621 3922 Sicyoniis,

301 3935 336 3991 ut
356 3927 396 3993 ad
418 3938 448 3992 te
470 3929 580 4016 scripsi
601 3939 710 4004 autea,
740 3949 803 3994 non
824 3928 957 3994 multum
978 3932 1045 4015 spei
1068 3934 1115 3992 est
1135 3927 1168 3992 in
1190 3935 1308 3993 senatu.
1351 3932 1448 3994 Nemo
1470 3939 1516 3994 est
1538 3929 1622 3994 enim

300 4020 379 4095 iam,
409 4022 472 4108 qui'
495 4034 656 4107 queratur.
715 4027 837 4102 Quare,
860 4021 888 4086 si
908 4021 942 4086 id
963 4031 1138 4108 exspectas,
1167 4021 1295 4106 longum
1317 4029 1374 4086 est.
1415 4023 1572 4099 Aliaria,
1594 4023 1621 4088 si

300 4135 362 4201 qua
391 4125 498 4202 potes,
527 4138 641 4203 pugna.
693 4121 770 4184 Cum
792 4125 839 4182 est
859 4123 978 4188 actum,
1000 4136 1102 4201 neque
1124 4113 1373 4179 animadversum
1395 4125 1458 4188 est,
1479 4114 1521 4179 ad
1542 4137 1622 4202 quos

299 4209 485 4293 pertineret,
509 4219 540 4275 et
560 4215 673 4297 raptim
695 4210 728 4276 in
750 4231 818 4275 eam
841 4208 1023 4275 sententiam
1044 4208 1165 4293 pedarii
1187 4217 1402 4274 cucurrerunt.
1450 4208 1621 4274 inducendi

262 4312 427 4370 aasenatus
449 4304 583 4370 consulti
603 4305 765 4371 maturitas
787 4303 926 4370 noudum
948 4313 1003 4379 est,
1024 4301 1110 4388 quod
1131 4323 1233 4387 neque
1255 4311 1341 4376 suut,
1363 4302 1418 4388 qui
1439 4313 1620 4389 querantur,

368 4477 395 4526 ³.
415 4479 454 4527 his
472 4478 493 4526 l.
526 4501 559 4516 -
593 4478 668 4529 nobis
685 4487 763 4544 etque
781 4479 882 4529 delevit
899 4477 1065 4526 Schuetziua.
1096 4502 1130 4511 -
1165 4484 1243 4540 utque
1260 4491 1277 4526 u
1295 4479 1392 4526 nostris
1410 4477 1443 4527 u.
1469 4503 1504 4512 -
1539 4479 1565 4529 5.
1584 4475 1619 4540 et]

297 4547 341 4597 nd
358 4547 420 4598 ΜΒ.
455 4573 483 4584 -
521 4547 548 4598 θ.
568 4555 593 4600 et
611 4563 667 4599 om.
687 4549 708 4597 1.
742 4573 773 4584 -
808 4549 835 4599 7.
856 4548 959 4598 hortare·
977 4553 1001 4597 te
1020 4548 1040 4596 l.
1074 4569 1100 4581 -
1138 4547 1165 4598 o.
1184 4547 1252 4596 nihil
1267 4549 1321 4596 iam
1339 4547 1452 4610 emplius
1470 4548 1535 4600 Mu:
1554 4549 1621 4598 estu

297 4618 410 4679 amplius
436 4618 480 4668 ill.
513 4641 544 4654 -
580 4619 624 4669 ld.
651 4620 811 4682 proestdtum
831 4619 859 4669 Ζ.
892 4639 920 4654 -·
955 4616 998 4667 18.
1018 4624 1073 4667 tum
1092 4617 1126 4667 1:
1159 4631 1216 4666 mm
1233 4617 1304 4678 Mil,
1332 4619 1427 4667 mutum
1445 4619 1474 4668 E.
1507 4641 1538 4654 -·
1575 4619 1619 4667 2¹.

297 4689 483 4738 ecisttmcssem
500 4689 546 4738 ltl.
579 4715 607 4726 -
644 4689 689 4738 22.
708 4697 768 4738 suot
787 4695 848 4738 octo
866 4687 931 4737 hill:
951 4693 1013 4738 octa
1029 4694 1090 4737 utut
1109 4687 1153 4736 tu.
1180 4709 1214 4722 ·-
1248 4687 1293 4737 25.
1311 4683 1392 4749 dirus]
1411 4689 1445 4736 lu
1462 4701 1504 4738 eos
1520 4688 1566 4738 ltt.
1590 4711 1617 4721 -

297 4758 442 4823 slpntficos:
461 4772 519 4808 eom
536 4771 616 4809 eoum
633 4773 712 4824 quom
728 4759 751 4808 1.
772 4785 804 4795 -
839 4759 883 4807 m.
901 4759 925 4807 ai
941 4758 974 4808 ob
992 4757 1041 4808 illc
1058 4759 1163 4808 memor
1179 4768 1226 4821 epo
1244 4763 1332 4807 romeu
1349 4758 1382 4808 rt.
1406 4781 1441 4792 -
1475 4759 1520 4808 28.
1540 4764 1620 4822 optu-

296 4833 392 4877 matum
410 4841 465 4890 mg.
484 4829 531 4881 tt:
563 4831 613 4879 octe·
629 4837 739 4880 mortem
758 4841 798 4892 pr·
816 4828 861 4886 hd,
892 4829 1048 4889 optimatum
1066 4827 1102 4877 ltl
1127 4832 1154 4877 et
1171 4840 1242 4876 corr.
1261 4827 1308 4885 hd,
1337 4829 1506 4890 optimatium
1523 4828 1554 4878 Ε.
1589 4851 1617 4862 -

297 4895 341 4945 30.
360 4897 482 4961 utpotae
499 4898 521 4947 rt
539 4906 566 4950 et
583 4913 625 4962 pr.
644 4898 687 4962 Μ,
713 4899 851 4962 Ptpctton
868 4909 938 4947 corr.
957 4896 1000 4954 rt,
1020 4898 1133 4948 Phialen
1151 4896 1173 4946 1.
1203 4921 1237 4932 -
1272 4897 1411 4954 ³1.etm.
1433 4898 1619 4961 rotghamhi·

297 4977 441 5086 nurqoascs
457 4968 553 5031 orell,
573 4971 663 5031 εἰσιν,
682 4965 727 5036 οἷς
743 4969 802 5021 Mtt.
835 4991 861 5001 -
900 4966 943 5017 36.
961 4969 1054 5030 rcrtpat
1071 4968 1106 5017 od
1124 4974 1149 5018 te
1166 4966 1189 5017 1.
1220 4991 1254 5002 -
1289 4967 1332 5019 37.
1352 4963 1417 5029 tum]
1434 4969 1502 5019 idem
1520 4984 1562 5033 pr.
1580 4967 1618 5018 hl.

299 5057 331 5070 —
384 5044 597 5089 .concurreramt
616 5039 637 5086 1.
