3662 5908
585 419 660 484 ΠΒ.
682 420 751 484 Xll.
793 421 853 484 ΕΡ.
874 420 925 486 25.
947 420 998 484 26.
1020 420 1071 484 2⁷.
1093 419 1145 483 28.

658 579 766 646 xru.
810 575 858 660 (s.
884 579 916 642 u
939 580 969 646 e.
992 577 1077 661 uo.)

647 709 790 774 cronno
813 709 1038 775 coarmuo
1061 711 1091 774 s.

291 841 321 906 t.
343 839 383 917 O.
405 840 535 913 Turius,
569 836 679 924 quiin
701 836 805 904 Africa
827 837 1002 924 negotiatus
1024 847 1090 916 est,
1118 838 1290 908 virbonus
1312 853 1343 910 et
1364 845 1531 922 honestus,
1557 851 1564 864 “
1632 851 1660 916 ff

206 931 339 1000 heredes
360 929 434 996 lecit
455 929 573 996 similes
595 929 657 1007 sui.
687 934 741 1000 Cn.
764 932 980 1008 Saturninum,
1008 936 1081 1000 Sex.
1103 923 1276 1012 Aufidium,
1300 941 1332 1003 C.
1354 940 1531 1018 Anneium,
1554 880 1571 1014 l
1631 916 1643 928 ⁹

209 1031 247 1106 Q.
275 1025 455 1094 Considium
485 1024 624 1100 Gallum,
669 1029 704 1092 L.
734 1019 903 1092 ¹Servilium
932 1029 1134 1102 Postumum,
1179 1031 1211 1095 C.
1243 1028 1431 1098 Rubellium.
1484 1037 1556 1100 Exs

207 1143 319 1188 eorum
340 1119 484 1185 oratioue
513 1118 652 1185 intellexi
679 1124 849 1204 gratiarum
875 1119 996 1184 actione
1019 1141 1074 1186 eos
1096 1121 1194 1207 magis
1216 1143 1310 1208 egero
1333 1147 1425 1211 quam
1448 1148 1534 1192 com-

207 1213 416 1282 mendatione.
475 1218 571 1278 Tanta
602 1212 684 1278 euim
711 1212 896 1279 liberalitate
929 1235 963 1278 se
991 1222 1043 1280 tua
1071 1235 1145 1280 usos
1166 1215 1403 1301 praedicabant,
1440 1231 1475 1288 ut
1495 1221 1534 1286 iis

207 1309 277 1398 plus
298 1329 317 1374 a
338 1317 369 1373 te
392 1306 543 1372 tributum
564 1307 791 1392 intelligerem,
829 1329 923 1395 quam
946 1327 1006 1393 ego
1030 1317 1060 1374 te
1082 1309 1232 1376 auderem
1253 1332 1377 1398 rogare.
1420 1319 1451 1381 2.
1472 1320 1535 1379 Au·

208 1402 291 1470 debo
313 1411 434 1478 tamem
469 1401 535 1466 scio
557 1400 661 1477 enim,
698 1409 849 1488 quantum
871 1400 1020 1488 ponderis
1042 1423 1112 1468 mea
1133 1405 1364 1472 commendatio
1386 1407 1425 1472 sit
1447 1405 1534 1473 babi-

208 1505 290 1562 tura.
333 1497 440 1574 Quare
461 1515 480 1559 a
502 1504 532 1560 te
553 1507 647 1582 peto,
684 1505 719 1560 ut
740 1493 780 1560 ad
802 1516 869 1561 eam
892 1494 1126 1572 liberalitatem,
1150 1519 1210 1584 qua
1232 1499 1300 1564 sine
1321 1501 1400 1567 meis
1423 1501 1535 1568 litteris
1547 1520 1573 1562 ιο

207 1611 284 1656 usus
306 1611 359 1665 es,
396 1609 489 1673 quam
511 1595 667 1656 maximus
689 1588 738 1654 his
758 1587 871 1656 litteris
892 1589 1036 1656 cumulus
1064 1590 1200 1657 accedat.
1244 1597 1342 1678 Caput
1363 1605 1466 1660 autem
1489 1603 1537 1660 est

207 1704 297 1750 meae
318 1681 614 1756 commendationis,
652 1703 691 1747 uo
722 1682 843 1769 patiare
864 1685 994 1750 Erotem
1015 1688 1163 1760 durium,
1198 1687 1236 1764 Q.
1259 1687 1346 1752 Turii
1368 1686 1536 1763 libertum,
1618 1685 1646 1774 f

208 1787 246 1844 ut
260 1777 361 1844 adhuc
374 1775 465 1850 fecit,
488 1775 693 1844 hereditatem
716 1775 884 1844 Turianam
906 1787 1060 1850 avertere,
1083 1781 1257 1864 ceterisque
1279 1773 1537 1848 omuibus‘r'ebus

209 1869 325 1938 babeas
361 1889 416 1934 eos
448 1890 466 1935 a
494 1891 545 1936 me
566 1869 901 1937 commendatissimos.
957 1875 1099 1956 Magnam
1121 1892 1162 1936 ex
1185 1892 1295 1940 eorum
1318 1873 1485 1960 splendore
1507 1886 1538 1940 et

209 1961 409 2031 observantia
445 1964 550 2051 capies
586 1965 788 2054 voluptatem.
844 1963 938 2044 Quod
974 1974 1008 2031 ut
1035 1963 1136 2040 velis,
1168 1974 1198 2030 te
1220 1967 1423 2036 vehementer
1443 1970 1576 2036 etiamn

209 2067 304 2146 atquo
326 2057 420 2124 etiam
441 2077 534 2142 rogo.

654 2211 780 2273 xrur.
824 2209 873 2293 (r.
898 2211 930 2274 u.
954 2211 985 2274 o.
1008 2209 1094 2294 rso.)

650 2332 793 2396 CICERO
816 2331 1041 2397 CORNlFlCIO
1065 2333 1096 2396 S.

293 2444 367 2508 Sex.
395 2440 536 2508 Aufidius
569 2450 602 2507 et
632 2439 848 2517 observantia,
881 2463 943 2529 qua
963 2464 1015 2508 me
1037 2443 1128 2518 colit,
1150 2444 1270 2510 accedit
1295 2443 1335 2510 ad
1356 2445 1537 2533 proximos,

209 2543 242 2602 et
272 2535 440 2622 splendore
472 2535 571 2622 equiti
599 2542 740 2604 Romano
774 2536 891 2602 nemini
922 2537 1014 2602 cedit.
1063 2543 1120 2604 Est
1148 2547 1252 2604 autem
1284 2540 1326 2606 ita
1358 2540 1539 2627 temperatis
1547 2564 1577 2603 so

212 2628 446 2717 moderatisque
467 2628 627 2705 moribus,
649 2640 684 2695 ut
705 2650 825 2696 summa
847 2632 999 2696 severitas
1020 2651 1141 2698 summa
1163 2653 1235 2698 cum
1257 2633 1448 2699 humanitate
1469 2635 1540 2700 iun·

211 2730 313 2808 gatur.
357 2723 452 2790 Cuius
475 2721 532 2789 tibi
547 2723 687 2808 negotia,
709 2746 789 2811 quae
804 2733 877 2790 suut
890 2723 923 2791 in
937 2723 1056 2800 Africa,
1080 2725 1123 2790 ita
1140 2726 1342 2802 commendo,
1364 2737 1400 2792 ut
1419 2728 1538 2794 maiore

211 2815 317 2884 studio
343 2817 483 2902 magisve
510 2838 550 2882 ex
583 2817 687 2886 animo
722 2818 943 2884 commendare
977 2839 1038 2883 nou
1070 2819 1198 2905 possim.
1256 2825 1440 2905 Pergratum
1464 2820 1541 2886 mihi

211 2910 341 2987 leceris,
378 2910 405 2976 si
426 2910 553 2976 dederis
576 2931 721 2998 operam,
758 2921 794 2978 ut
815 2912 841 2976 is
862 2911 1015 2997 intelligat
1036 2934 1121 2977 meas
1143 2913 1227 3000 apud
1248 2924 1280 2979 te
1300 2913 1420 2980 litteras
1442 2913 1541 2984 maxi-

211 3025 297 3072 mum
319 3003 443 3091 pondus
464 3003 621 3072 habuisse.
664 3009 733 3071 Hoc
753 3015 783 3070 te
805 3002 1027 3080 vehementer,
1049 3005 1093 3072 mi
1117 3005 1278 3082 Cornifici,
1300 3027 1391 3092 rogo.
1549 3035 1577 3073 ss

649 3174 791 3238 xxuu.
835 3170 883 3256 (A.
911 3172 944 3238 u.
967 3175 999 3238 e.
1023 3169 1108 3256 711.)

654 3296 796 3361 cremo
820 3296 1044 3360 coauurcro
1067 3297 1099 3359 s.

298 3423 327 3484 1.
359 3417 523 3484 Assentior
549 3416 606 3484 tibi
635 3437 706 3493 eos,
742 3436 823 3504 quos
851 3413 962 3481 scribis
990 3413 1138 3503 Lilybaeo
1165 3415 1293 3494 minari,
1325 3417 1396 3483 istic
1421 3431 1539 3506 poenas

211 3510 290 3578 dare
311 3508 481 3590 debuisses
510 3510 567 3577 sed
587 3510 744 3586 metuisti,
776 3522 812 3577 ut
833 3510 899 3585 ais,
922 3530 962 3574 ue
983 3509 1076 3574 nimis
1097 3509 1178 3576 liber
1199 3511 1232 3576 iu
1252 3511 1430 3578 ulciscendo
1452 3511 1540 3577 vide·

211 3627 296 3672 rere.
352 3605 490 3672 ltetuisti
523 3605 636 3690 igitur,
673 3625 713 3669 ue
744 3603 849 3690 gravis
877 3603 976 3679 civis,
1012 3623 1052 3668 ne
1072 3604 1165 3670 nimis
1188 3604 1293 3672 sortis.
1325 3627 1365 3671 ue
1393 3606 1487 3672 uimis'
1507 3614 1575 3670 tero

213 3699 326 3786 dignus
347 3698 503 3764 viderere.
546 3703 578 3763 2.
601 3697 694 3776 Quod
716 3702 895 3764 societatem
917 3698 965 3762 rei
986 3696 1130 3783 publicae
1146 3699 1379 3765 conservandae
1401 3698 1458 3764 tibi
1472 3721 1539 3765 me-

212 3813 285 3858 eum
313 3813 333 3856 a
362 3803 450 3879 patre
479 3800 637 3879 acceptam
662 3813 813 3868 renovas,
850 3803 972 3877 gratum
1002 3801 1066 3871 est;
1103 3813 1185 3880 quae
1215 3793 1346 3860 societas
1371 3795 1537 3860 internos

213 3906 358 3970 semper,
392 3887 437 3952 mi
459 3886 628 3962 Cornifici,
658 3886 805 3952 mauebit.
860 3891 989 3953 Gratum
1012 3887 1104 3952 etiam
1130 3886 1225 3961 illud,
1259 3887 1345 3974 quod
1373 3887 1451 3952 milri
1482 3895 1537 3952 tuo

212 3979 341 4045 nomine
363 3981 477 4066 gratias
499 3979 635 4066 agendas
656 4000 720 4045 uon
740 3991 847 4067 putas3
883 4000 942 4045 uec
974 3981 1057 4045 enim
1080 3980 1112 4046 id
1135 3981 1218 4046 iuter
1239 4001 1297 4047 uos
1319 3981 1421 4047 lacere
1442 3979 1539 4046 debe·

213 4092 294 4138 mus.
337 4076 471 4139 Senatus
493 4072 618 4160 saepius
638 4092 699 4158 pro
721 4073 868 4158 dignitate
887 4081 942 4139 tua
963 4074 1187 4160 appellaretur,
1210 4077 1237 4141 si
1260 4073 1440 4140 absentibus
1462 4090 1574 4138 con-sa

213 4164 334 4232 sulibus
355 4187 493 4254 unqum
516 4168 575 4234 uisi
597 4167 726 4232 adrem
749 4189 863 4232 novam
884 4177 1061 4253 cogeretur.
1112 4174 1219 4258 ltaque
1241 4191 1300 4234 uec
1321 4169 1361 4234 de
1383 4169 1454 4233 He.
1476 4187 1537 4232 xx.

214 4279 273 4324 uec
293 4259 334 4326 de
356 4263 427 4328 fle.
450 4279 537 4328 racc.
559 4261 730 4348 quidquam
752 4261 802 4347 agi
833 4281 916 4327 nuuc
940 4281 999 4346 per
1026 4270 1166 4327 senatum
1188 4271 1309 4354 potest„
1343 4261 1413 4329 Tibi
1433 4269 1537 4325 autem

215 4375 256 4421 ex
278 4366 403 4422 senatus
424 4355 567 4422 consulto
588 4355 807 4442 imperandum
829 4365 1036 4442 mutuumque
1058 4355 1244 4422 sumendum
1266 4377 1389 4422 censeo.
1446 4359 1477 4418 3.
1499 4353 1538 4417 lu

214 4469 251 4514 re
273 4449 397 4535 publica
417 4449 494 4537 quid
516 4457 642 4534 agatur,
678 4449 775 4516 credo
796 4459 828 4514 te
854 4469 894 4514 ex
917 4469 1029 4514 eorum
1050 4449 1163 4516 litteris
1184 4471 1392 4537 cognoscere,
1422 4447 1477 4534 qui
1498 4446 1537 4511 ad

215 4552 246 4607 te
267 4553 335 4609 acta
356 4543 471 4609 debeut
491 4541 699 4631 perscribere.
756 4547 823 4630 Ego
845 4565 914 4609 sum
936 4559 991 4628 spe
1012 4541 1116 4622 bona;
1138 4545 1290 4621 consilio,
1312 4563 1406 4619 cura,
1428 4539 1575 4607 laborem

215 4657 280 4703 uon
306 4636 433 4717 desum3
466 4639 613 4706 omnibus
645 4638 782 4706 inimicis
810 4637 858 4702 rei
879 4633 1023 4724 publicae
1045 4657 1114 4702 esse
1135 4659 1185 4703 me
1207 4638 1394 4704 acerrimum
1416 4634 1537 4701 bostem

286 4863 313 4914 d.
333 4865 495 4916 Rubells'num
506 4867 544 4918 st.
564 4868 605 4918 ltu
619 4867 811 4920 amonentem?
828 4863 880 4914 Ott-
896 4885 926 4898 -
946 4860 973 4912 7.
986 4864 1027 4914 lsls
1039 4864 1076 4916 Μ.
1093 4891 1122 4901 -
1142 4866 1185 4916 11.
1203 4879 1265 4915 usus
1276 4872 1313 4915 est
1326 4877 1404 4930 quom
1415 4864 1539 4913 murtmls

215 4933 254 4986 ld·
273 4957 307 4971 -
343 4935 384 4986 st.
404 4949 447 4987 sot
464 4951 483 4987 o
499 4951 539 4986 me
556 4938 713 4990 Marcell.
735 4963 764 4976 -
802 4936 846 4985 20.
866 4932 959 4996 equitis
977 4934 1128 4985 ltomosstlt
1151 4941 1178 4986 er
1203 4934 1540 4999 vb.(1)0}{,„01200„.

215 5003 294 5068 m)
321 5030 350 5043 '¹'
387 5007 432 5057 ³⁰·
459 5020 492 5056 Μ
515 5010 600 5059 ''lm‘'
617 5011 695 5074 [Μ’
717 5023 750 5060 Μ
766 5009 852 5057 mim
870 5009 894 5053 ¹⁶
911 5002 950 5053 Μ·
971 5027 1000 5042 ··
1038 5005 1083 5056 85.
1102 5005 1249 5070 appelleret
1266 5006 1304 5058 u.
1323 5005 1396 5056 fort.
1416 5004 1540 5054 smasom

215 5100 228 5113 ·
245 5099 256 5112 ·
273 5076 443 5142 appellarem.
463 5077 514 5129 02.
536 5103 565 5114 -
603 5079 647 5131 38.
667 5081 740 5132 Fert.
758 5083 916 5128 mutuumve.
936 5070 988 5125 Οι.
