3628 5876
607 459 681 522 tto.
704 459 757 523 lX.
800 459 859 522 ΕΡ.
881 459 932 522 2³.
954 458 1005 520 11.
1428 460 1485 522 161

167 614 306 702 depsit
325 614 424 680 multo
445 613 666 701 impudentius.
717 615 812 703 Atqui
834 623 978 680 neutrum
1000 623 1048 678 est
1070 610 1272 679 obscoenum.
1317 613 1488 682 Stultorum

165 711 262 796 plena
283 718 355 774 sunt
374 710 488 777 omnia.
540 715 679 776 Testes
701 709 832 776 verbum
855 708 1104 774 honestissimum
1125 708 1158 773 in
1179 707 1312 785 iudici03
1334 707 1397 773 alio
1419 709 1488 774 loco

166 825 234 869 non
256 803 358 870 nimis.
400 807 439 868 ht
467 803 591 870 honesti
621 803 726 870 colei
755 802 974 880 Lanuvini;
1012 801 1230 869 Cliternini
1263 821 1326 866 non
1353 801 1487 868 honesti.

167 898 280 978 Qnidt
301 899 368 985 ipsa
378 919 430 964 res
445 899 541 964 modo
552 898 696 974 honesta,
712 897 807 964 modo
819 897 929 984 turpis.
956 895 1167 982 Suppedit,
1180 894 1331 980 flagitium
1344 904 1404 961 cst:
1426 895 1499 960 iarn.

165 999 231 1060 erit
242 992 343 1058 nudus
353 993 386 1056 in
401 991 529 1066 balneo,
545 1014 608 1058 non
625 991 847 1079 reprehendes.
868 997 899 1056 5.
920 989 1024 1056 Habes
1039 991 1175 1056 scholam
1188 989 1332 1062 Stoicam,
1349 993 1366 1058 ὅ
1383 991 1512 1073 coedes

165 1087 461 1172 sdhvp’dnpovdoat.
505 1089 606 1164 Quarn
629 1087 725 1152 multa
748 1108 787 1152 ex
809 1106 874 1152 uno
888 1084 988 1151 verho
1001 1089 1073 1152 tuol
1096 1091 1140 1151 Te
1154 1083 1305 1150 adversus
1319 1104 1369 1149 nae
1383 1085 1488 1150 omnia

165 1180 288 1246 audere
310 1188 432 1265 gratum
461 1189 518 1245 est.
570 1184 638 1265 Ego
661 1201 754 1246 servo
775 1188 806 1244 et
827 1177 961 1245 servabo
983 1212 1021 1224 -
1045 1178 1090 1244 sic
1111 1177 1193 1244 enirn
1215 1177 1339 1244 assuevi
1360 1213 1400 1224 -
1421 1179 1490 1244 Pla-

165 1274 254 1340 tonis
275 1274 506 1340 verecundiam.
562 1279 669 1360 ltaque
700 1274 788 1340 tectis
810 1272 915 1339 verbis
937 1294 974 1338 ea
995 1273 1035 1339 ad
1056 1282 1086 1338 te
1108 1273 1235 1358 scripsi,
1257 1292 1337 1357 qnae
1359 1271 1490 1356 apertis-

165 1368 259 1433 simis
284 1377 379 1452 agunt
400 1369 507 1434 Stoici.
550 1367 678 1454 Sedgilli
699 1367 794 1432 ctiam
815 1367 952 1453 crepitus
974 1367 1061 1432 aiunt
1081 1386 1180 1453 aeque
1196 1365 1312 1459 liberos
1327 1385 1362 1428 ac
1381 1373 1489 1430 ructus
1571 1341 1647 1421 νίζ’

165 1481 240 1527 esse
261 1459 419 1564 oportertp
462 1465 622 1526 Honorem
644 1460 740 1546 igitur
760 1460 906 1526 Kalendis
928 1465 1018 1526 Mart.
1061 1465 1108 1525 Tu
1126 1481 1175 1525 me
1190 1459 1299 1545 diliges
1313 1468 1345 1522 ct
1360 1457 1489 1524 valebis.
1502 1481 1527 1522 ιο

608 1623 723 1686 rrur.
769 1620 822 1702 (n.
849 1622 881 1684 u.
906 1622 937 1685 c.
961 1621 1051 1702 roa.)
1394 1651 1426 1665 ι
1533 1571 1563 1622 ”

680 1735 822 1800 oceno
845 1735 985 1798 atavo.
1011 1801 1014 1810 ,

254 1857 331 1922 Heri
352 1855 425 1920 veni
445 1854 478 1920 in
501 1857 688 1930 Cumanum,
710 1874 780 1919 cras
802 1851 841 1918 ad
856 1861 886 1918 te
901 1851 1043 1918 fortasse.
1087 1851 1148 1918 Sed
1163 1873 1233 1919 cum
1249 1861 1368 1919 certum
1384 1853 1488 1926 seiam,

165 1949 281 2014 faciam
304 1958 335 2014 te
356 1948 462 2034 paullo
483 1958 554 2012 ante
575 1949 751 2014 certiorem.
804 1947 869 2013 Etsi
890 1953 931 2014 Μ.
955 1947 1138 2034 Caeparius,
1166 1967 1236 2012 eum
1258 1945 1335 2013 mihi
1357 1950 1390 2014 in
1411 1949 1488 2017 silva
1511 1957 1515 1968 ’

167 2042 338 2112 Gallinaria
361 2040 485 2109 obviam
507 2043 643 2107 venisset
664 2041 935 2128 quaesissemque,
958 2040 1033 2126 quid
1055 2061 1179 2127 ageres,
1202 2040 1281 2106 dixit
1303 2050 1332 2105 te
1354 2041 1386 2106 in
1407 2043 1527 2110 lecton

166 2158 258 2212 esse,
295 2137 379 2224 quod
402 2159 443 2202 ex
464 2135 598 2222 pedihus
620 2134 789 2201 laborares.
839 2134 909 2200 vati
930 2134 1048 2200 seilicet
1068 2136 1213 2210 moleste,
1235 2145 1271 2201 ut
1291 2136 1401 2216 debui;
1433 2139 1489 2205 sed

166 2241 274 2296 tanmn
296 2230 441 2297 constitui
464 2229 503 2295 ad
532 2241 562 2296 te
583 2229 705 2304 venire,
737 2240 772 2295 ut
793 2238 824 2295 ot
845 2227 985 2294 viderem
1009 2241 1039 2296 te
1063 2240 1094 2296 et
1115 2230 1250 2298 viserem
1273 2243 1304 2302 et
1325 2254 1489 2298 coenarem

166 2325 273 2390 etiam.
318 2329 386 2389 Non
408 2324 491 2388 enim
508 2322 648 2388 arbitror
661 2343 771 2389 cocum
793 2323 886 2388 etiam
914 2332 943 2388 te
958 2322 1152 2390 arthriticum
1167 2325 1292 2393 habere.
1339 2331 1491 2414 Exspecta

165 2418 266 2504 igitur
295 2417 448 2503 hospitem
475 2437 545 2482 cum
575 2416 701 2481 minime
724 2416 869 2490 edacem,
892 2425 957 2482 tum
981 2417 1139 2483 inimicum
1164 2420 1269 2484 coenis
1290 2424 1490 2506 sumptuosis.

616 2579 724 2640 rmv.
768 2575 816 2660 (Α.
843 2575 1038 2659 o.c.711.)
1499 2613 1527 2656 ,0

629 2691 771 2754 cronno
793 2690 922 2753 vauro
945 2690 975 2752 s,
998 2692 1036 2753 n.

256 2817 284 2879 1.
307 2811 421 2880 ltulnrn
443 2811 553 2885 istum,
583 2810 718 2894 amicum
740 2819 843 2884 tuum,
867 2808 905 2873 de
927 2829 991 2896 quo
1013 2809 1127 2877 itcmm
1149 2811 1211 2878 iarn
1233 2813 1272 2880 ad
1294 2837 1345 2880 me
1366 2815 1487 2892 scribis,

167 2907 366 2982 adiuvarem,
390 2915 538 2993 quantum
560 2925 703 2991 possem,
726 2902 818 2967 etiarn
840 2900 928 2968 siah
950 2923 988 2967 eo
1009 2903 1112 2970 laesus
1134 2926 1250 2982 essem,
1273 2929 1343 2974 cum
1358 2917 1387 2974 te
1403 2919 1488 2976 tanto

167 3024 268 3090 opere
291 2999 430 3066 viderem
452 3005 520 3064 eius
542 3019 634 3062 causa
655 2995 818 3075 laborare;
851 3017 922 3061 cum
944 3017 1021 3062 vero
1044 3007 1075 3063 et
1095 3020 1136 3064 ex
1158 3000 1219 3066 tuis
1241 3001 1352 3068 litteris
1385 3010 1416 3068 et
1447 3025 1488 3068 ex

167 3097 253 3163 illius
275 3093 315 3160 ad
337 3115 387 3159 me
401 3092 504 3159 missis
519 3090 690 3176 intelligam
712 3098 743 3155 et
764 3089 900 3156 iudicem
916 3111 1044 3176 magnae
1066 3113 1160 3158 curae
1182 3095 1212 3160 ei
1234 3094 1364 3160 salutem
1384 3109 1526 3160 meamtt

168 3190 281 3260 luisse,
304 3208 368 3252 non
388 3206 516 3272 possum
539 3184 568 3248 ei
591 3205 654 3250 non
669 3183 787 3249 amicus
802 3204 884 3262 esse;
907 3205 1009 3268 neque
1024 3185 1126 3250 solum
1142 3195 1193 3253 tua
1209 3188 1487 3265 commendatione,

168 3303 250 3369 quae
271 3279 354 3367 apud
375 3301 443 3356 me,
465 3288 501 3344 nt
522 3277 628 3352 debet,
651 3277 730 3342 valet
746 3277 928 3364 plurimum,
951 3277 1007 3342 sed
1028 3279 1122 3345 etiam
1137 3280 1294 3346 voluntate
1313 3303 1349 3347 ac
1369 3282 1488 3349 iudicio

168 3397 252 3470 meg.
297 3375 376 3442 Volo
405 3375 490 3440 enim
519 3380 549 3438 te
570 3373 668 3446 scire,
701 3373 745 3436 mi
766 3375 874 3445 Paete,
911 3369 1033 3435 initium
1055 3370 1133 3437 mihi
1155 3373 1343 3460 suspicionis
1364 3382 1396 3440 et
1417 3397 1489 3441 can-

168 3471 264 3535 tionis
286 3476 317 3533 et
340 3467 516 3552 diligentiae
544 3465 641 3531 luisse
669 3465 786 3531 litteras
809 3475 892 3542 tuas3
926 3463 1039 3552 quihus
1061 3465 1171 3532 litteris
1192 3478 1401 3554 congruentes
1422 3470 1488 3534 lue-

168 3572 244 3630 runt
263 3563 343 3628 aliae
364 3572 471 3648 postea
493 3560 674 3626 multorum.
717 3565 792 3625 Nam
815 3567 846 3623 et
866 3558 979 3645 Aquini
1002 3567 1033 3624 et
1053 3559 1251 3627 Fabrateriae
1272 3562 1400 3629 consilia
1416 3575 1525 3630 sunto

169 3658 245 3724 inita
267 3656 307 3722 de
328 3678 394 3732 me,
424 3676 504 3741 quae
533 3663 563 3719 te
590 3653 683 3720 video
711 3653 886 3731 inaudisse;
921 3661 966 3724 et,
1000 3653 1089 3738 quasi
1112 3653 1302 3732 divinarent,
1334 3678 1426 3743 quam
1449 3655 1496 3722 iis*

167 3751 319 3818 molestus
348 3769 449 3815 essem
481 3748 621 3823 loturus,
656 3747 730 3812 oihil
759 3745 842 3812 aliud
870 3755 1017 3832 egerunt,
1054 3746 1113 3811 nisi
1136 3769 1185 3813 me
1206 3759 1241 3814 ut
1263 3751 1487 3838 opprimerent.

169 3844 263 3924 Quod
297 3866 357 3932 ego
379 3865 441 3910 non
463 3843 622 3930 suspicans
644 3841 797 3907 incautior
823 3839 967 3914 fuissem,
1001 3839 1060 3906 nisi
1083 3862 1101 3905 a
1123 3851 1153 3906 te
1175 3841 1351 3910 admonitus
1373 3849 1491 3911 essem.¹

169 3938 382 4018 Quamobrem
404 3939 463 4004 iste
485 3947 556 4003 tuns
577 3934 696 4002 amicus
717 3933 799 4067 apud
818 3955 868 3998 me
882 3933 1151 4000 commendatione
1166 3957 1228 4002 non
1243 3948 1323 4023 eget.
1345 3938 1485 4016 (Utinam

169 4055 204 4116 ea
235 4033 359 4099 lortuna
381 4031 429 4097 rei
450 4030 594 4118 publicae
615 4030 669 4106 sit,
700 4028 808 4118 utjille
829 4048 879 4091 me
902 4049 994 4113 quam
1019 4027 1230 4112 gratissimum
1251 4032 1350 4117 possit
1371 4045 1523 4117 cogno-³⁵
1566 4103 1579 4122 ,

168 4131 272 4192 scerel
308 4125 369 4192 Sed
390 4124 468 4190 haec
489 4123 647 4190 hactenus.
690 4125 720 4187 2.
742 4128 785 4188 Te
807 4121 846 4187 ad
868 4142 981 4186 coenas
1006 4121 1085 4186 itare
1107 4121 1224 4188 desisse
1246 4125 1376 4190 moleste
1397 4126 1484 4202 lero;

170 4242 279 4306 magna
309 4219 391 4285 enim
424 4229 454 4284 te
476 4217 681 4285 delectatione
703 4224 734 4281 et
754 4216 912 4301 voluptate
933 4215 1072 4301 privasti.
1116 4215 1234 4282 Deinde
1257 4219 1348 4282 etiam
1370 4239 1485 4284 vereor

169 4351 209 4361 -
238 4315 311 4381 licet
336 4314 419 4380 enirn
447 4335 557 4379 verum
586 4311 692 4378 dicere
724 4348 782 4385 -‚
815 4329 854 4372 ne
886 4308 992 4374 nescio
1014 4307 1090 4396 quid
1111 4309 1203 4386 illud,
1236 4313 1322 4398 quod
1343 4311 1484 4386 solebas,
1565 4375 1568 4382 ,

169 4405 311 4474 dediscas
347 4418 379 4472 et
410 4405 613 4479 obliviscare,
636 4402 783 4470 coenulas
811 4401 923 4468 lacere.
973 4407 1050 4468 Nam
1071 4402 1097 4468 si
1120 4411 1200 4480 tum,
1231 4425 1303 4470 eum
1330 4404 1483 4480 habebas,

169 4523 248 4588 quos
269 4500 445 4574 imitarere,
468 4521 531 4565 non
552 4497 683 4563 multum
704 4495 906 4582 proficiebas,
929 4495 1005 4583 quid
1026 4519 1108 4562 nunc
1130 4505 1161 4562 te
1181 4497 1334 4564 facturum
1357 4501 1523 4586 putente

170 4594 324 4679 Spurinna
345 4593 487 4680 quidem,
510 4614 581 4659 cum
603 4597 631 4656 ei
653 4612 721 4656 rem
743 4590 1004 4656 demonstrassem
1026 4600 1057 4654 et
1070 4590 1165 4656 vitam
1183 4599 1267 4656 tuam
1288 4592 1483 4675 superiorem

169 4688 393 4772 exposuissem,
408 4707 554 4772 magnum
569 4685 742 4772 periculum
753 4703 892 4749 summae
907 4683 954 4747 rei
968 4681 1108 4770 publicae
1120 4682 1359 4760 demonstrabat,
1377 4685 1436 4750 nisi
1444 4684 1483 4750 ad

239 4888 264 4937 1.
284 4888 394 4950 dernpsit
411 4886 449 4937 ld.
473 4912 502 4923 —
527 4885 671 4936 Stultorum
687 4886 724 4948 pt.
742 4897 764 4933 t.
785 4885 873 4932 omntn
891 4882 1001 4932 seclusit
1020 4883 1050 4932 E.
1072 4907 1102 4918 -
1136 4883 1161 4932 3.
1182 4885 1242 4933 rolli
1260 4885 1297 4936 hl.
1316 4911 1348 4920 -
1377 4886 1404 4936 d.
1423 4900 1483 4950 vop·

169 4959 259 5018 pendet
284 4957 319 5006 hl.
352 4980 382 4992 -·
420 4956 444 5006 6.
475 4952 669 5023 ειῖῖιιρρήμων
687 4971 747 5006 aori
766 4955 804 5005 bt.
838 4977 868 4988 -
906 4955 947 5004 ll.
974 4955 1116 5014 Caeparius
1139 4954 1194 5003 Vh:
1224 4955 1346 5018 Cepcries
1364 4957 1423 5007 ult.
1451 4981 1481 4994 -

170 5026 211 5075 dt.
232 5029 263 5074 ιἰἰ
282 5027 376 5076 Drosd.
397 5027 552 5076 secundus:
572 5029 612 5076 tn't
630 5027 688 5078 ΜΕ.
710 5051 737 5064 ·-
765 5025 808 5075 tt.
828 5025 1048 5074 commendatione
1065 5039 1118 5072 aron
1136 5035 1188 5088 eget
1209 5027 1254 5074 m:
1274 5040 1327 5075 non
1345 5035 1398 5093 eget
1417 5041 1483 5077 corn·

169 5099 333 5146 associatione
350 5092 434 5148 E.'—-
468 5097 513 5147 st.
532 5111 573 5146 mo
589 5095 677 5161 qoem]
696 5109 779 5146 meum
798 5094 835 5145 hl.
855 5121 884 5132 -
923 5095 967 5144 dt).
986 5096 1104 5157 futurem
1123 5095 1240 5145 recalebat
1259 5096 1405 5148 Ernestius.

249 5205 322 5245 mean
337 5205 358 5243 r.
375 5207 408 5244 m.
1278 5176 1312 5238 ll
