3662 5908
752 442 1027 507 amsuchanuu
1048 444 1100 506 AI)
1122 443 1213 506 ΒΑΜ.

766 603 889 665 snm.
933 597 982 682 (a,
1008 603 1040 664 u.
1063 603 1094 664 a.
1118 601 1203 682 ros.)

637 725 679 788 Μ.
702 722 845 788 CICERO
868 725 901 785 P.
924 723 1107 786 SERVILIO
1128 723 1268 786 PROPR.
1291 723 1322 786 S.
1430 735 1434 744 '

405 834 774 924 summissiones
804 833 979 906 Ciliciensi,
1011 833 1061 897 cui
1094 833 1153 898 scis
1185 849 1266 918 τρεῖς
1295 836 1470 914 διοικήσεις
1496 836 1646 903 Asiaticas

319 934 485 1001 attributas
504 930 619 1002 luisse,
651 927 737 993 nullo
763 949 831 992 sum
857 927 1042 993 familiarius
1062 947 1137 992 usus
1166 949 1259 1013 qnam
1282 927 1444 1001 Androne,
1467 932 1645 996 Artemonis

297 1027 404 1104 ofilio,
427 1023 624 1096 Laodicensi,
646 1042 781 1107 eumque
803 1020 899 1086 habui
920 1020 953 1084 in
975 1041 1011 1084 ea
1033 1020 1159 1084 civitate
1181 1041 1252 1086 curn
1275 1021 1447 1108 hospitem,
1470 1031 1535 1088 tum
1551 1025 1647 1090 sehe-

320 1105 441 1186 menter
461 1119 499 1184 ad
522 1137 610 1182 meae
632 1116 714 1181 vitae
736 1115 890 1180 rationem
912 1126 943 1180 et
964 1115 1220 1180 consuetudinem
1239 1114 1527 1196 accommodatum
1550 1139 1644 1205 quem

320 1214 445 1299 quidem
475 1213 574 1277 multo
603 1209 696 1274 etiam
725 1209 824 1294 pluris
845 1217 970 1295 postea,
1007 1229 1101 1294 quam
1120 1207 1255 1280 decessi,
1289 1207 1393 1273 lacere
1414 1209 1520 1296 coepi,
1559 1211 1644 1298 quod

319 1309 425 1374 multis
447 1306 542 1372 rebus
565 1312 714 1388 expertus
744 1323 813 1368 sum
835 1314 958 1386 gratnm
981 1301 1139 1366 hominem
1162 1301 1288 1387 meique
1311 1323 1494 1369 memorem.
1536 1309 1645 1392 Itaque

320 1424 393 1468 eum
422 1408 538 1474 Romae
571 1394 786 1462 lubentissime
809 1395 883 1460 vidi.
926 1399 994 1458 Non
1016 1404 1046 1458 te
1068 1395 1150 1459 enim
1173 1395 1267 1480 sugit,
1291 1396 1344 1481 qui
1367 1395 1511 1483 plurimis
1532 1397 1564 1463 in
1585 1401 1644 1464 ista

285 1495 480 1582 roprovincia
508 1491 643 1576 benigne
671 1489 789 1563 fecisti,
826 1510 920 1576 quam
948 1489 1037 1553 multi
1058 1488 1139 1573 grati
1160 1488 1368 1574 reperiantur.
1411 1494 1442 1554 2.
1464 1494 1548 1557 Ilaec
1569 1513 1643 1578 pro-

319 1600 427 1676 pterea
449 1586 577 1672 scripsi,
614 1593 648 1649 ut
670 1592 701 1646 ct
722 1604 772 1647 me
794 1603 857 1647 non
880 1583 946 1646 sine
976 1603 1069 1647 causa
1090 1581 1235 1647 laborare
1257 1583 1448 1669 intelligeres
1470 1593 1501 1649 et
1522 1585 1644 1670 tuipse

319 1706 392 1750 eum
414 1683 542 1768 dignum
565 1677 702 1764 hospitio
724 1685 779 1742 tuo
802 1676 968 1741 iudicares.
1011 1676 1134 1740 Feceris
1156 1675 1252 1760 igitur
1272 1677 1349 1742 mihi
1370 1677 1594 1763 gratissimum,
1617 1683 1644 1743 si

318 1779 348 1842 ei
370 1775 559 1846 declararis,
582 1769 691 1858 quenti
713 1791 764 1834 me
785 1770 900 1844 socias,
923 1769 957 1835 id
978 1779 1042 1833 est.
1067 1771 1093 1833 si
1115 1771 1273 1856 receperis
1295 1790 1367 1835 eum
1390 1771 1423 1836 in
1444 1771 1536 1836 Iidem
1559 1781 1643 1837 tuam

319 1883 365 1947 et,
388 1870 627 1959 quibuscunque
649 1862 745 1928 rebus
767 1862 897 1928 honeste
919 1884 955 1927 ac
977 1862 1043 1928 sine
1065 1863 1207 1928 molestia
1230 1874 1281 1928 tua
1304 1864 1438 1950 poteris,
1477 1863 1643 1930 adiuveris.

283 1990 310 2030 ιι
319 1969 387 2032 Hoc
418 1963 495 2029 mihi
527 1959 588 2024 erit
618 1957 822 2023 vehementer
854 1965 996 2043 gratum,
1030 1955 1125 2042 idque
1153 1965 1189 2022 ut
1215 1955 1328 2030 iacias,
1358 1965 1390 2021 te
1422 1958 1515 2022 etiam
1551 1969 1644 2046 atque

318 2058 413 2123 etiam
435 2077 526 2142 rogo.

753 2193 892 2256 erun.
936 2191 989 2272 (A.
1015 2193 1047 2256 u.
1070 2194 1102 2257 c.
1124 2193 1214 2274 ms.)

319 2324 359 2384 hl.
388 2319 550 2384 TULLIUS
580 2316 723 2382 CICERO
751 2317 785 2378 P.
819 2315 1003 2378 SERVILIO
1033 2314 1214 2379 ISAURICO
1241 2314 1407 2380 PROCOS.
1435 2316 1643 2382 COLLEGAE

813 2461 820 2474 .
849 2419 880 2480 S.
902 2419 1115 2481 PLURIMAM.

281 2564 309 2600 ιι
405 2537 433 2598 1.
458 2535 570 2598 Graiae
593 2527 670 2594 mihi
691 2527 893 2592 vehementer
914 2537 986 2592 tuae
1009 2527 1129 2593 litterae
1152 2527 1294 2606 luerunt;
1317 2547 1357 2592 ex
1379 2527 1494 2614 quibus
1509 2529 1642 2614 cognovi

319 2647 430 2693 cursus
451 2621 683 2708 navIgationum
701 2630 835 2685 tuarum.
879 2619 1080 2704 significabas
1102 2623 1184 2688 enim
1208 2623 1391 2688 memoriam
1412 2632 1496 2687 tuam
1518 2631 1642 2688 nostrae

318 2718 570 2787 necessitudinis,
605 2736 666 2802 qua
695 2713 770 2778 mihi
801 2714 876 2779 nihil
902 2725 1026 2801 poterat
1048 2737 1116 2781 esse
1138 2717 1314 2783 iucundius.
1371 2716 1463 2794 Quod
1485 2717 1641 2803 reliquum

318 2825 381 2891 est,
403 2814 503 2879 multo
525 2815 618 2876 etiam
640 2809 702 2874 erit
722 2808 856 2893 gratius,
885 2810 912 2874 si
934 2809 973 2873 ad
996 2811 1107 2876 mede
1129 2811 1326 2898 republica,
1359 2809 1391 2874 id
1414 2818 1477 2884 est,
1501 2810 1540 2874 de
1562 2819 1642 2875 statu

317 2907 514 2996 provinciae,
552 2904 592 2969 de
620 2902 769 2968 institutis
797 2902 857 2967 tuis
886 2902 1082 2969 familiariter
1106 2903 1235 2970 scribes.
1280 2907 1367 2983 Quae
1393 2924 1580 2992 quamquam
1602 2925 1642 2969 ex

279 3004 423 3070 simultis
442 3021 500 3090 pro
520 3010 573 3065 tua
594 2996 734 3062 claritate
749 2995 887 3070 audiam,
911 3006 1013 3062 tamen
1029 2998 1243 3065 lubentissime
1263 3020 1302 3064 ex
1323 2999 1383 3064 tuis
1399 2998 1510 3063 litteris
1528 3017 1643 3082 cogno-

317 3118 410 3162 scam.
454 3099 485 3160 ·2.
520 3098 587 3178 Ego
613 3089 652 3156 ad
674 3100 725 3164 te,
762 3089 801 3154 dc
828 3111 864 3154 re
889 3090 1013 3177 publica
1036 3113 1155 3158 summa
1189 3090 1264 3179 quid
1286 3093 1431 3165 sentiam,
1464 3112 1527 3156 non
1550 3111 1642 3177 saepe

186 3253 189 3271 ,
317 3189 452 3256 scribam
478 3196 608 3275 propter
640 3183 815 3271 periculum
850 3185 1006 3250 eiusmodi
1032 3185 1217 3252 litteramm.
1277 3185 1359 3264 Quid
1385 3192 1496 3270 agatur
1517 3193 1641 3258 autem,

174 3357 180 3368 ,
317 3284 450 3350 scribam
471 3280 606 3366 saepius.
666 3281 801 3364 sperare
823 3287 925 3343 tamen
942 3280 1073 3353 videor,
1097 3280 1238 3354 Caesari,
1261 3279 1399 3372 collegae
1425 3287 1549 3352 nostro,
1572 3278 1642 3344 iore

318 3397 411 3442 curce
434 3385 466 3441 ct
486 3395 572 3447 esse,
594 3382 628 3438 ut
645 3371 816 3437 habeamus
838 3373 973 3457 aliquam
991 3395 1058 3438 rem
1077 3373 1251 3460 publicam;
1273 3373 1361 3438 cuius
1380 3374 1516 3438 consiliis
1538 3374 1641 3458 magni

279 3469 476 3536 airelcrebat
497 3479 527 3533 te
549 3468 712 3533 interesse.
758 3467 835 3538 Sed,
859 3466 886 3530 si
909 3466 965 3531 tibi
987 3467 1094 3532 utilius
1116 3477 1183 3541 est,
1206 3466 1239 3532 id
1262 3478 1322 3541 est,
1345 3467 1528 3552 gloriosius,
1551 3468 1642 3533 Asiae

316 3585 463 3651 praeesse
485 3571 517 3626 et
537 3561 627 3625 istam
649 3569 768 3647 partem
791 3560 1004 3645 reipublicae
1027 3562 1106 3626 male
1129 3561 1269 3627 effectam
1292 3561 1392 3635 tueri,
1416 3559 1493 3627 mihi
1515 3581 1642 3646 quoque

317 3655 418 3731 idem,
453 3652 540 3742 quod
575 3653 632 3719 tihi
659 3663 691 3718 et
719 3653 801 3719 laudi
837 3662 908 3717 tuae
941 3655 1141 3741 prolaturum
1175 3663 1241 3729 est,
1275 3655 1410 3741 optatius
1439 3654 1532 3720 debet
1563 3675 1641 3718 esse.

211 3770 221 3788 .
317 3755 347 3814 3.
370 3755 452 3835 Ego,
489 3767 570 3835 quae
603 3747 641 3812 ad
670 3759 754 3814 tuam
777 3745 957 3831 dignitatem
986 3745 1145 3835 pertinere
1166 3747 1360 3822 arbitrabor,
1394 3769 1518 3830 summo
1539 3748 1642 3813 studio

201 3834 208 3844 ’
318 3841 540 3928 diligentiaque
562 3840 697 3915 curabo,
720 3840 946 3926 inprimisque
968 3842 1082 3908 tuebor
1110 3847 1194 3908 omni
1217 3841 1415 3907 observantia
1436 3842 1641 3907 clarissimum

202 3935 220 4014 ,”
280 3938 437 4011 sevirum,
460 3946 581 4023 patrem
603 3945 709 4010 tuum;
739 3933 823 4019 quod
847 3943 878 3998 ct
899 3956 958 4021 pro
981 3947 1135 4001 vetustate
1157 3935 1394 4001 necessitudinis
1415 3945 1447 4001 et
1468 3957 1526 4022 pro
1548 3933 1644 4000 bene·

202 4025 208 4034 ’
319 4031 395 4096 liciis
417 4029 530 4096 vestris
552 4039 583 4094 et
604 4048 664 4115 pro
685 4027 834 4113 dignitate
856 4028 955 4113 ipsius
978 4029 1082 4095 lacere
1104 4029 1216 4096 debeo.

770 4170 878 4232 urin.
922 4169 971 4254 (a,
997 4173 1029 4237 u.
1052 4174 1084 4236 a.
1106 4169 1191 4256 ros.)

517 4293 661 4365 CICERO
683 4294 716 4356 P.
739 4292 922 4356 SERVILIO
946 4293 1154 4358 COLLEGAE
1176 4297 1207 4358 S.
1228 4296 1442 4360 PLURIMAM.

404 4410 431 4470 1.
465 4408 497 4473 C.
530 4395 656 4470 Cdrtius
686 4401 815 4467 Mithres
842 4411 889 4467 cst
917 4403 969 4468 ille
994 4403 1136 4488 quidem,
1158 4405 1291 4479 atacis,
1324 4403 1455 4469 libertus
1476 4405 1641 4476 PostumIi,

204 4489 223 4578 ,⁴
279 4513 306 4582 ι’.
315 4498 551 4570 familiarissimi
580 4497 659 4574 mei;
696 4496 751 4561 sed
777 4518 826 4562 me
853 4497 926 4562 colit
950 4507 981 4562 et
1003 4497 1150 4563 observat
1178 4519 1277 4584 aeque
1306 4507 1399 4585 atque
1432 4499 1518 4564 illum
1541 4500 1642 4586 ipsum

317 4605 484 4680 patronum
506 4613 609 4657 suum.
652 4590 742 4676 Apud
765 4613 835 4656 enm
860 4611 919 4676 ego
942 4592 986 4656 sic
1007 4591 1122 4678 Ephesi
1147 4593 1210 4666 l'ui,
1233 4592 1479 4679 quotiescunque
1495 4592 1551 4668 lui,
1568 4603 1644 4658 taru-

316 4708 409 4774 quam
427 4684 514 4752 domi
537 4705 644 4760 meae;
667 4684 826 4770 multaque
847 4684 1043 4760 acciderunt,
1065 4686 1096 4750 in
1118 4685 1232 4772 quibus
1257 4696 1288 4751 et
1308 4685 1556 4752 benevolentiam
1575 4688 1643 4752 eius

316 4801 391 4866 erga
414 4801 465 4846 me
493 4777 660 4863 experirer
690 4787 722 4842 et
743 4775 845 4842 Iidem.
889 4783 998 4866 ltaque
1021 4779 1046 4844 si
1069 4780 1145 4865 quid
1167 4789 1220 4846 ant
1240 4779 1317 4845 mihi
1339 4790 1392 4846 aut
1413 4801 1557 4846 meorum
1579 4778 1644 4846 crsi-

386 5029 428 5078 ss.
461 5023 615 5089 euml-dum
646 5027 684 5078 Μ.
713 5049 743 5060 ·-
782 5027 825 5077 11.
855 5029 973 5089 potueris
991 5029 1109 5078 malebat
1127 5027 1329 5079 Ernestlus.-
1366 5027 1409 5078 eo.
1429 5041 1458 5080 re
1473 5027 1578 5092 publico
1595 5027 1623 5077 bl
1634 5041 1641 5076 r

315 5099 472 5162 rolpudls'coa
491 5096 522 5147 E.
543 5121 577 5131 -
612 5098 656 5148 39.
677 5095 758 5148 Gaius
778 5096 885 5148 Curtius
903 5098 940 5149 II.
960 5123 993 5132 -
1031 5097 1158 5149 Postumii
1174 5099 1219 5148 N:
1239 5098 1355 5149 Postumi
1372 5097 1430 5150 tls.
1598 5101 1602 5119 '
