3666 5874
131 1963 177 2019 θ’.

290 363 333 428 24
657 363 661 372 ’
721 357 996 422 EPlSTOLAllUM
1017 360 1069 422 nl)
1092 359 1183 422 ΕΔΜ.

289 520 363 586 bilia
386 541 449 586 non
472 536 614 606 possem,
645 537 717 583 cum
737 515 922 603 praesertim
943 515 1135 580 conliderem
1168 514 1284 580 nullam
1302 535 1371 582 esse
1394 519 1524 603 gratiam
1546 529 1611 586 tao·

289 632 367 698 tam,
405 644 498 710 quam
526 643 589 686 non
613 622 661 687 vel
683 641 795 706 capere
817 619 937 684 animus
959 639 1048 684 meus
1077 618 1109 683 in
1132 618 1314 704 accipiendo
1339 620 1388 686 vel
1413 621 1446 686 in
1467 642 1613 688 remune-

289 717 388 784 rando
404 716 563 783 cumulare
584 724 677 802 atque
690 714 847 779 illustrare
864 721 980 799 posset.
1015 717 1045 778 3.
1068 715 1134 797 Ego
1150 713 1255 777 omnia
1268 734 1338 778 mee
1353 716 1463 790 studia,
1487 738 1613 786 omnem

289 833 436 899 operam,
466 831 589 884 curam,
620 808 820 879 industriam,
851 806 1088 916 cogitationem,
1118 817 1253 872 mentem
1278 807 1413 896 denique
1431 831 1557 876 omnem
1579 814 1612 879 in

266 905 412 978 sMilonis
434 905 596 970 consulatu
617 903 672 968 lixi
694 912 725 968 et
745 901 845 970 locavi
865 900 1048 987 statuique'
1039 921 1071 964 m
1088 919 1127 964 eo
1151 921 1202 965 me
1225 923 1289 967 uon
1312 904 1406 968 ollicii
1424 906 1525 971 solum
1547 906 1613 973 lru·

289 1010 373 1065 otum
396 998 563 1064 sedetiam
587 997 711 1085 pietatis
732 996 856 1061 laudem
879 993 996 1060 debere
1020 1015 1184 1080 quaerere.
1238 1001 1345 1084 Neque
1367 1019 1445 1064 vcro
1466 1001 1612 1088 cuiquam

289 1095 419 1158 salutem
441 1113 477 1158 ac
495 1093 636 1158 fortunas
655 1112 727 1157 suas
749 1099 851 1155 tantae
872 1109 965 1152 curae
988 1087 1085 1153 luisse
1109 1110 1246 1176 unquam
1267 1099 1360 1176 puto,
1385 1103 1518 1180 quantae
1535 1096 1612 1162 mibi

289 1188 329 1254 sit
349 1188 450 1253 bonos
477 1187 562 1259 eius,
599 1185 631 1250 in
653 1205 717 1272 quo
736 1185 840 1250 omnia
865 1204 934 1248 mea
955 1183 1056 1268 posita
1078 1205 1147 1248 esse
1171 1184 1307 1250 decrevi.
1357 1187 1439 1253 Huic
1463 1197 1492 1252 te
1513 1211 1611 1254 unum

289 1291 374 1346 tanto
396 1280 576 1346 adiumento
593 1299 675 1352 esse,
699 1277 726 1342 si
748 1277 902 1350 volueris,
925 1297 1019 1362 posse
1044 1277 1207 1362 intelligo,
1230 1286 1265 1344 ut
1287 1277 1364 1356 uibil
1386 1279 1427 1346 sit
1449 1293 1612 1369 praeterea

256 1374 380 1450 ...nobis
401 1372 636 1462 requirendum.
692 1371 850 1438 Habemus
872 1369 1086 1435 haecomnia:
1120 1369 1278 1436 bonorum
1300 1371 1438 1438 studium
1466 1377 1612 1442 concilia·

289 1479 356 1535 tam
388 1491 429 1534 ex
461 1468 620 1534 tribunatu
648 1475 778 1554 propter
809 1473 969 1535 nostram,
1004 1471 1038 1527 ut
1063 1483 1157 1550 spero
1186 1473 1217 1528 tc
1246 1455 1438 1549 intelligere,
1471 1489 1612 1547 causam;

289 1561 374 1648 vulgi
396 1582 432 1627 ac
462 1561 667 1628 multitudinis
696 1568 827 1646 propter
857 1555 1115 1642 magnificentiam
1144 1578 1310 1623 munerum
1331 1557 1613 1670 liberalitatemque

287 1665 435 1732 naturae;
472 1655 640 1722 iuventutis
667 1663 698 1720 et
724 1653 934 1738 gratiosorum
964 1651 998 1717 in
1031 1653 1188 1738 sullragiis
1217 1652 1318 1719 studia
1351 1661 1482 1740 propter
1514 1655 1635 1739 ipsius·

289 1750 493 1815 excellentem
515 1749 547 1813 in
569 1769 609 1814 eo
632 1769 747 1834 genere
765 1748 815 1813 vel
837 1747 968 1833 gratiam
991 1747 1040 1812 vel
1067 1746 1274 1856 diligentiam;
1298 1756 1436 1813 nostram
1463 1747 1612 1832 suffraga-

255 1878 280 1916 ιι
290 1844 427 1916 tionem
450 1843 478 1907 si
498 1841 599 1908 minus
615 1851 790 1930 potentem,
813 1850 844 1906 at
865 1839 1030 1928 probatam
1052 1848 1156 1906 tamen
1178 1849 1209 1905 et
1231 1841 1344 1907 iustam
1366 1852 1398 1907 et
1421 1841 1557 1908 debitam
1582 1851 1613 1908 et

289 1947 456 2024 propteroa
477 1937 610 2003 loclesse
633 1937 726 2002 ctiam
748 1935 926 2021 gratiosam.
968 1939 999 2000 d.
1017 1931 1093 2034 ltux
1114 1933 1206 2000 nobis
1228 1943 1259 2000 ct
1280 1944 1390 2001 auctor
1412 1957 1556 2046 ⁰‚P¹¹⁸...
1513 1946 1560 2000 est
1581 1945 1612 2001 et

289 2053 400 2098 eorum
423 2042 604 2106 tentorum,
634 2052 714 2118 quos
735 2029 905 2117 proposui,
940 2028 1123 2094 moderator
1144 2028 1271 2115 quidam
1293 2037 1324 2094 et
1346 2031 1434 2116 quasi
1457 2029 1612 2114 guberna·

288 2109 358 2190 tor·
347 2125 432 2212 qui
455 2125 480 2190 si
503 2146 544 2190 ex
565 2123 711 2191 omnibus
732 2144 814 2188 unus
836 2121 989 2210 optandus
1012 2131 1109 2197 essct,
1132 2142 1227 2208 quem
1249 2130 1351 2187 tecum
1373 2122 1517 2188 conferre
1539 2145 1612 2211 pos

288 2239 409 2292 semus,
443 2239 506 2283 non
528 2217 725 2283 haberemus.
770 2214 998 2293 Quamobrem,
1036 2215 1062 2279 si
1085 2235 1135 2279 mc
1157 2236 1345 2288 memorem,
1372 2217 1399 2281 si
1421 2227 1562 2303 gratum,
1585 2219 1611 2282 si

251 2311 407 2387 ‚ebenum
428 2312 531 2376 virum
553 2310 603 2376 vel
625 2332 665 2376 ex
687 2308 778 2374 boc
768 2330 854 2396 rpso,
877 2309 963 2394 quod
981 2316 1043 2372 tam
1057 2306 1259 2374 vehementer
1273 2309 1312 2374 de
1326 2310 1442 2376 Milone
1457 2309 1608 2384 laborem,

289 2405 470 2471 existimare
491 2412 601 2492 potos;
629 2403 654 2469 si
677 2403 806 2489 dignum
836 2402 971 2488 denique
1003 2401 1065 2466 tuis
1087 2400 1247 2468 beneficiis
1275 2402 1411 2469 iudicas:
1446 2402 1506 2470 boc
1534 2427 1552 2470 a
1580 2414 1612 2470 te

288 2506 382 2585 peto,
409 2508 444 2563 ut
473 2497 639 2564 subvenias
662 2496 736 2562 buic
769 2517 858 2561 meae
887 2495 1088 2562 sollicitudini
1118 2505 1149 2561 ct
1179 2496 1252 2561 buio
1278 2517 1366 2562 meae
1391 2497 1475 2563 laudi
1499 2499 1550 2564 vel
1571 2531 1611 2543 -

289 2600 324 2658 ut
343 2591 449 2658 verius
471 2591 635 2656 dicam—
657 2611 757 2678 prope
783 2589 875 2655 saluti
897 2597 984 2656 tuum
1008 2589 1146 2654 studium
1168 2590 1262 2657 dices.
1305 2594 1352 2657 De
1368 2591 1491 2678 ipsoT.
1511 2591 1612 2656 Annio

289 2695 407 2752 tantum
430 2685 487 2751 tibi
506 2683 660 2794 polliceor
673 2693 705 2749 te
721 2683 848 2749 maioris
871 2683 976 2759 animi,
992 2683 1171 2769 gravitatis,
1194 2685 1400 2762 constantiae,
1423 2684 1611 2751 benevolen-

252 2781 350 2852 sstiae
372 2799 446 2864 erga
474 2789 519 2852 te,
542 2779 569 2844 si
593 2778 758 2865 complecti
781 2777 941 2842 bominem
965 2777 1121 2854 volueris,
1151 2776 1330 2844 habiturum
1356 2801 1424 2845 esse
1445 2781 1611 2844 neminem.

289 2871 365 2938 Mihi
389 2893 466 2938 vcro
492 2880 611 2936 tantum
636 2871 778 2947 decoris,
812 2879 931 2936 tantum
953 2871 1110 2956 dignitatis
1142 2872 1340 2950 adiunxeris,
1368 2883 1403 2939 ut
1426 2873 1561 2939 eundem
1581 2881 1612 2938 te

288 2963 378 3032 facile
403 2986 569 3051 agnoscam
591 2964 688 3031 fuisse
715 2965 748 3030 iu
772 2963 865 3031 laude
888 2985 971 3040 mea,
995 2963 1049 3054 qui
1074 2964 1173 3030 lucris
1192 2965 1225 3030 io
1253 2966 1362 3032 saluto.
1416 2971 1446 3032 5.
1468 2964 1610 3051 Ego,ni

289 3070 319 3126 te
348 3059 457 3125 videre
491 3059 620 3134 scirem,
653 3081 724 3126 cum
754 3057 794 3124 ad
820 3066 851 3123 te
879 3057 1066 3135 scriberem,
1099 3067 1248 3146 qnantum
1282 3059 1376 3126 ollrcii
1405 3059 1610 3134 sustinerem,

289 3164 405 3242 quanto
428 3175 525 3241 opere
551 3154 628 3219 mibi
652 3161 735 3219 esset
755 3153 789 3218 in
812 3152 870 3217 bac
890 3152 1041 3239 petitione
1063 3152 1188 3218 Milonis
1211 3153 1297 3218 omni
1326 3174 1389 3219 non
1415 3152 1510 3218 modo
1538 3173 1611 3217 con·

252 3249 442 3324 attentione,
479 3248 534 3314 sed
561 3249 655 3313 ctiam
681 3247 880 3313 dimicatione
902 3244 1142 3320 elaborandum,
1175 3246 1266 3333 plura
1286 3246 1469 3312 scriberem.
1525 3251 1612 3314 Nunc

289 3339 346 3407 tibi
371 3363 496 3407 ornnem
525 3363 592 3406 rem
626 3350 720 3429 atquc
747 3361 871 3406 causam
901 3359 1013 3425 meque
1041 3347 1142 3404 totum
1171 3340 1356 3406 commendo
1385 3349 1478 3428 atque
1510 3341 1610 3406 trado.

290 3439 389 3502 Unum
408 3434 469 3500 boc
489 3435 535 3500 sic
559 3434 693 3500 habeto:
723 3435 750 3500 si
771 3455 789 3499 a
811 3441 841 3498 tc
862 3433 941 3498 banc
961 3454 1030 3497 rem
1053 3431 1239 3519 impetrare,
1269 3455 1320 3499 me
1342 3455 1441 3521 paene
1463 3434 1533 3520 plus
1554 3433 1611 3500 tibi

290 3550 383 3616 quam
406 3528 466 3614 ipsi
488 3529 596 3594 Miloni
616 3527 816 3606 debiturum
853 3525 1021 3604 nonenim
1038 3525 1114 3590 mibi
1136 3535 1199 3590 tam
1224 3547 1295 3592 mea
1320 3527 1402 3594 salus
1431 3550 1504 3594 cara
1533 3527 1610 3602 luit,

289 3623 322 3688 in
337 3643 398 3709 qua
418 3621 587 3708 praecipue
607 3643 676 3687 sum
691 3621 730 3687 ab
748 3621 803 3686 illo
825 3618 967 3694 adiutus,
990 3641 1084 3706 quam
1098 3619 1197 3704 pietas
1213 3621 1273 3686 erit
1289 3621 1321 3687 iu
1337 3621 1502 3688 relereuda
1513 3623 1610 3708 gratia

253 3713 434 3788 „iucunda
477 3719 553 3781 Earn
575 3723 679 3783 autem
699 3715 792 3780 unius
813 3721 869 3779 tuo
891 3709 994 3778 studio
1016 3733 1067 3776 me
1088 3709 1212 3799 assequi
1234 3735 1327 3800 posse
1348 3716 1482 3782 conlido.

765 3857 828 3920 ru.
872 3851 920 3936 (A.
947 3855 980 3918 u.
1003 3855 1034 3919 c.
1058 3851 1143 3937 roa.)

475 3971 516 4034 n.
539 3971 681 4035 cronno
703 3969 869 4034 rnocos
892 3967 923 4030 s.
944 3970 982 4030 o.
1005 3969 1038 4031 o.
1061 3967 1221 4032 comem
1242 3972 1342 4034 ram.
1364 3973 1423 4033 ιι.

378 4085 405 4146 1.
427 4085 505 4145 Sora
526 4079 692 4165 gratulatio
724 4077 914 4166 reprebendi
938 4097 1001 4142 non
1022 4079 1117 4155 solet,
1144 4081 1330 4169 pracsertim
1356 4079 1383 4145 si
1406 4081 1489 4146 nulla
1513 4081 1610 4166 negli-

290 4175 393 4262 gentia
424 4173 646 4261 praetermissa
672 4181 739 4238 est:
772 4173 865 4258 longe
890 4172 972 4236 enim
1002 4171 1130 4249 absum,
1158 4175 1252 4240 audio
1275 4195 1357 4240 sero.
1415 4175 1478 4240 Sed
1500 4174 1555 4240 tibi
1580 4183 1612 4240 et

253 4303 280 4342 ιο
290 4269 431 4356 gratulor
445 4279 495 4344 et,
517 4277 552 4334 ut
566 4267 772 4354 sempiternae
792 4265 875 4332 laudi
886 4264 943 4330 tibi
956 4267 996 4331 sit
1012 4267 1070 4332 iste
1089 4267 1272 4344 tribunatus,
1295 4277 1412 4356 exopto
1428 4279 1520 4355 teque
1536 4267 1610 4332 bor·

289 4372 357 4438 tor,
379 4372 415 4428 ut
435 4361 541 4428 omnia
561 4361 716 4448 gubernes
733 4368 764 4426 et
784 4361 950 4426 moderere
972 4359 1136 4445 prudentia
1159 4372 1231 4437 tua,
1253 4384 1293 4427 ne
1318 4370 1348 4427 tc
1372 4361 1515 4427 auferant
1535 4361 1610 4428 alio·

290 4479 361 4522 rum
382 4457 522 4522 consilia.
564 4459 662 4520 Nemo
683 4463 750 4528 est,
773 4453 827 4541 qui
842 4451 899 4519 tibi
913 4453 1082 4540 sapientius
1102 4455 1234 4521 suadere
1252 4458 1352 4542 possit
1372 4465 1402 4522 te
1424 4457 1510 4543 ipso;
1532 4477 1610 4521 nun·

361 4620 386 4669 l.
406 4621 524 4684 qratiam
543 4625 647 4668 tentem
666 4631 706 4680 pr.
726 4617 775 4667 M:
795 4618 911 4680 qratiam
930 4615 950 4664 li
969 4629 1030 4665 cum
1053 4629 1123 4666 corr.
1144 4617 1182 4668 Μ.
1204 4644 1234 4653 -
1263 4619 1289 4668 3.
1309 4617 1440 4668 cumulare
1457 4625 1535 4682 atque
1552 4617 1612 4668 tlte·

291 4693 376 4738 strare
403 4703 474 4739 corr.
494 4689 540 4740 M:
572 4688 728 4737 aemulando
753 4693 831 4748 etque
849 4687 983 4736 illustrare
1002 4699 1042 4749 pr.
1069 4687 1113 4748 Μ,
1146 4687 1351 4752 mmulemloqoc
1374 4687 1509 4737 illustrare
1527 4687 1557 4737 E.
1580 4711 1611 4722 -

290 4757 318 4806 ’1.
337 4761 429 4822 quaml
446 4759 484 4812 M.
505 4783 535 4794 -
571 4759 599 4808 8.
622 4753 667 4820 stt]
687 4763 723 4806 est
751 4769 805 4816 mg.
826 4755 1029 4805 Cratandrinae.
1053 4783 1082 4792 -
1117 4757 1160 4807 22.
1181 4764 1205 4807 et
1230 4759 1324 4808 Dresd.
1345 4764 1474 4821 quartus:
1502 4765 1530 4808 ot
1549 4755 1609 4808 ΜΕ.

291 4825 346 4877 Cir.
374 4842 418 4890 eu.
445 4829 480 4889 7,
509 4829 534 4878 l.
560 4853 590 4864 -
626 4827 671 4877 24.
696 4826 885 4876 benevolentiae
903 4825 1005 4875 Aldus:
1026 4825 1263 4892 benevolentiaeque
1292 4829 1351 4878 ME.
1377 4854 1409 4864 -
1446 4827 1490 4876 28.
1520 4827 1610 4876 rcribe-

291 4911 344 4946 rem
370 4898 414 4948 M:
434 4899 496 4947 boec
513 4899 647 4948 scriberem
666 4897 696 4947 li.
721 4917 753 4933 -
789 4897 833 4944 Ml.
853 4903 999 4960 quantoque
1018 4911 1093 4958 opere
1113 4911 1166 4960 mg.
1187 4899 1258 4949 Crat.
1280 4923 1310 4934 -
1347 4899 1390 4948 35.
1410 4899 1487 4946 usim
1505 4905 1550 4948 tuo
1569 4911 1609 4960 pr.

291 4967 338 5018 M:
369 4970 445 5018 uoles
471 4971 509 5016 lul
528 4969 548 5017 ll
566 4982 628 5017 com
647 4981 718 5018 corr.
739 4965 782 5026 M,
812 4971 857 5016 tuo
875 4966 951 5015 unior
970 4966 1055 5017 Vella.
1077 4967 1097 5016 l.
1125 4969 1167 5018 Fr.
1188 4970 1306 5020 Gronov.
1327 4968 1360 5019 ad
1378 4967 1465 5018 Plauti
1485 4967 1609 5018 Pseudol.

294 5039 381 5096 l,l,
408 5037 434 5087 d.
463 5057 491 5074 υ
531 5035 732 5100 dl.et]rstM.
