3628 5876
711 435 1020 502 mamm
1444 409 1513 506 m

177 612 331 667 manere,
358 603 482 666 tamen,
518 591 592 678 quia
619 590 713 658 video
746 592 799 660 tali
819 601 962 680 tempore
982 593 1083 662 multo
1104 594 1203 680 magis
1223 594 1401 682 legionibus
1421 618 1503 686 opus

177 709 248 754 esse
269 707 364 773 quam
384 684 572 773 provinciis,
594 706 675 772 quae
697 686 881 772 praesertim
902 687 1074 774 reciperari
1093 687 1181 754 nullo
1202 691 1330 775 negotio
1351 703 1501 779 possunt,

176 780 342 856 constitui,
364 789 400 847 ut
420 799 503 846 nunc
523 788 587 853 est,
608 799 679 846 cum
703 781 845 847 exercitu
858 782 1025 867 proficisci.
1066 781 1187 850 Deinde
1209 803 1250 848 ex
1270 783 1398 863 litteris,
1421 808 1499 874 quas

175 881 296 942 Pansae
317 874 406 948 misi,
443 894 613 960 cognosces
635 874 759 954 omnia;
792 896 864 941 nam
883 875 940 942 libi
961 897 1071 944 earnm
1092 877 1255 964 exemplar
1279 877 1362 946 misi.
1410 901 1497 952 xvn.

175 970 246 1038 dial.
266 970 366 1058 April.
390 968 546 1037 Corduba.
1505 983 1520 1028 a

620 1109 1060 1197 nmmnmm

519 1195 577 1330 (o.
598 1227 750 1290 usurus
771 1226 917 1290 noento
940 1181 1169 1343 monnone)

263 1351 292 1411 1.
313 1343 429 1412 Balbm
456 1353 605 1434 quaestor
624 1365 737 1432 magna
757 1354 919 1412 numerata
939 1345 1089 1432 pecunia,
1111 1365 1226 1432 magno
1246 1346 1388 1435 pondere
1406 1350 1498 1429 auri,

175 1440 299 1506 maiore
332 1440 453 1525 argenti
480 1450 589 1506 coacto
617 1439 657 1506 de
684 1439 817 1528 publicis
852 1438 1090 1516 exactionibus,
1127 1462 1167 1506 ne
1198 1440 1355 1528 stipendio
1376 1445 1502 1532 quidem

175 1533 330 1600 militibus
350 1533 492 1610 reddito,
514 1533 606 1600 duxit
625 1555 660 1600 se
688 1555 706 1599 a
730 1532 867 1600 Gadibus
889 1541 921 1598 ct
941 1533 1079 1601 triduum
1100 1544 1282 1621 tempestate
1303 1546 1443 1606 retentus
1464 1538 1503 1606 ad
1517 1563 1544 1603 ro

176 1629 306 1715 Calpem
326 1627 394 1694 Kal.
414 1627 513 1694 Iuniis
534 1627 656 1722 traiecit
676 1648 744 1694 sese
765 1628 799 1692 in
818 1647 961 1712 regnum·
973 1627 1127 1714 Bogudis,
1149 1629 1241 1715 plane
1263 1628 1343 1696 bene
1364 1632 1503 1718 peculia-

178 1733 238 1788 tus.
296 1722 351 1788 ilis
377 1721 559 1788 rumoribus
590 1731 696 1788 utrum
727 1722 829 1789 Gades
849 1721 1006 1788 reseratur
1027 1743 1066 1788 an
1088 1729 1218 1789 Romam
1241 1759 1282 1772 -
1303 1721 1343 1790 ad
1364 1725 1503 1810 singulos

176 1816 263 1882 enim
285 1815 411 1883 nuutios
431 1815 612 1902 turpissime
633 1816 763 1882 consilia
782 1822 883 1881 mutat
910 1850 968 1893 -,
995 1817 1136 1883 nondum
1156 1818 1233 1884 scio.
1275 1821 1306 1885 2.
1329 1817 1391 1885 Sed
1410 1839 1503 1904 prae-

177 1919 228 1976 ter
255 1910 339 1976 turta
372 1919 404 1976 ct
434 1909 560 1996 rapinas
582 1917 613 1976 et
637 1909 735 1997 virgis
770 1930 878 1976 caesos
899 1910 1018 1986 socios,
1055 1910 1132 1977 baec
1159 1932 1286 1999 quoque
1310 1912 1445 1979 iecit-
1466 1919 1502 1979 ut

177 2005 248 2092 ipse
269 2004 399 2092 gloriari
421 2004 511 2080 solet,
535 2003 660 2080 eadem,
676 2025 756 2092 quae
779 2007 811 2070 C.
834 2007 947 2072 Caesar
960 2026 1019 2071 -ε
1041 2004 1133 2078 ludis,
1155 2025 1235 2092 quos
1258 2005 1396 2072 Gadibus
1416 2005 1502 2083 iecit,
1518 2030 1545 2075 rs

177 2097 374 2164 Herennium
394 2097 533 2174 Gallum,
555 2097 757 2173 histrionem,
780 2118 904 2164 summo
925 2099 1072 2164 ludorum
1098 2098 1149 2164 dic
1171 2099 1264 2164 anulo
1286 2120 1384 2165 aureo
1406 2098 1505 2166 dona-

176 2202 261 2266 tum,
294 2190 328 2257 in
357 2211 451 2258 x1111.
479 2212 600 2257 sessum
626 2189 757 2258 deduxit
785 2226 817 2238 -
855 2200 902 2257 tot
938 2192 1021 2258 enim
1049 2191 1166 2258 iecerat
1194 2191 1322 2258 ordines
1349 2192 1504 2279 equestris

177 2286 241 2353 loci
262 2309 318 2362 -;
340 2286 622 2373 quattuorviratum
645 2283 704 2350 sibi
734 2286 935 2372 prorogavit}
968 2285 1094 2351 comitia
1115 2284 1234 2351 biennii
1255 2284 1354 2351 biduo
1374 2284 1503 2362 babuit,

178 2377 242 2445 boc
264 2387 325 2456 est,
348 2379 557 2452 renuntiavit,
593 2400 674 2466 quos
695 2379 725 2444 ei
746 2379 849 2446 visum
877 2389 940 2458 est;
976 2379 1102 2445 exsules
1123 2379 1265 2455 reduxit,
1301 2399 1366 2445 non
1386 2379 1502 2445 borum

177 2483 378 2560 temporum,
411 2473 467 2538 sed
491 2473 635 2546 illorum,
672 2472 787 2560 quibus
814 2495 831 2538 a
854 2472 1011 2540 seditiosis
1032 2481 1158 2540 senatus
1179 2471 1351 2540 trucidatus
1372 2482 1426 2539 aut
1446 2493 1544 2539 exso

175 2569 288 2655 pulsus
310 2577 372 2643 est,
395 2572 469 2633 Sex.
490 2573 576 2634 Varo
597 2568 797 2654 proconsule.
840 2573 870 2633 3.
893 2567 947 2633 llla
968 2588 1047 2633 vero
1068 2567 1130 2632 iam
1152 2588 1193 2633 ue
1209 2572 1350 2635 Caesaris
1372 2565 1501 2653 quidem
1547 2603 1551 2618 ·

178 2663 343 2749 exemplo,
373 2660 459 2750 quod
479 2662 561 2729 ludis
582 2671 777 2749 praetextam
798 2661 838 2727 de
860 2681 918 2728 suo
940 2661 1051 2728 itinere
1073 2661 1111 2726 ad
1132 2665 1168 2727 L.
1185 2662 1351 2727 Lentulum
1373 2681 1500 2749 procos.

177 2756 408 2823 sollicitandum
429 2757 545 2843 posuit
602 2762 641 2822 Et
662 2755 789 2843 quidem
810 2776 882 2821 cum
904 2765 1065 2841 ageretur,
1091 2753 1192 2831 lievit,
1221 2754 1374 2821 memoria
1394 2773 1504 2818 rerum

177 2860 338 2938 gestarum
367 2859 552 2917 commotus.
609 2848 840 2917 Gladiatoribus
868 2861 988 2926 antcm,
1021 2848 1152 2916 Fadium
1174 2847 1345 2936 quendam,
1377 2845 1506 2912 militem

177 2943 420 3030 Pompeianum,
456 2949 545 3031 quia,
581 2965 652 3010 cum
680 2943 847 3029 depressus
877 2948 911 3009 in
937 2941 1047 3008 ludum
1073 2941 1123 3008 bis
1150 2941 1247 3026 gratis
1275 2939 1502 3027 depugnasset,
1516 2967 1545 3005 o

177 3036 339 3104 auctorati
359 3059 429 3103 sese
450 3037 575 3106 nolebat
596 3048 628 3103 et
648 3036 687 3102 ad
704 3037 856 3123 populum
872 3035 1071 3121 confugerat,
1093 3035 1231 3122 primum
1253 3033 1358 3100 Gallos
1380 3031 1502 3119 equites

178 3131 311 3198 immisit
331 3131 364 3196 in
385 3133 538 3219 populum
560 3167 599 3178 -
623 3130 755 3196 coniecti
776 3130 859 3195 enim
880 3129 999 3217 lapides
1021 3128 1145 3196 sunt-in
1166 3147 1255 3202 eum,
1288 3147 1360 3191 curn
1381 3125 1504 3211 arripe-

176 3234 269 3292 retur
289 3224 403 3292 Fadius
424 3249 484 3306 —;
506 3225 619 3292 deinde
641 3223 831 3290 abstractum
852 3223 973 3290 defodit
992 3223 1027 3288 in
1046 3223 1123 3289 ludo
1144 3231 1176 3288 et
1193 3221 1301 3287 viuum
1315 3218 1502 3298 combussit3

177 3339 250 3385 cum
273 3319 399 3407 quidem
420 3341 567 3407 pransus,
598 3318 690 3385 nudis
711 3314 864 3404 pedibus,
893 3315 997 3383 tunica
1018 3316 1134 3391 soluta,
1157 3312 1301 3381 manibus
1321 3312 1361 3380 ad
1377 3323 1502 3400 tergum

178 3414 321 3490 reiectis,
357 3413 567 3481 inambularet
587 3421 619 3479 et
638 3412 685 3478 illi
704 3411 823 3476 misero
844 3411 1021 3498 quiritanti,
1059 3413 1092 3477 C.
1113 3416 1150 3477 il.
1171 3411 1299 3476 NATVS
1322 3413 1420 3484 SVM,
1449 3429 1502 3473 re-
1517 3435 1546 3477 ss

178 3506 364 3596 sponderet:
388 3508 473 3586 „Abi
494 3529 591 3583 nunc,
617 3505 726 3595 populi
740 3503 834 3570 fidem
847 3505 1009 3592 implora.”
1051 3505 1164 3572 Bestiis
1184 3523 1263 3569 vero
1283 3501 1367 3568 cives
1388 3507 1501 3568 Itoma—

177 3623 254 3678 uos,
294 3602 327 3667 in
361 3601 401 3668 iis
433 3602 653 3668 circulatorem
682 3599 838 3687 quendam
874 3600 1080 3675 auctionum,
1113 3597 1311 3664 notissimum
1346 3593 1506 3660 bominem

177 3695 318 3782 Hispali,
340 3695 414 3782 quia
436 3695 587 3762 deiormis
601 3702 686 3769 erat,
709 3692 835 3758 obiecit.
879 3697 957 3760 Cum
970 3691 1186 3759 huiuscemodi
1201 3697 1348 3778 portento
1361 3710 1414 3756 res
1429 3687 1507 3755 mibi

177 3789 248 3855 fuit.
293 3789 355 3855 Sed
376 3789 415 3854 de
437 3789 492 3855 illo
513 3789 604 3875 plura
624 3809 744 3854 coram.
801 3791 832 3852 1.
853 3792 956 3862 Nunc,
978 3786 1065 3875 quod
1085 3794 1239 3874 praestat,
1261 3783 1337 3871 quid
1353 3803 1405 3850 me
1425 3783 1504 3850 veli-

176 3884 361 3960 nefacere,
383 3884 572 3952 constituite.
615 3888 693 3949 Tres
717 3879 857 3965 legiones
878 3880 984 3948 firmas
1004 3881 1121 3956 babeo,
1144 3900 1279 3968 quarum
1293 3897 1403 3951 unum,
1425 3877 1544 3947 duos

178 3978 428 4053 detricesimam,
464 3999 536 4043 cum
566 3976 606 4043 ad
626 3997 661 4043 sc
683 3973 775 4040 initio
795 3973 871 4042 belli
892 3975 1073 4042 arcessisset
1100 3973 1253 4042 Antonius
1273 3973 1331 4038 bac
1351 3971 1504 4058 pollicita·

177 4072 286 4147 tione,
314 4091 378 4159 quo
401 4071 452 4137 die
474 4072 507 4138 in
528 4079 628 4137 castra
648 4071 809 4146 venisset,
839 4069 987 4136 denarios
1008 4069 1184 4157 quingenos
1205 4065 1334 4152 singulis
1356 4064 1505 4131 militibus

178 4166 343 4254 daturum,
365 4165 398 4231 in
417 4165 550 4232 victoria
569 4185 646 4231 vero
668 4164 778 4230 eadem
800 4163 954 4250 praemia,
979 4183 1060 4250 quae
1082 4163 1147 4228 suis
1168 4159 1344 4247 legionibus
1366 4193 1406 4206 -
1427 4179 1507 4246 quo-

177 4281 251 4326 rum
272 4260 344 4347 quis
379 4258 475 4325 ullam
503 4256 596 4322 finem
625 4267 677 4323 aut
698 4257 828 4323 modum
848 4256 989 4322 luiturum
1011 4255 1154 4343 putabitl
1180 4285 1213 4300 ···
1230 4304 1240 4332 ,
1260 4253 1506 4321 incitatissimam

179 4352 313 4428 retinui,
336 4371 430 4438 aegre
452 4351 662 4431 mehercules;
685 4372 743 4417 nec
763 4351 983 4424 retinuissem,
1015 4354 1128 4417 sinum
1148 4351 1220 4417 loco
1241 4348 1433 4440 habuissem,
1457 4354 1546 4416 utto

179 4458 254 4534 pote
276 4467 348 4512 cum
370 4445 511 4530 singulae
533 4444 686 4532 quaedam
700 4444 846 4510 cobortes
867 4443 1052 4510 seditionem
1074 4443 1217 4510 iecerint.
1260 4442 1407 4530 Reliquas
1427 4457 1508 4526 quo·

179 4562 242 4628 que
263 4539 405 4626 legiones
426 4559 490 4604 non
523 4537 641 4605 destitit
667 4537 778 4604 litteris
798 4545 892 4624 atque
913 4535 1040 4603 infinitis
1066 4535 1344 4625 pollicitationibus
1366 4533 1506 4600 incitare.

249 4751 277 4802 1.
306 4751 436 4816 proficicet
460 4749 531 4798 inde.
567 4749 611 4800 Etr
634 4747 751 4799 malebat
770 4746 919 4799 Ernestlus.
943 4771 977 4782 -
1012 4747 1039 4797 5.
1064 4746 1186 4798 Cordobo
1205 4745 1248 4796 111
1269 4744 1404 4795 Cordubae
1422 4743 1454 4794 li.
1472 4761 1507 4780 ···

182 4822 226 4872 11.
246 4820 351 4884 wem
369 4819 418 4871 bia
438 4817 537 4882 Golpoa
545 4819 618 4869 11.-
638 4819 740 4882 bopotts
752 4817 789 4869 11.
808 4843 843 4854 -
861 4812 1507 4880 aa.Mattmprostsetotombtcets.5.01.-

181 4891 226 4942 11.
245 4891 385 4942 auctorest
402 4891 539 4940 Romanae
566 4896 673 4939 uectem
690 4887 750 4938 blG.
779 4911 807 4924 ·-
844 4888 889 4938 27.
908 4889 1016 4938 contami
1034 4887 1199 4938 Cratander:
1220 4885 1328 4936 contest
1345 4885 1391 4946 Ι,
1408 4883 1509 4934 11111111

185 4961 265 5010 11.-
302 4961 466 5023 arriperetur
484 4958 531 5010 bie
555 4959 719 5022 ctrtpsretor
736 4957 766 5008 11.
788 4983 817 4994 -
856 4957 1205 5008 311111111111111111
1223 4955 1363 5006 1111-
1399 4955 1507 5004 elmos-

185 5030 294 5080 tutorem
312 5029 351 5081 11.
385 5053 411 5066 -
448 5029 493 5082 11.
520 5029 642 5079 detortos
666 5041 693 5078 ae
709 5029 905 5093 qotoqrtopeooe
923 5027 1081 5077 Lambinus.
1112 5053 1145 5065 -
1176 5027 1219 5077 31.
1239 5025 1322 5076 ollam
1339 5025 1372 5076 lt.
1401 5047 1433 5064 ·-
1458 5037 1508 5087 ps·

187 5101 251 5151 tobit
268 5098 444 5152 Gulielmius:
461 5101 567 5164 potavit
586 5097 646 5150 1111.
667 5123 700 5134 -
736 5097 780 5148 to.
800 5104 891 5162 utpote
909 5110 950 5163 pr.
968 5097 1014 5158 11,
1031 5103 1062 5148 ot
1077 5103 1145 5160 peta
1163 5109 1235 5148 corr.
1253 5095 1293 5149 Ι.
