3662 5892
301 395 364 458 77⁰
804 393 864 456 ΕΡ.
885 394 937 456 ΔΙ)
959 395 1116 459 BRUTUM

299 553 369 638 ipse
388 571 484 638 puer,
513 571 605 637 quem
628 548 767 618 Caesaris
788 569 903 615 nomen
923 549 1052 616 incitare
1073 550 1198 618 videtur
1224 551 1256 616 iu
1279 551 1417 618 Caesaris
1444 547 1683 616 interfecto-

301 667 369 722 res,
399 644 506 732 quanti
535 643 691 720 aestimet,
728 643 754 708 si
781 643 822 708 sit
848 645 1037 710 commercio
1064 644 1169 720 locus,
1203 665 1295 731 posse
1322 643 1411 711 nobis
1439 641 1681 710 auctoribus

301 747 437 812 tantum,
467 745 614 823 quantum
644 735 941 823 proiectopoterit,
969 739 1116 824 quoniam
1144 739 1250 804 vivere
1276 747 1308 804 et
1327 738 1491 824 pecunias
1529 734 1680 802 habere

301 840 332 896 et
354 831 414 896 dici
436 831 614 897 consulares
634 830 795 897 volumusl
829 834 972 898 Ceterum
994 834 1200 918 nequicquam
1221 833 1351 918 perierit
1370 832 1437 910 ille;
1470 831 1593 896 cuius
1621 831 1678 894 in-

278 926 396 1006 ,teritu
418 925 493 1012 quid
515 923 612 1011 gavisi
634 945 756 998 sumus,
779 924 806 990 si
820 936 946 991 mortuo
962 925 1058 991 nihilo
1080 927 1182 992 minus
1204 926 1351 992 servituri
1373 947 1541 1000 eramuS,
1570 923 1675 989 nulla

300 1042 376 1087 eura
391 1019 578 1086 adhibetur?
601 1018 662 1084 Sed
683 1017 759 1083 mibi
780 1019 868 1105 prius
890 1021 994 1086 omnia
1016 1020 1059 1085 dii
1082 1020 1219 1107 deaeque
1240 1020 1413 1106 eripuerint
1433 1041 1558 1106 quam
1578 1017 1673 1084 illud

300 1115 468 1188 iudicium,
498 1133 561 1199 quo
589 1134 652 1178 non
674 1112 769 1178 modo
798 1113 905 1179 heredi
931 1115 1014 1190 eius,
1044 1137 1138 1202 quem
1160 1113 1275 1189 occidi,
1303 1135 1366 1179 non
1393 1113 1669 1188 concesserim,

301 1210 387 1298 quod
414 1209 446 1274 in
468 1207 521 1274 illo
551 1228 614 1274 non
636 1207 706 1283 tuli,
734 1205 790 1272 sed
811 1229 850 1273 ne
873 1209 955 1294 patri
975 1208 1103 1295 quidem
1125 1229 1212 1282 meo,
1245 1209 1271 1274 si
1292 1208 1490 1284 revivescat,
1532 1217 1578 1274 ut
1604 1228 1670 1292 pa-

301 1309 396 1370 tiente
418 1324 468 1369 me
489 1302 559 1388 plus
581 1300 702 1386 legibus
723 1321 759 1366 ac
773 1311 883 1367 senatu
904 1304 1012 1388 possit.
1047 1309 1094 1368 An
1108 1303 1169 1368 boc
1189 1301 1245 1367 tibi
1265 1323 1449 1387 persuasum
1466 1313 1552 1376 est,
1581 1301 1667 1368 fore

268 1407 424 1476 wecteros
451 1395 553 1461 abeo
582 1394 715 1470 liberos,
743 1416 807 1482 quo
829 1397 927 1462 invito
949 1395 1039 1462 nobis
1067 1397 1099 1461 in
1127 1398 1185 1462 ista
1205 1395 1329 1462 civitate
1355 1397 1444 1462 locus
1472 1417 1559 1462 non
1592 1395 1664 1460 siti

304 1492 367 1570 Qui
387 1511 485 1576 porro
507 1489 557 1565 id,
587 1487 672 1576 quod
694 1489 789 1574 petis,
811 1488 880 1554 fieri
902 1500 1019 1575 potest,
1040 1500 1075 1557 ut
1096 1490 1264 1576 impetres?
1299 1496 1402 1577 Rogas
1423 1491 1543 1564 enim,
1572 1488 1663 1554 velit

300 1607 358 1651 nos
380 1584 482 1650 salvos
503 1605 582 1652 esse.
626 1582 776 1650 Videmur
798 1604 874 1670 ergo
896 1583 953 1649 tibi
975 1585 1104 1651 salutem
1127 1584 1298 1670 accepturi,
1325 1605 1396 1650 cum
1417 1584 1525 1651 vitam
1555 1603 1661 1648 acce·

300 1678 459 1765 perimus‘t
491 1697 600 1763 quam,
630 1676 657 1742 si
678 1677 766 1763 prius
788 1677 972 1744 dimittimus
1000 1678 1179 1763 dignitatem
1202 1687 1233 1744 et
1253 1676 1445 1756 libertatem,
1473 1677 1544 1765 qui
1571 1697 1660 1763 pos-

300 1793 407 1838 sumus
437 1773 599 1857 acciperet
636 1775 665 1840 6.
694 1777 740 1836 An
768 1780 803 1838 tu
824 1777 941 1838 Romae
964 1771 1117 1844 babitare,
1147 1770 1180 1837 id
1200 1782 1291 1859 putas
1313 1793 1382 1837 esse
1409 1772 1654 1839 incolumem?

265 1905 289 1948 ,5
299 1870 374 1941 Res,
403 1886 466 1930 non
480 1866 567 1930 locus
581 1874 707 1950 oportet
727 1875 863 1952 praestet
884 1866 965 1932 istuc
979 1866 1065 1932 mibi.
1101 1871 1207 1952 Neque
1222 1865 1386 1932 incolumis
1401 1869 1549 1933 Caesare
1565 1862 1653 1929 vivo

299 1959 360 2036 lui,
387 1959 447 2024 nisi
468 1968 633 2046 postquam
654 1958 730 2024 illud
752 1959 889 2026 conscivi
909 1959 1042 2039 lacinus;
1072 1980 1173 2047 neque
1196 1981 1326 2046 usquam
1348 1961 1439 2026 exsul
1459 1981 1539 2026 esse
1565 1978 1651 2044 pos-

300 2075 385 2128 sum,
416 2053 491 2118 dum
512 2053 631 2119 servire
653 2061 684 2116 et
705 2053 767 2139 pati
789 2053 992 2120 contumelias
1020 2053 1110 2138 peius
1132 2053 1231 2120 odero
1255 2054 1344 2119 malis
1373 2052 1527 2120 omuibus
1553 2050 1646 2116 aliis.

299 2153 407 2214 Nonne
428 2147 489 2213 boc
510 2151 610 2212 estin
632 2146 755 2212 easdem
778 2147 921 2214 tenebras
942 2147 1112 2214 recidisset
1139 2147 1187 2213 Ab
1210 2169 1264 2222 eo,
1287 2150 1340 2234 qui
1362 2148 1484 2236 tyranni
1508 2166 1644 2212 nomen

299 2241 408 2308 ascivit
428 2239 503 2314 sibi,
533 2261 605 2306 cum
632 2241 665 2305 in
688 2241 814 2307 Graecis
836 2242 1012 2308 civitatibus
1033 2241 1126 2307 liberi
1148 2251 1351 2329 tyrannorum
1379 2242 1547 2327 oppressis
1572 2239 1644 2305 illis

261 2335 411 2412 mendam
432 2334 586 2420 supplicio
608 2336 795 2412 alliciantur,
816 2336 950 2422 petitur,
972 2346 1009 2403 ut
1022 2335 1161 2402 vindices
1183 2343 1275 2419 atque
1293 2354 1499 2421 oppressores
1523 2333 1641 2399 domi-

300 2428 432 2495 nationis
452 2427 529 2493 salvi
551 2428 632 2493 siuti
669 2431 756 2492 lianc
783 2448 842 2512 ego
864 2429 1020 2494 civitatem
1047 2428 1156 2494 videre
1177 2429 1271 2494 velim
1298 2441 1352 2495 aut
1372 2437 1480 2515 putem
1505 2427 1637 2500 ullam,

298 2543 379 2608 quae
407 2541 446 2586 ne
473 2519 618 2585 traditam
645 2520 772 2605 quidem
799 2533 892 2607 atque
921 2523 1104 2588 inculcatam
1133 2520 1306 2588 libertatem
1336 2527 1478 2609 recipere
1499 2521 1633 2609 possit?

297 2616 431 2701 plusque
460 2613 566 2680 timeat
594 2613 626 2678 in
648 2634 748 2699 puero
770 2635 885 2680 nomen
906 2615 1019 2683 sublati
1040 2616 1140 2702 regis,
1173 2638 1267 2704 quam
1289 2615 1425 2682 confidat
1444 2616 1520 2692 sibi,
1552 2634 1632 2680 cum

298 2709 385 2774 illum
414 2709 531 2794 ipsum,
562 2707 617 2793 qui
644 2709 796 2774 maximas
823 2729 900 2796 opes
928 2710 1088 2786 babuerit,
1122 2731 1295 2797 paucorum
1323 2710 1437 2776 virtute
1464 2708 1630 2776 sublatum

260 2801 423 2882 „videatl
459 2807 509 2868 lde
530 2822 607 2867 vero
628 2803 758 2889 posthac
779 2824 819 2867 ne
840 2805 1108 2871 commendaveris
1131 2804 1257 2870 Caesari
1279 2813 1348 2882 tu0;
1378 2825 1418 2868 ne
1440 2803 1631 2891 tequidem

298 2896 415 2982 ipsum,
444 2897 471 2963 si
499 2917 549 2962 mc
578 2896 697 2963 audies.
739 2898 836 2966 Valde
866 2920 937 2965 care
959 2901 1103 2966 aestimas
1125 2909 1171 2965 tot
1200 2919 1315 2973 annos,
1345 2907 1424 2984 quot
1451 2899 1509 2964 ista
1537 2907 1628 2964 aetas

298 2991 425 3077 recipit,
456 2990 482 3056 si
504 3000 635 3077 propter
663 3013 732 3056 eam
753 3013 878 3058 causam
898 3014 1000 3079 puero
1030 2994 1081 3060 isti
1103 2993 1333 3081 supplicaturus
1354 3012 1398 3058 es.
1439 2997 1471 3058 7.
1500 2991 1628 3058 Deinde

299 3086 386 3172 quod
406 3085 617 3173 pulcherrime
638 3084 738 3150 iecisti
760 3106 795 3152 ac
809 3085 885 3152 iacis
907 3087 939 3152 in
954 3088 1108 3164 Antonio,
1131 3088 1202 3154 vide
1221 3109 1261 3153 ne
1275 3095 1475 3153 convertatur
1496 3084 1626 3152 alaude

299 3179 430 3244 maximi
451 3179 547 3244 animi
568 3176 608 3244 ad
630 3179 809 3265 opinionem
830 3179 1020 3252 formidinis.
1059 3186 1137 3247 Nam
1159 3182 1186 3246 si
1209 3181 1354 3247 Octavius
1378 3179 1437 3246 tibi
1457 3180 1578 3266 placet,
1607 3199 1626 3242 a

262 3295 364 3360 atiquo
386 3273 425 3338 dc
444 3284 551 3339 nostra
573 3272 671 3338 salute
693 3273 861 3358 petendum
877 3279 933 3350 sit,
956 3297 1019 3341 non
1040 3273 1201 3342 dominum
1223 3275 1339 3360 fugisse
1361 3273 1417 3340 sed
1437 3272 1624 3338 amiciorem

300 3366 461 3432 dominum
490 3366 650 3452 quaesisse
678 3366 846 3434 videberis.
890 3371 991 3446 Quem
1019 3368 1105 3456 quod
1126 3368 1232 3434 laudas
1261 3367 1302 3434 ob
1333 3389 1387 3442 ea,
1415 3387 1496 3454 quae
1517 3364 1624 3432 adbuc

299 3460 390 3536 lecit,
413 3460 504 3545 plane
525 3458 644 3546 probo;
674 3470 747 3526 sunt
767 3461 850 3526 enim
873 3461 1042 3537 laudanda,
1063 3463 1090 3527 si
1112 3461 1207 3529 modo
1229 3471 1336 3527 contra
1357 3461 1489 3526 alienam
1509 3469 1623 3546 poten·

299 3555 392 3630 tiam,
421 3575 485 3620 non
511 3573 571 3640 pro
594 3575 648 3620 sua
671 3557 806 3640 suscepit
827 3575 880 3620 eas
902 3556 1050 3621 actiones.
1093 3559 1170 3623 Cum
1191 3576 1269 3622 vero
1290 3556 1409 3622 iudicas
1434 3563 1550 3619 tantum
1574 3551 1622 3618 illi

300 3669 364 3714 non
386 3646 481 3713 modo
502 3647 598 3712 licere
619 3647 675 3714 sed
697 3648 792 3714 etiam
813 3669 831 3713 a
853 3658 883 3714 te
904 3648 974 3734 ipso
995 3648 1194 3716 tribuendum
1216 3670 1301 3725 esse,
1328 3659 1364 3715 ut
1384 3649 1541 3734 rogandus
1561 3647 1619 3718 sit,

265 3762 342 3819 „ne
370 3741 447 3807 nolit
474 3761 543 3806 esse
569 3761 626 3806 nos
648 3741 767 3817 salvos,
795 3742 928 3808 nimium
949 3763 1092 3828 magnam
1120 3744 1297 3809 mercedem
1323 3742 1449 3820 statuis;
1478 3740 1510 3806 id
1535 3739 1620 3804 enim

300 3835 404 3922 ipsum
426 3834 470 3900 illi
493 3833 633 3919 largiris,
655 3835 740 3922 quod
761 3856 819 3922 per
839 3836 928 3901 illum
949 3835 1067 3902 babere
1088 3836 1253 3904 videbatur
1272 3857 1324 3902 res
1345 3834 1482 3921 publica.
1511 3835 1619 3916 Neque

302 3929 363 3996 boc
389 3927 445 3994 tibi
471 3928 503 3993 in
531 3938 665 3994 mentem
693 3929 792 4004 venit,
821 3928 848 3994 si
871 3929 1019 3995 Octavius
1039 3930 1111 3996 ullis
1133 3929 1244 4015 dignus
1265 3931 1305 3996 sit
1326 3927 1514 4001 bonoribus,
1543 3924 1617 4011 quia

303 4045 373 4090 cum
397 4021 531 4088 Antonio
553 4021 668 4088 bellum
691 4032 794 4108 gerat,
816 4023 871 4096 iis,
903 4022 957 4109 qui
977 4023 1055 4089 illud
1076 4023 1191 4090 malum
1213 4023 1404 4098 exciderint,
1431 4021 1520 4087 cuius
1541 4019 1619 4085 istae

304 4115 454 4202 reliquiae
476 4125 563 4194 sunt,
586 4117 679 4192 nibil,
701 4137 764 4202 quo
782 4116 903 4202 expleri
924 4117 1022 4203 possit
1043 4139 1154 4184 eorum
1167 4117 1329 4193 meritum,
1351 4115 1541 4181 tributurum
1561 4135 1618 4178 un·

266 4243 294 4286 40
305 4231 397 4297 quam
412 4209 562 4295 populum
577 4215 765 4285 Romanum,
787 4215 814 4274 si
829 4210 934 4275 omnia
948 4211 1038 4278 simul
1053 4211 1253 4297 congesserit.
1289 4216 1319 4278 8.
1340 4215 1384 4276 Ac
1397 4208 1484 4284 vide,
1501 4216 1615 4294 quanto

305 4305 482 4390 diligentius
510 4304 651 4368 homines
672 4311 829 4378 metuant,
858 4323 950 4388 quam
972 4305 1178 4370 meminerint.
1227 4303 1333 4390 [Quia]
1355 4303 1507 4368 Antonius
1533 4301 1617 4366 vivat

304 4408 397 4485 atque
419 4398 451 4463 in
473 4397 567 4461 armis
589 4397 643 4462 sitl
665 4401 712 4461 De
734 4400 865 4462 Caesare
886 4419 978 4474 vero,
1000 4398 1087 4486 quod
1107 4397 1176 4464 lieri
1196 4399 1297 4485 potuit
1317 4417 1353 4462 ac
1374 4394 1497 4470 debuit,
1519 4403 1618 4458 nans-

373 4543 400 4592 2.
430 4543 559 4592 existimet
580 4540 602 4591 1.
630 4567 664 4576 -
700 4541 726 4590 s.
755 4554 821 4590 cara
839 4541 977 4593 adhibetur
999 4543 1038 4592 Vb
1057 4543 1095 4607 (et
1113 4542 1166 4600 bita
1193 4557 1258 4594 cura
1274 4543 1308 4593 ab
1328 4542 1387 4591 eliis
1404 4540 1543 4590 adhibetur
1565 4537 1615 4595 sl,

306 4625 372 4661 cura
390 4612 424 4661 ab
443 4613 504 4661 aliis
522 4611 683 4660 adhibeatur
707 4611 736 4660 E.
765 4635 798 4647 -
834 4611 949 4674 deaeque
968 4625 1056 4662 omnes
1074 4615 1139 4676 erip.
1163 4615 1210 4664 nt.
1241 4639 1269 4650 -
1307 4612 1334 4662 8.
1358 4613 1500 4660 revivescat
1524 4607 1562 4657 Vb
1580 4613 1618 4663 (et

305 4680 361 4744 Mt:
382 4683 522 4732 revicerat
542 4681 607 4730 lilli-
627 4705 658 4718 -·
687 4682 730 4731 13.
750 4681 916 4732 demittamne
933 4683 955 4733 l.
974 4707 1009 4717 -
1036 4685 1078 4734 14.
1098 4698 1150 4734 csse
1165 4684 1317 4735 incolumem
1334 4681 1377 4732 Mt
1395 4680 1548 4730 incolumem
1565 4690 1618 4728 esse

305 4751 374 4802 nte.
396 4777 424 4789 -
464 4753 507 4802 15.
527 4751 638 4801 Caesare
655 4753 716 4801 vivo
734 4750 775 4812 sci
791 4751 856 4801 bill:
876 4751 917 4814 [ui
935 4753 1044 4803 Cessare
1060 4755 1122 4804 otoo
1139 4754 1184 4805 111.
1205 4779 1235 4790 -
1272 4754 1316 4803 17.
1331 4749 1420 4814 peius]
1437 4751 1514 4811 prius
1532 4749 1562 4798 ll.
1582 4771 1616 4782 -

275 4873 278 4886 ι
305 4817 396 4884 odeo]
416 4821 516 4871 aereo
535 4835 589 4883 mg.
610 4821 647 4870 11.
668 4847 695 4858 -
734 4821 779 4871 18.
797 4823 937 4873 recidisse?
955 4823 988 4872 ab
1007 4837 1036 4872 so
1053 4838 1117 4875 nos:
1138 4823 1275 4874 cecidisse?
1293 4823 1331 4872 Ab
1349 4834 1378 4872 eo
1396 4821 1461 4880 MR,
1483 4818 1614 4873 recidisse.

304 4905 363 4940 eum
379 4891 413 4942 ab
431 4905 460 4940 ee
478 4891 523 4940 tu.
542 4912 576 4927 -
605 4891 650 4940 11.
668 4891 743 4940 wem
760 4891 792 4942 R.
813 4916 845 4928 ·-
872 4893 1070 4944 adseueranda
1088 4895 1124 4948 bl.
1144 4919 1177 4930 -
1205 4894 1249 4944 28.
1269 4891 1310 4956 cc]
1330 4899 1355 4942 st
1374 4892 1394 4941 1.
1415 4916 1446 4926 -
1473 4889 1617 4938 Antonium

306 4962 374 5011 1.-
406 4961 456 5078 110.
473 4961 573 5022 populo
590 4960 710 5010 lismaco
730 4961 751 5011 1.
773 4987 800 4998 -
839 4962 876 5013 Ac
893 4963 961 5014 MR:
979 4963 1014 5012 Aa
1032 4965 1076 5017 111.
1100 4989 1127 5000 -
1158 4965 1202 5016 st.
1223 4965 1291 5028 Quia
1309 4963 1416 5013 seclusit
1434 4959 1566 5021 Oreitius,
1587 4963 1617 5008 ut

305 5031 339 5080 alt
356 5043 403 5080 ere
416 5031 524 5081 amatio.
