3662 5892
740 372 813 434 LlB.
836 375 859 435 l.
902 373 961 436 ΕΡ.
983 375 1013 436 3.
1036 372 1066 436 t.
1499 383 1561 446 ⁷57

242 531 354 600 dimus.
390 535 577 596 Persuasum
600 537 648 595 est
668 529 752 596 enim
775 529 980 603 adolescenti,
1004 539 1035 594 et
1057 523 1193 596 maxime
1214 553 1350 619 perme,
1374 535 1443 602 eius
1464 558 1561 625 opera

242 647 300 692 nos
321 645 390 690 esse
418 623 531 689 salvos.
573 628 612 690 Et
632 633 733 698 certe,
761 623 821 688 nisi
843 623 869 688 is
890 627 1057 690 Antonium
1083 622 1122 688 ah
1145 625 1224 692 urhe
1245 630 1421 706 avertisset,
1450 633 1562 718 periis-

242 728 311 785 sent
330 717 446 786 omnia.
481 722 512 783 2.
534 717 653 784 Triduo
675 739 751 785 vero
773 716 1015 804 autquatriduo
1037 727 1107 783 aute
1130 719 1209 784 hanc
1228 742 1297 786 rem
1318 725 1560 809 pulcherrimam

241 818 354 880 timore
375 813 512 900 quodam
539 813 682 898 perculsa
703 813 812 879 civitas
833 820 897 878 tota
926 813 965 878 ad
987 820 1018 877 te
1039 834 1073 878 se
1102 834 1173 880 eum
1196 817 1380 902 coniugibus
1402 831 1433 886 et
1453 819 1561 887 liberis

241 906 432 974 effundebat.
467 907 601 982 Eadem,
623 915 763 972 recreata
785 927 814 970 a.
829 905 860 971 d.
875 926 939 972 xrr.
953 907 1083 972 Kalend.
1099 909 1194 974 hlaine
1216 918 1246 974 te
1260 909 1321 975 huc
1342 918 1450 978 venire
1466 933 1583 1000 quamo

240 1023 273 1068 se
295 1002 332 1068 ad
350 1012 379 1068 te
400 1003 448 1068 ire
468 999 614 1067 malebat.
651 1003 723 1079 Quo
739 999 866 1087 quidem
888 999 939 1064 die
958 1021 1143 1085 magnorum
1158 1022 1302 1069 meorum
1316 1005 1459 1072 lahorum
1481 1010 1561 1075 mul-

239 1104 404 1181 tarumque
426 1096 604 1182 vigiliarum
626 1094 761 1160 fructum
783 1094 853 1179 cepi
874 1094 1061 1170 maximum,
1084 1095 1110 1160 si
1132 1095 1227 1163 modo
1242 1108 1289 1163 est
1307 1099 1420 1186 aliquis
1441 1100 1560 1168 fructus

239 1209 281 1255 ex
303 1189 402 1255 solida
424 1210 562 1276 veraque
583 1189 695 1274 gloria.
738 1193 814 1253 Nam
840 1197 944 1253 tantae
965 1188 1186 1264 multitudinis,
1215 1203 1360 1276 quantam
1383 1195 1463 1280 capit
1484 1196 1560 1262 urhs

239 1293 361 1358 nostra,
390 1302 561 1350 concursus
583 1293 630 1348 est
659 1281 699 1347 ad
721 1303 771 1347 me
793 1281 903 1347 faetus.
945 1285 989 1346 Ea
1019 1302 1089 1347 cum
1123 1287 1277 1371 usquein
1299 1288 1484 1374 Capitolium
1507 1289 1560 1356 de-

239 1377 366 1450 ductos,
395 1376 532 1444 maximo
554 1377 692 1443 clamore
713 1384 806 1462 atque
827 1374 938 1460 plausu
964 1375 998 1439 in
1019 1377 1140 1442 Rostris
1166 1379 1334 1446 collocatus
1356 1403 1436 1448 sum.
1480 1382 1560 1448 Nihil
1570 1397 1596 1438 ¹⁰

239 1482 287 1536 est
313 1471 347 1535 iu
368 1491 420 1536 me
440 1471 550 1549 inane;
582 1491 684 1557 neque
706 1470 789 1534 enim
811 1468 921 1535 dehet:
955 1469 1010 1534 sed
1032 1479 1137 1537 tamen
1159 1479 1297 1540 omnium
1320 1475 1466 1541 ordinum
1487 1498 1561 1543 con·

238 1586 364 1642 sensus,
386 1565 556 1650 gratiarum
578 1565 661 1630 aetio
682 1563 913 1651 gratulatioque
934 1584 985 1628 me
999 1575 1192 1645 commovet3
1215 1578 1381 1655 propterea
1397 1570 1483 1656 quod
1504 1591 1562 1656 po-

239 1660 381 1747 pularem
402 1681 453 1726 me
475 1680 544 1725 esse
565 1659 598 1724 in
619 1658 729 1745 populi
750 1658 848 1724 salute
869 1658 1065 1743 praeclarum
1088 1669 1145 1726 est.
1188 1667 1219 1731 3.
1242 1662 1304 1728 Sed
1325 1663 1403 1729 haee
1425 1672 1455 1730 te
1477 1665 1560 1730 malo

238 1753 278 1818 ah
300 1755 379 1821 aliis.
420 1759 471 1821 lde
501 1753 595 1819 velim
624 1752 663 1818 de
688 1752 750 1818 tuis
771 1749 866 1818 rebus
887 1753 1088 1838 consiliisque
1115 1754 1209 1821 iacias
1231 1755 1465 1842 diligentissime
1492 1779 1560 1824 cer-

238 1848 368 1924 tiorem,
398 1847 536 1934 illudque
557 1847 753 1922 consideres,
783 1867 823 1911 ne
844 1855 897 1912 tna
917 1845 1087 1944 liberalitas
1109 1847 1292 1916 dissolutior
1312 1851 1465 1918 videatur.
1509 1853 1599 1918 Sictt

237 1948 330 2007 sentit
358 1951 498 2015 senatus,
527 1942 573 2007 sie
600 1941 736 2027 populus
765 1945 941 2015 Romanus,
970 1940 1073 2006 nullos
1101 1963 1239 2029 unquam
1266 1942 1371 2011 hostes
1400 1945 1560 2031 digniores

237 2037 324 2102 omni
338 2037 492 2123 supplicio
513 2035 610 2101 luisse
632 2055 725 2122 quam
742 2055 798 2101 eos
819 2034 921 2110 cives,
943 2033 997 2120 qui
1018 2033 1079 2100 hoe
1093 2034 1177 2102 hello
1199 2048 1307 2103 contra
1320 2040 1451 2123 patriam
1473 2061 1560 2106 arma

236 2142 402 2216 ceperunt;
431 2151 513 2216 quos
540 2129 668 2216 quidem
696 2149 756 2214 ego
785 2125 930 2195 omnihus
959 2129 1119 2194 sententiis
1147 2131 1284 2198 ulciscor
1310 2141 1341 2197 et
1364 2152 1558 2218 persequor,

236 2224 383 2289 omnihus
404 2222 494 2290 honis
516 2220 772 2311 approbantibus.
809 2229 854 2290 Tu
878 2222 954 2310 quid
982 2222 1021 2288 de
1039 2222 1146 2289 haere
1167 2225 1296 2299 sentias,
1320 2225 1365 2292 tui
1379 2226 1488 2292 iudicii
1503 2236 1559 2292 est.

236 2320 303 2401 Ego
330 2318 376 2382 sic
396 2318 513 2393 sentio,
544 2317 638 2383 trium
668 2316 799 2382 fratrum
829 2337 924 2382 unam
946 2325 978 2382 et
999 2315 1130 2382 eandem
1152 2338 1220 2383 esse
1242 2339 1376 2386 causam.
1420 2323 1451 2384 4.
1480 2323 1597 2386 eon-20

235 2411 319 2476 sules
341 2410 437 2487 duos,
460 2411 561 2478 honos
583 2411 710 2500 quidem
732 2410 788 2477 sed
810 2410 971 2476 dumtaxat
992 2408 1107 2485 honos,
1135 2411 1306 2478 amisimus.
1349 2412 1468 2478 Hirtius
1490 2412 1560 2500 qui-

235 2503 307 2568 dem
328 2505 362 2570 in
382 2507 451 2591 ipsa
471 2507 603 2572 victoria
626 2504 757 2579 occidit,
787 2525 857 2570 enm
880 2503 988 2591 paucis
1010 2504 1120 2569 diehm
1141 2526 1255 2590 magno
1276 2506 1399 2592 proelio
1420 2515 1492 2572 aute
1513 2511 1560 2574 ri-

234 2598 337 2664 oisset.
380 2604 455 2664 Nam
478 2604 577 2666 Pansa
598 2598 738 2683 fugerat,
768 2597 951 2664 vulneribus
973 2598 1122 2685 acceptis,
1151 2621 1231 2684 quae
1254 2599 1337 2666 ierre
1363 2622 1426 2666 non
1448 2601 1558 2687 potuit.

234 2691 392 2777 Reliquias
420 2694 556 2759 hostium
584 2698 699 2758 Brutus
727 2691 928 2776 persequitur
956 2699 987 2754 et
1012 2695 1135 2757 Caesar.
1175 2695 1289 2758 Hostes
1317 2705 1421 2759 autem
1451 2715 1559 2760 omues

234 2783 378 2858 iudicati,
401 2785 456 2871 qui
470 2790 510 2852 M.
525 2784 652 2850 Antonii
673 2792 789 2848 sectam
811 2784 911 2848 secuti
932 2791 1014 2848 sunt.
1050 2789 1158 2870 ltaque
1180 2784 1213 2848 id
1234 2797 1359 2852 senatus
1381 2786 1596 2852 consultuma·

234 2876 377 2963 plerique
398 2878 644 2964 interpretantur
666 2876 761 2942 etiam
785 2875 825 2942 ad
847 2885 919 2943 tuos
940 2877 1006 2942 sive
1028 2877 1167 2962 captivos
1189 2877 1255 2942 sive
1277 2878 1440 2944 dediticios
1461 2881 1558 2965 perti·

234 2990 323 3035 nere.
364 2970 520 3057 Equidem
540 2970 619 3036 nihil
640 2971 774 3037 disserui
795 2968 921 3046 durius,
943 2989 1013 3035 curn
1036 2969 1219 3035 nominatim
1240 2971 1281 3037 de
1300 2975 1333 3039 C.
1346 2973 1482 3038 Antonio
1504 2972 1558 3038 de·

234 3085 414 3140 cernerem,
443 3064 529 3150 quod
556 3064 600 3128 ita
627 3073 812 3140 statueram,
844 3084 863 3129 a
892 3072 923 3129 te
950 3083 1142 3149 cognoscere
1169 3083 1293 3130 eausam
1323 3064 1390 3132 eius
1417 3075 1557 3134 senatum

234 3165 395 3243 oportere.
437 3179 473 3226 x.
497 3157 630 3226 Kalend.
652 3158 758 3225 Maias.

647 3342 700 3405 IV.
742 3341 892 3406 BRUTUS
914 3338 1098 3406 CICERONI
1119 3341 1150 3404 S.
1566 3363 1593 3404 aa

321 3493 350 3555 1.
380 3489 502 3567 Quanta
524 3489 582 3554 sim
605 3487 722 3554 laetitia
744 3487 890 3564 aflectus,
918 3488 1051 3574 cognitis
1071 3485 1167 3552 rebus
1188 3487 1277 3553 Bruti
1304 3489 1404 3554 nostri
1432 3497 1464 3556 et
1485 3509 1559 3554 con·

233 3583 353 3657 sulum,
383 3583 504 3648 facilius
526 3581 653 3649 esttibi
675 3583 854 3648 existimare
876 3604 969 3670 quam
992 3581 1068 3647 mihi
1089 3579 1239 3647 scrihere.
1283 3585 1360 3649 Cum
1382 3582 1442 3648 alia
1464 3582 1558 3649 laudo

233 3685 265 3742 et
291 3675 414 3765 gaudeo
436 3677 602 3753 accidisse,
631 3686 699 3743 tum
728 3678 814 3764 quod
836 3677 924 3742 Bruti
953 3677 1078 3762 eruptio
1105 3696 1169 3742 uon
1196 3677 1297 3742 solum
1325 3676 1384 3763 ipsi
1413 3677 1557 3744 salutaris

232 3772 291 3838 luit
319 3771 489 3838 sedetiam
513 3771 651 3838 maximo
673 3770 713 3837 ad
733 3771 898 3839 victoriam
921 3770 1111 3835 adiumento.
1154 3773 1183 3834 1.
1216 3771 1309 3848 Quod
1332 3770 1443 3837 scribis
1464 3771 1556 3850 mihi,

169 3857 174 3864 ’
231 3867 329 3932 trium
351 3868 558 3932 Antoniorum
584 3889 678 3933 unaru
701 3875 794 3951 atque
816 3866 946 3931 eandem
969 3885 1093 3930 causam
1115 3885 1200 3941 esse;
1232 3864 1308 3948 quid
1330 3885 1390 3949 ego
1412 3866 1597 3942 sentiam„

231 3961 295 4025 mei
317 3960 425 4025 iudicii
447 3981 531 4026 esse:
560 3970 662 4027 statuo
683 3960 762 4026 nihil
783 3960 845 4025 uisi
867 3959 942 4025 hoc:
972 3967 1096 4023 senatus
1117 3965 1171 4022 aut
1191 3956 1301 4043 populi
1323 3959 1455 4022 Romani
1477 3958 1558 4024 iudi·

231 4053 315 4118 cium
338 4073 407 4118 esse
429 4053 469 4119 de
490 4054 530 4120 iis
550 4053 687 4128 civibus,
719 4055 774 4140 qui
794 4062 967 4139 pugnantes
990 4073 1053 4120 non
1074 4051 1259 4117 interierint.
1302 4055 1342 4115 ht
1364 4051 1424 4116 hoc
1444 4051 1558 4138 ipsum,

231 4146 372 4232 inquies,
394 4147 502 4235 inique
524 4147 618 4224 sacis,
648 4147 703 4234 qui
724 4147 847 4214 hostilis
868 4147 964 4212 animi
985 4146 1018 4212 in
1038 4165 1109 4210 rem
1129 4144 1286 4231 puhhcam
1310 4143 1453 4212 homiues
1474 4146 1559 4212 cives

232 4241 379 4328 appelles.
429 4245 530 4308 Immo
560 4241 740 4307 iustissime.
794 4240 888 4319 Quod
917 4239 1001 4305 enim
1029 4239 1170 4305 nondum
1198 4248 1324 4304 senatus
1354 4240 1474 4306 censuit
1502 4262 1560 4306 nec

231 4334 367 4422 populus
388 4340 547 4402 Romanus
568 4335 674 4410 iussit,
704 4334 737 4400 id
758 4342 943 4420 arroganter
964 4354 1028 4399 non
1048 4333 1233 4420 praeiudico
1255 4354 1358 4420 neque
1380 4355 1497 4400 revoco
1520 4334 1597 4410 adro

231 4426 397 4494 arbitrium
418 4449 535 4496 meum.
579 4427 659 4494 lllud
681 4428 807 4516 quidem
828 4449 893 4494 non
914 4436 1019 4502 muto,
1042 4427 1128 4514 quod
1149 4427 1195 4501 ei,
1224 4447 1318 4514 quem
1340 4449 1392 4492 me
1413 4425 1559 4494 occidere

298 4647 326 4698 a.
351 4647 393 4696 lio
411 4641 479 4708 eum]
507 4644 570 4696 &em
588 4659 620 4696 eo
639 4648 675 4707 ll,
695 4649 738 4698 llo
755 4660 811 4698 aum
830 4648 910 4708 Plus,
929 4645 973 4696 Eo
991 4659 1071 4709 quum
1091 4645 1256 4703 Cratander,
1277 4645 1316 4695 Ah
1334 4660 1366 4696 ea
1383 4659 1464 4708 qoam
1482 4647 1560 4697 harn-

230 4715 327 4774 binus:
353 4717 418 4767 item
438 4717 593 4778 Ernestlns,
619 4718 721 4768 addens
747 4731 826 4769 essem
845 4724 904 4780 post
922 4733 948 4770 r.
969 4717 1112 4774 dedicatos:
1141 4729 1197 4765 om.
1218 4715 1284 4766 Cod.
1307 4717 1469 4767 Barherlnus
1487 4718 1559 4782 apud

230 4785 359 4837 Garaton.
379 4787 497 4850 Philipp.
518 4787 567 4848 ld,
586 4787 613 4838 5.
634 4802 661 4850 p.
681 4789 742 4840 551.
771 4811 801 4825 ··
837 4789 880 4839 lt).
900 4793 957 4837 tum
974 4789 1091 4836 maximo
1112 4785 1268 4836 Lambinus.
1302 4810 1329 4821 -
1369 4789 1412 4840 13.
1434 4801 1474 4838 ma
1492 4789 1560 4838 Gru·

229 4863 289 4908 tero
307 4863 417 4908 auctore
436 4858 490 4908 del·
511 4857 679 4908 Schuetalus.
705 4885 738 4895 -
774 4870 853 4908 msera
871 4858 903 4908 n.
934 4883 964 4894 -
1003 4857 1046 4906 14.
1066 4857 1248 4906 olttsoude're.
1276 4853 1321 4906 Me
1339 4855 1361 4906 1.
1390 4881 1420 4893 -
1459 4857 1502 4908 18.
1522 4872 1561 4908 aa·

230 4939 298 4990 quor
315 4928 337 4977 1.
362 4951 388 4962 -
426 4929 471 4978 11.
492 4928 575 4978 honor
592 4929 709 4978 consoles
726 4930 863 4978 omisimus
881 4927 941 4980 llll.
963 4951 992 4963 -
1028 4927 1070 4976 32.
1091 4923 1139 4988 est]
1160 4931 1224 4976 esset
1243 4939 1283 4988 pr.
1303 4927 1341 4976 Μ.
1362 4953 1394 4962 -
1432 4928 1476 4980 31.
1495 4929 1560 4980 seri-

230 4998 270 5048 δὴ
286 4999 350 5050 mthl
367 5000 449 5050 trium
468 4999 525 5050 Ml:
545 4999 641 5050 serilla
659 5001 742 5049 trium
761 4998 814 5048 llll.
836 5025 867 5036 -
904 4998 947 5048 37.
968 4997 1007 5046 hia
1025 4996 1075 5047 ΜΙ.
1098 5020 1127 5032 -
1165 4995 1208 5046 38.
1228 4997 1314 5059 iniqui
1331 4997 1362 5047 ll.
