3666 5874
305 433 407 484 [ΠΝ

303 582 409 648 totum
429 580 587 649 volumen
607 578 686 647 mibi
706 578 872 647 adversus
893 577 982 646 illam
996 577 1224 648 restituendus
1239 579 1355 667 inerit,
1377 599 1450 649 cum
1464 597 1632 668 persaepe

302 686 336 752 ln
358 684 424 754 boc
446 682 654 753 emendanda
675 685 766 751 esset
786 685 939 753 recensio
960 684 1171 752 Ernestiana.
1214 685 1393 770 Expressit
1410 684 1581 752 Victorius
1596 687 1630 752 ln

301 788 471 878 plerisque
492 792 598 876 ipsam
619 787 692 856 Md.
707 789 921 874 scripturam,
949 789 1054 856 veluti
1075 787 1114 856 lut
1135 791 1170 856 et
1191 786 1245 857 luia
1266 807 1328 876 pro
1350 793 1377 854 tt
1398 794 1433 855 et
1453 791 1514 880 tie,
1542 788 1631 855 rett-

302 911 396 985 cum,
422 893 608 983 mercantes,
636 898 828 983 aemorum,
858 893 952 984 dest,
974 892 1088 977 derra
1111 891 1251 983 bonnaci,
1274 892 1410 983 beroart,
1432 910 1474 961 ac
1495 893 1630 980 similia3

300 996 396 1064 locos
417 995 617 1078 desperatos
637 994 778 1063 ildeliier
800 995 965 1083 exhibuit,
997 994 1267 1084 quemadmodum
1296 996 1456 1080 leguntur
1482 995 1517 1062 in
1537 994 1631 1083 Md3

301 1102 403 1186 allos,
432 1104 487 1188 qul
508 1101 620 1167 sanari
643 1118 745 1186 posse
765 1097 985 1185 videbantur,
1011 1101 1161 1168 correxit
1180 1100 1237 1167 vel
1260 1101 1396 1188 proprio
1418 1099 1552 1186 Marte,
1572 1097 1630 1166 vel

301 1223 345 1271 ax
365 1204 513 1272 Manutii
534 1204 738 1292 aliorumque
756 1207 983 1272 correctorum
1005 1203 1184 1271 sententiis
1204 1203 1266 1271 sibi
1289 1205 1450 1290 probatis.
1490 1203 1547 1271 Ac
1566 1203 1631 1270 nisi

299 1325 423 1399 magno
445 1326 549 1394 opere
570 1309 688 1395 fallor,
708 1327 777 1374 non
798 1311 865 1375 tam
887 1309 1030 1394 priorem
1048 1327 1140 1375 suam
1158 1305 1336 1375 editionem
1353 1307 1463 1375 denuo
1482 1307 1631 1376 correxit

299 1412 344 1480 ad
366 1414 539 1498 exemplar
558 1410 766 1498 Mediceum,
788 1430 884 1499 quam
905 1411 1138 1480 Manutianam
1160 1413 1302 1499 aliquam
1323 1431 1345 1480 a
1363 1431 1400 1480 se
1423 1410 1630 1480 emendatam

164 1595 177 1620 ι
299 1516 488 1603 typothetis
510 1513 757 1604 exprimendam
779 1514 933 1600 tradidit,
960 1514 1063 1602 unde,
1090 1519 1129 1584 ut
1150 1516 1203 1604 iit,
1230 1522 1462 1584 remanserunt
1483 1515 1630 1583 Manutil

299 1621 427 1707 aliquot
442 1639 586 1687 errores.
628 1620 670 1687 ln
680 1619 767 1688 banc
781 1618 911 1706 quidem
921 1621 1164 1712 recognitionis
1175 1623 1302 1707 partem
1318 1621 1491 1707 plurimum
1506 1620 1631 1687 laboris

300 1725 400 1792 nobis
420 1724 648 1792 insumendum
664 1729 755 1791 erat:
778 1721 866 1790 baud
887 1742 965 1791 raro
989 1726 1074 1791 enim
1094 1723 1168 1793 Md.
1182 1726 1283 1792 lectio
1305 1725 1436 1791 minime
1457 1722 1630 1810 indigebat

299 1832 527 1914 correctione,
560 1827 623 1896 sed
643 1829 923 1916 interpretatione
944 1827 1134 1914 dumtaxat,
1163 1847 1228 1915 quo
1250 1828 1379 1896 veritas
1401 1827 1473 1896 elus
1495 1828 1630 1914 perspl-

291 1938 451 2019 ·ccretur3
478 1933 556 2002 alibi
579 1951 623 2000 cx
644 1936 804 2019 corrupta
825 1931 899 1999 Md.
912 1933 1080 2018 scriptura
1100 1951 1190 2000 nunc
1211 1931 1339 1999 demum
1361 1933 1515 2021 cognita,
1546 1931 1630 2017 alla,

298 2041 400 2124 alque
422 2035 531 2105 adhuc
553 2037 678 2104 lactum
701 2039 810 2122 esset,
831 2038 963 2103 ratione
984 2037 1069 2103 inita
1090 2035 1239 2123 depromi
1253 2039 1350 2102 recia
1363 2037 1464 2104 lectio
1480 2038 1629 2122 poterat:

297 2144 336 2207 nt
361 2141 418 2208 vel
445 2140 511 2210 boo
539 2141 672 2208 nomine
702 2137 908 2207 emendatior
936 2143 981 2207 sit
1008 2138 1092 2207 baec
1121 2143 1240 2207 nostra
1269 2138 1391 2229 editio,
1428 2157 1524 2226 quam
1556 2139 1630 2225 ipsa

298 2244 496 2312 Victoriana
518 2245 642 2328 altera,
675 2245 877 2330 multumque
898 2244 1108 2312 lucrifacium
1130 2245 1174 2309 sit
1197 2246 1229 2310 in
1252 2262 1342 2310 nova
1364 2240 1425 2312 Cd.
1441 2244 1630 2311 collatione.

297 2347 521 2416 Accedebant
543 2352 735 2435 praeterea,
758 2367 843 2434 quac
864 2353 984 2433 postea
1002 2346 1198 2436 Lambinus,
1220 2346 1387 2416 Graevius
1403 2349 1630 2434 posteriores-

299 2471 364 2539 que
387 2451 534 2518 editores
556 2450 600 2517 ad
623 2471 704 2520 vere
727 2450 965 2518 emendandum
988 2450 1074 2538 Epp.
1089 2455 1282 2519 contextum
1303 2453 1505 2537 attulerunt,
1525 2453 1630 2519 sulse

298 2557 503 2624 coniecturis
523 2557 646 2644 magis,
669 2574 764 2642 quam
787 2575 806 2622 e
829 2553 913 2624 Cdd.
955 2550 1024 2623 Sed
1048 2555 1129 2620 nibil
1152 2557 1283 2622 omnino
1307 2557 1379 2623 elus
1403 2555 1490 2642 quod
1512 2554 1631 2622 aderat

298 2659 522 2747 spernendum
536 2659 733 2750 videbatur,
756 2663 793 2726 nt
806 2677 894 2726 nnnc
909 2658 945 2725 iit
961 2677 982 2725 a
997 2659 1118 2726 multis.
1163 2656 1366 2747 Quamquam
1389 2659 1493 2727 ceteri
1516 2677 1631 2725 omnes

297 2764 402 2854 longe
417 2764 482 2830 alla
497 2765 554 2830 vla
572 2782 612 2831 ac
634 2765 766 2830 ratione
787 2761 945 2830 utendum
969 2781 1044 2830 csse
1065 2765 1128 2832 sibi
1144 2766 1397 2851 persuaserant,
1420 2783 1463 2830 ex
1480 2764 1631 2831 omnibus

299 2887 373 2938 curn
389 2866 472 2936 cdd.
488 2871 555 2934 tum
577 2867 791 2934 lildltionibus
812 2867 1055 2953 antiquioribus
1082 2873 1292 2934 assumentes
1314 2885 1530 2954 quaecunque
1553 2869 1630 2953 pla-

298 2975 439 3061 cebant,
471 2973 654 3038 numeratis
682 2990 785 3058 saepe
818 2970 917 3055 cdd,
949 2990 1017 3037 non
1049 2971 1261 3058 ponderatis,
1294 2991 1380 3059 quae
1412 2971 1630 3056 reprehensio

297 3078 439 3145 maxime
468 3077 559 3144 cadit
588 3077 623 3141 ln
652 3073 890 3163 Benedictum,
923 3077 977 3162 qui
1009 3080 1201 3164 praeterea,
1233 3078 1272 3142 ui
1300 3075 1376 3142 mihi
1405 3078 1551 3142 testatus
1577 3077 1631 3142 est

297 3179 512 3266 Wunderus,
546 3197 706 3266 perquam
735 3179 950 3270 negligenter
978 3173 1061 3247 (idd.
1084 3200 1164 3247 suos
1191 3181 1348 3267 contulit3
1385 3179 1470 3248 adeo
1500 3187 1537 3246 ut
1559 3181 1631 3248 elus

297 3287 489 3353 testimonia
510 3282 601 3349 haud
622 3302 699 3349 raro
721 3287 882 3367 suspecta
903 3302 979 3350 esse
1001 3283 1157 3351 debeant.
1198 3284 1252 3351 lta
1271 3291 1380 3350 autem
1402 3287 1529 3351 versati
1552 3286 1630 3351 sunt

298 3393 332 3455 ln
355 3390 407 3454 bis
428 3387 515 3474 Epp.
537 3388 600 3451 iam
632 3386 808 3452 Manutius
829 3405 870 3453 ac
897 3387 1094 3476 Lambinus,
1128 3388 1246 3472 quibus
1278 3389 1473 3474 permultum
1506 3387 1631 3457 debent

296 3491 491 3579 Epistolae,
515 3491 591 3576 plus
613 3485 712 3556 eiiam
735 3489 947 3574 debuissent,
974 3491 1002 3555 si
1024 3490 1207 3558 Victoriam
1232 3493 1455 3576 pressioribus
1475 3493 1631 3583 vestigiis

298 3598 392 3682 aequi
417 3595 603 3661 voluissent
611 3614 621 3683 3
657 3593 718 3661 sed
741 3596 845 3661 tacita
868 3591 1027 3679 quaedam
1050 3595 1228 3660 aemulatio
1251 3600 1424 3683 utrumqne
1446 3597 1489 3662 ab
1511 3615 1551 3663 eo
1573 3599 1630 3661 vl-

298 3699 398 3768 deiur
419 3698 624 3783 demovisse,
656 3697 745 3764 unde
767 3696 890 3764 iactum
914 3701 981 3782 est,
1010 3701 1047 3762 ut
1070 3699 1177 3765 obiter
1199 3700 1427 3767 tantummodo
1449 3703 1631 3788 praestan-

298 3806 457 3872 tissimam
480 3801 708 3870 l'lctorinnam
730 3802 869 3868 alteram
891 3808 1089 3868 memoraret
1110 3803 1307 3894 Lambinus,
1340 3808 1453 3893 immo,
1483 3809 1511 3873 sl
1538 3809 1631 3874 recte

298 3907 384 3994 vidi,
417 3907 519 3975 semel
550 3905 733 3972 dumtaxat.
776 3903 859 3971 Turn
890 3907 946 3992 qul
972 3905 1151 3973 adornavit
1177 3910 1350 3994 pessimam
1375 3910 1462 3976 illam
1485 3910 1631 3996 Repeti-

300 4015 424 4080 tionem
445 4011 709 4088 Lambinianam,
733 4027 776 4076 cx
799 4027 864 4096 qua
886 4012 997 4076 tamen
1019 4011 1053 4076 in
1074 4011 1242 4099 plerisque
1258 4017 1336 4099 post
1351 4012 1529 4082 Gruterum
1545 4031 1631 4081 con-

298 4119 464 4186 formatus
485 4117 537 4182 est
559 4115 731 4198 paullatim
755 4117 937 4180 contextus
957 4115 1135 4202 vulgatus,
1168 4114 1201 4182 id
1230 4120 1300 4204 esi,
1329 4117 1566 4205 Ernestlanus3
1602 4121 1632 4186 is

299 4224 418 4310 igilur,
453 4239 549 4307 quem
583 4219 787 4305 potissimum
817 4221 954 4286 secutus
983 4220 1029 4286 sit
1058 4223 1243 4308 auctorem,
1279 4241 1418 4308 prorsus
1450 4241 1501 4290 me
1532 4223 1631 4314 fugit.

300 4325 418 4414 Neque
441 4343 524 4392 vero
546 4326 630 4390 satis
652 4322 823 4411 explicare
845 4340 946 4410 queo,
979 4339 1040 4390 cur
1059 4322 1148 4391 baud
1170 4343 1246 4391 raro
1267 4330 1449 4393 contextus
1470 4326 1631 4418 vulgatus

301 4449 374 4500 cum
396 4429 555 4497 Medicco
583 4428 687 4495 iaciat
716 4447 783 4494 non
809 4428 913 4494 solum
941 4430 1059 4494 contra
1085 4421 1413 4516 cmtsndrtnamil,
1444 4430 1631 4500 sedetiam

302 4541 421 4604 contra
448 4532 675 4601 Victorianam
704 4533 855 4619 primam,
886 4530 1119 4622 Manniianas,
1147 4537 1182 4600 et
1200 4533 1446 4603 Lamblnlanam
1468 4537 1631 4608 sinceram

302 4642 381 4708 anni
410 4635 637 4706 M.D.LXV1.
685 4635 885 4706 Gebhardus
919 4640 1030 4704 autem
1066 4641 1133 4704 tum
1158 4657 1178 4705 e
1208 4637 1290 4706 cdd.
1316 4641 1387 4708 suls
1418 4641 1631 4730 vulgaribus,

373 4822 395 4890 ¹)
412 4825 473 4888 Sic,
503 4824 617 4890 arampii
637 4826 738 4891 qratia,
759 4835 807 4886 par
824 4834 904 4876 unam
922 4825 972 4888 Ep.
992 4826 1020 4878 i.
1038 4825 1096 4878 Lib.
1116 4824 1142 4876 ³.
1179 4824 1352 4882 Cratandrina
1371 4830 1398 4882 lu
1416 4829 1458 4882 tir
1476 4831 1577 4884 recedit
1594 4831 1629 4883 ab

306 4905 401 4961 ordina
426 4905 567 4960 verborum
595 4905 656 4960 ild.
683 4910 845 4967 nostroquae
874 4900 904 4968 8.
923 4906 1014 4958 Lilia
1037 4907 1085 4958 tibi
1108 4905 1207 4973 omia]
1240 4913 1328 4963 omnia
1356 4909 1400 4963 illa
1427 4910 1475 4964 tibi
1502 4910 1573 4966 tint.
1597 4937 1627 4954 -

304 4985 337 5054 3.
356 4985 384 5036 t.
402 4987 490 5038 minat
505 4989 558 5054 psit
582 4982 673 5051 maor]
702 4988 790 5037 minua
809 4989 887 5037 notua
906 4982 966 5036 tuti.
996 5011 1027 5026 -
1054 4985 1141 5050 {octor
1159 4985 1207 5053 art]
1226 4997 1266 5042 aaa
1283 4989 1376 5044 iaetus.
1407 5015 1436 5031 -
1467 4991 1544 5045 oola
1567 4989 1627 5057 mm]

305 5070 358 5123 aim
375 5065 461 5124 raldo.
481 5091 514 5104 —
533 5067 628 5119 curari
644 5079 663 5118 o
679 5061 730 5131 ma]
750 5075 766 5116 a
784 5075 827 5119 ma
846 5067 942 5118 curan.
978 5062 1008 5130 8.
1027 5067 1055 5122 3.
1073 5070 1130 5135 opit
1148 5067 1262 5137 praetor]
1281 5073 1377 5137 gratian
1396 5073 1459 5138 agit.
