<?xml version="1.0" encoding="UTF-8"?>
<!DOCTYPE html PUBLIC "-//W3C//DTD XHTML 1.0 Transitional//EN"
    "http://www.w3.org/TR/xhtml1/DTD/xhtml1-transitional.dtd">
<html xmlns="http://www.w3.org/1999/xhtml" xml:lang="en" lang="en">
 <head>
  <title>
</title>
<meta http-equiv="Content-Type" content="text/html;charset=utf-8" />
  <meta name='ocr-system' content='tesseract 3.04.00' />
  <meta name='ocr-capabilities' content='ocr_page ocr_carea ocr_par ocr_line ocrx_word'/>
</head>
<body>
  <div class='ocr_page' id='page_1' title='image "./mtulliiciceroni06baitgoog_0464.png"; bbox 0 0 3668 5924; ppageno 0'>
   <div class='ocr_carea' id='block_1_1' title="bbox 700 431 1523 498">
    <p class='ocr_par' dir='ltr' id='par_1_1' title="bbox 700 431 1523 498">
     <span class='ocr_line' id='line_1_1' title="bbox 700 431 1523 498; baseline 0.005 -4"><span class='ocrx_word' id='word_1_1' title='bbox 700 431 774 496; x_wconf 85' lang='lat' dir='ltr'><strong>Llli.</strong></span> <span class='ocrx_word' id='word_1_2' title='bbox 795 431 833 495; x_wconf 91' lang='grc'><strong>11.</strong></span> <span class='ocrx_word' id='word_1_3' title='bbox 876 432 934 497; x_wconf 85' lang='grc' dir='ltr'><strong>ΕΡ.</strong></span> <span class='ocrx_word' id='word_1_4' title='bbox 956 431 986 494; x_wconf 77' lang='grc'><strong>2.</strong></span> <span class='ocrx_word' id='word_1_5' title='bbox 1008 433 1038 494; x_wconf 86' lang='grc'><strong>3.</strong></span> <span class='ocrx_word' id='word_1_6' title='bbox 1461 435 1523 498; x_wconf 76' lang='grc'><strong>403</strong></span> 
     </span>
    </p>
   </div>
   <div class='ocr_carea' id='block_1_2' title="bbox 199 587 1528 957">
    <p class='ocr_par' dir='ltr' id='par_1_2' title="bbox 199 587 1528 957">
     <span class='ocr_line' id='line_1_2' title="bbox 207 587 1524 675; baseline 0.002 -19"><span class='ocrx_word' id='word_1_7' title='bbox 207 591 285 666; x_wconf 86' lang='lat' dir='ltr'><strong>tius,</strong></span> <span class='ocrx_word' id='word_1_8' title='bbox 312 597 344 654; x_wconf 89' lang='lat' dir='ltr'><strong>et</strong></span> <span class='ocrx_word' id='word_1_9' title='bbox 371 608 443 654; x_wconf 92' lang='lat' dir='ltr'><strong>cum</strong></span> <span class='ocrx_word' id='word_1_10' title='bbox 467 591 617 661; x_wconf 85' lang='lat' dir='ltr'><strong>Graecos,</strong></span> <span class='ocrx_word' id='word_1_11' title='bbox 647 596 713 654; x_wconf 87' lang='lat' dir='ltr'><strong>tum</strong></span> <span class='ocrx_word' id='word_1_12' title='bbox 739 607 818 654; x_wconf 86' lang='lat' dir='ltr'><strong>vero</strong></span> <span class='ocrx_word' id='word_1_13' title='bbox 838 587 1003 675; x_wconf 76' lang='lat' dir='ltr'><strong>diligenter</strong></span> <span class='ocrx_word' id='word_1_14' title='bbox 1023 587 1148 653; x_wconf 80' lang='lat' dir='ltr'><strong>Latirms</strong></span> <span class='ocrx_word' id='word_1_15' title='bbox 1177 592 1212 652; x_wconf 92' lang='lat' dir='ltr'><strong>ut</strong></span> <span class='ocrx_word' id='word_1_16' title='bbox 1232 606 1399 657; x_wconf 86' lang='lat' dir='ltr'><strong>conserves</strong></span> <span class='ocrx_word' id='word_1_17' title='bbox 1419 591 1524 659; x_wconf 86' lang='lat' dir='ltr'><strong>velim.</strong></span> 
     </span>
     <span class='ocr_line' id='line_1_3' title="bbox 206 678 1525 768; baseline 0.002 -18"><span class='ocrx_word' id='word_1_18' title='bbox 206 689 309 750; x_wconf 82' lang='lat' dir='ltr'><strong>Tuum</strong></span> <span class='ocrx_word' id='word_1_19' title='bbox 336 703 405 748; x_wconf 85' lang='lat' dir='ltr'><strong>esse</strong></span> <span class='ocrx_word' id='word_1_20' title='bbox 432 680 493 746; x_wconf 90' lang='lat' dir='ltr'><strong>hoc</strong></span> <span class='ocrx_word' id='word_1_21' title='bbox 520 681 739 748; x_wconf 88' lang='lat' dir='ltr'><strong>munusculum</strong></span> <span class='ocrx_word' id='word_1_22' title='bbox 767 679 894 768; x_wconf 89' lang='lat' dir='ltr'><strong>putabo.</strong></span> <span class='ocrx_word' id='word_1_23' title='bbox 947 679 994 747; x_wconf 80' lang='lat' dir='ltr'><strong>ad</strong></span> <span class='ocrx_word' id='word_1_24' title='bbox 1016 680 1177 747; x_wconf 81' lang='lat' dir='ltr'><strong>Octavium</strong></span> <span class='ocrx_word' id='word_1_25' title='bbox 1199 678 1271 745; x_wconf 88' lang='lat' dir='ltr'><strong>dedi</strong></span> <span class='ocrx_word' id='word_1_26' title='bbox 1291 680 1426 764; x_wconf 67' lang='lat' dir='ltr'><strong>litteram</strong></span> <span class='ocrx_word' id='word_1_27' title='bbox 1453 705 1525 752; x_wconf 90' lang='lat' dir='ltr'><strong>cum</strong></span> 
     </span>
     <span class='ocr_line' id='line_1_4' title="bbox 199 769 1527 864; baseline 0.002 -22"><span class='ocrx_word' id='word_1_28' title='bbox 199 769 277 864; x_wconf 83' lang='lat' dir='ltr'><strong>¹ipso</strong></span> <span class='ocrx_word' id='word_1_29' title='bbox 309 776 386 842; x_wconf 93' lang='lat' dir='ltr'><strong>nibil</strong></span> <span class='ocrx_word' id='word_1_30' title='bbox 420 795 506 839; x_wconf 86' lang='lat' dir='ltr'><strong>eram</strong></span> <span class='ocrx_word' id='word_1_31' title='bbox 539 775 671 841; x_wconf 89' lang='lat' dir='ltr'><strong>locutus.</strong></span> <span class='ocrx_word' id='word_1_32' title='bbox 728 775 841 862; x_wconf 85' lang='lat' dir='ltr'>Neque</span> <span class='ocrx_word' id='word_1_33' title='bbox 876 775 959 840; x_wconf 91' lang='lat' dir='ltr'><strong>euim</strong></span> <span class='ocrx_word' id='word_1_34' title='bbox 994 774 1053 840; x_wconf 87' lang='lat' dir='ltr'><strong>ista</strong></span> <span class='ocrx_word' id='word_1_35' title='bbox 1084 783 1138 840; x_wconf 89' lang='lat' dir='ltr'><strong>tua</strong></span> <span class='ocrx_word' id='word_1_36' title='bbox 1169 774 1293 859; x_wconf 83' lang='lat' dir='ltr'><strong>negotia</strong></span> <span class='ocrx_word' id='word_1_37' title='bbox 1325 776 1527 861; x_wconf 76' lang='lat' dir='ltr'><strong>provincialia</strong></span> 
     </span>
     <span class='ocr_line' id='line_1_5' title="bbox 207 867 1528 957; baseline 0.002 -21"><span class='ocrx_word' id='word_1_38' title='bbox 207 891 276 936; x_wconf 87' lang='lat' dir='ltr'><strong>esse</strong></span> <span class='ocrx_word' id='word_1_39' title='bbox 305 868 469 957; x_wconf 63' lang='lat' dir='ltr'><strong>putabam</strong></span> <span class='ocrx_word' id='word_1_40' title='bbox 498 889 601 955; x_wconf 85' lang='lat' dir='ltr'><strong>neque</strong></span> <span class='ocrx_word' id='word_1_41' title='bbox 622 879 653 934; x_wconf 91' lang='lat' dir='ltr'><strong>te</strong></span> <span class='ocrx_word' id='word_1_42' title='bbox 675 867 707 934; x_wconf 92' lang='lat' dir='ltr'><strong>in</strong></span> <span class='ocrx_word' id='word_1_43' title='bbox 729 868 951 936; x_wconf 79' lang='lat' dir='ltr'><strong>tocullionibus</strong></span> <span class='ocrx_word' id='word_1_44' title='bbox 972 867 1136 934; x_wconf 82' lang='lat' dir='ltr'><strong>habebam.</strong></span> <span class='ocrx_word' id='word_1_45' title='bbox 1179 867 1241 933; x_wconf 88' lang='lat' dir='ltr'><strong>Sed</strong></span> <span class='ocrx_word' id='word_1_46' title='bbox 1262 867 1388 955; x_wconf 84' lang='lat' dir='ltr'><strong>scripsi,</strong></span> <span class='ocrx_word' id='word_1_47' title='bbox 1419 881 1454 937; x_wconf 92' lang='lat' dir='ltr'><strong>ut</strong></span> <span class='ocrx_word' id='word_1_48' title='bbox 1474 871 1528 938; x_wconf 89' lang='lat' dir='ltr'><strong>de·</strong></span> 
     </span>
    </p>
   </div>
   <div class='ocr_carea' id='block_1_3' title="bbox 207 963 1551 1049">
    <p class='ocr_par' dir='ltr' id='par_1_3' title="bbox 207 963 1551 1049">
     <span class='ocr_line' id='line_1_6' title="bbox 207 963 1551 1049; baseline -0.011 -19"><span class='ocrx_word' id='word_1_49' title='bbox 207 963 278 1038; x_wconf 93' lang='lat' dir='ltr'><strong>bui,</strong></span> <span class='ocrx_word' id='word_1_50' title='bbox 301 964 479 1049; x_wconf 79' lang='lat' dir='ltr'><strong>diligenter.</strong></span> <span class='ocrx_word' id='word_1_51' title='bbox 1537 984 1551 1026; x_wconf 65' lang='lat'>5</span> 
     </span>
    </p>
   </div>
   <div class='ocr_carea' id='block_1_4' title="bbox 690 1103 1047 1186">
    <p class='ocr_par' dir='ltr' id='par_1_4' title="bbox 690 1103 1047 1186">
     <span class='ocr_line' id='line_1_7' title="bbox 690 1103 1047 1186; baseline 0 -17"><span class='ocrx_word' id='word_1_52' title='bbox 690 1107 733 1169; x_wconf 85' lang='lat'><strong>11.</strong></span> <span class='ocrx_word' id='word_1_53' title='bbox 776 1104 826 1186; x_wconf 75' lang='lat' dir='ltr'><strong>(A.</strong></span> <span class='ocrx_word' id='word_1_54' title='bbox 852 1107 885 1170; x_wconf 87' lang='lat' dir='ltr'><strong>u.</strong></span> <span class='ocrx_word' id='word_1_55' title='bbox 907 1108 939 1170; x_wconf 87' lang='lat' dir='ltr'><strong>e.</strong></span> <span class='ocrx_word' id='word_1_56' title='bbox 962 1103 1047 1184; x_wconf 77' lang='lat' dir='ltr'><strong>aec.)</strong></span> 
     </span>
    </p>
   </div>
   <div class='ocr_carea' id='block_1_5' title="bbox 690 1227 1051 1292">
    <p class='ocr_par' dir='ltr' id='par_1_5' title="bbox 690 1227 1051 1292">
     <span class='ocr_line' id='line_1_8' title="bbox 690 1227 1051 1292; baseline -0.003 0"><span class='ocrx_word' id='word_1_57' title='bbox 690 1227 832 1292; x_wconf 81' lang='lat' dir='ltr'><strong>ClCEltO</strong></span> <span class='ocrx_word' id='word_1_58' title='bbox 853 1227 997 1292; x_wconf 76' lang='lat' dir='ltr'>ATTICO</span> <span class='ocrx_word' id='word_1_59' title='bbox 1020 1229 1051 1291; x_wconf 85' lang='lat' dir='ltr'><strong>S.</strong></span> 
     </span>
    </p>
   </div>
   <div class='ocr_carea' id='block_1_6' title="bbox 207 1335 1531 1516">
    <p class='ocr_par' dir='ltr' id='par_1_6' title="bbox 207 1335 1531 1516">
     <span class='ocr_line' id='line_1_9' title="bbox 296 1335 1531 1414; baseline 0.001 -10"><span class='ocrx_word' id='word_1_60' title='bbox 296 1343 324 1404; x_wconf 92' lang='lat' dir='ltr'><strong>t.</strong></span> <span class='ocrx_word' id='word_1_61' title='bbox 347 1342 449 1411; x_wconf 89' lang='lat' dir='ltr'><strong>Cura,</strong></span> <span class='ocrx_word' id='word_1_62' title='bbox 485 1336 598 1403; x_wconf 88' lang='lat' dir='ltr'><strong>amabo</strong></span> <span class='ocrx_word' id='word_1_63' title='bbox 624 1347 671 1414; x_wconf 85' lang='lat' dir='ltr'><strong>te,</strong></span> <span class='ocrx_word' id='word_1_64' title='bbox 708 1336 890 1404; x_wconf 84' lang='lat' dir='ltr'><strong>Ciceronem</strong></span> <span class='ocrx_word' id='word_1_65' title='bbox 916 1344 1076 1414; x_wconf 91' lang='lat' dir='ltr'><strong>nostrum;</strong></span> <span class='ocrx_word' id='word_1_66' title='bbox 1113 1335 1143 1400; x_wconf 89' lang='lat' dir='ltr'><strong>ei</strong></span> <span class='ocrx_word' id='word_1_67' title='bbox 1170 1357 1229 1402; x_wconf 88' lang='lat' dir='ltr'><strong>nos</strong></span> <span class='ocrx_word' id='word_1_68' title='bbox 1258 1355 1425 1406; x_wconf 74' lang='grc' dir='ltr'><strong><em>συννοσεῖν</em></strong></span> <span class='ocrx_word' id='word_1_69' title='bbox 1446 1341 1531 1407; x_wconf 87' lang='lat' dir='ltr'><strong>vide·</strong></span> 
     </span>
     <span class='ocr_line' id='line_1_10' title="bbox 207 1427 1530 1516; baseline 0.002 -18"><span class='ocrx_word' id='word_1_70' title='bbox 207 1453 290 1502; x_wconf 92' lang='lat' dir='ltr'><strong>mur.</strong></span> <span class='ocrx_word' id='word_1_71' title='bbox 338 1435 369 1497; x_wconf 91' lang='grc'><strong>2.</strong></span> <span class='ocrx_word' id='word_1_72' title='bbox 391 1435 603 1512; x_wconf 59' lang='lat' dir='ltr'><strong>Heliconios</strong></span> <span class='ocrx_word' id='word_1_73' title='bbox 629 1433 663 1497; x_wconf 94' lang='lat' dir='ltr'><strong>in</strong></span> <span class='ocrx_word' id='word_1_74' title='bbox 683 1429 828 1497; x_wconf 89' lang='lat' dir='ltr'><strong>manibus</strong></span> <span class='ocrx_word' id='word_1_75' title='bbox 849 1427 994 1495; x_wconf 79' lang='lat' dir='ltr'><strong>tenebam</strong></span> <span class='ocrx_word' id='word_1_76' title='bbox 1016 1440 1045 1495; x_wconf 88' lang='lat' dir='ltr'><strong>et</strong></span> <span class='ocrx_word' id='word_1_77' title='bbox 1067 1429 1195 1496; x_wconf 90' lang='lat' dir='ltr'><strong>hercule</strong></span> <span class='ocrx_word' id='word_1_78' title='bbox 1216 1450 1362 1516; x_wconf 78' lang='lat' dir='ltr'><strong>magnum</strong></span> <span class='ocrx_word' id='word_1_79' title='bbox 1384 1453 1530 1500; x_wconf 85' lang='lat' dir='ltr'><strong>acervum</strong></span> 
     </span>
    </p>
   </div>
   <div class='ocr_carea' id='block_1_7' title="bbox 105 1523 1568 1611">
    <p class='ocr_par' dir='ltr' id='par_1_7' title="bbox 105 1523 1568 1611">
     <span class='ocr_line' id='line_1_11' title="bbox 105 1523 1568 1611; baseline 0.003 -21"><span class='ocrx_word' id='word_1_80' title='bbox 105 1569 111 1576; x_wconf 92' lang='lat'>-</span> <span class='ocrx_word' id='word_1_81' title='bbox 208 1524 391 1592; x_wconf 77' lang='lat' dir='ltr'><strong>Dicaearchi</strong></span> <span class='ocrx_word' id='word_1_82' title='bbox 420 1525 496 1590; x_wconf 91' lang='lat' dir='ltr'><strong>mihi</strong></span> <span class='ocrx_word' id='word_1_83' title='bbox 525 1523 719 1611; x_wconf 85' lang='lat' dir='ltr'><strong>antepedes</strong></span> <span class='ocrx_word' id='word_1_84' title='bbox 748 1533 978 1589; x_wconf 81' lang='lat' dir='ltr'><strong>exstruxeram.</strong></span> <span class='ocrx_word' id='word_1_85' title='bbox 1037 1526 1232 1608; x_wconf 78' lang='lat' dir='ltr'><strong>Omagnum</strong></span> <span class='ocrx_word' id='word_1_86' title='bbox 1254 1525 1427 1592; x_wconf 73' lang='lat' dir='ltr'><strong>homiuem!</strong></span> <span class='ocrx_word' id='word_1_87' title='bbox 1461 1538 1568 1596; x_wconf 76' lang='lat' dir='ltr'><strong>etate</strong></span> 
     </span>
    </p>
   </div>
   <div class='ocr_carea' id='block_1_8' title="bbox 200 1617 1571 2647">
    <p class='ocr_par' dir='ltr' id='par_1_8' title="bbox 200 1617 1571 2647">
     <span class='ocr_line' id='line_1_12' title="bbox 200 1617 1530 1707; baseline 0.003 -21"><span class='ocrx_word' id='word_1_88' title='bbox 200 1641 273 1707; x_wconf 52' lang='lat' dir='ltr'><strong>xquo</strong></span> <span class='ocrx_word' id='word_1_89' title='bbox 309 1621 408 1686; x_wconf 89' lang='lat' dir='ltr'><strong>multo</strong></span> <span class='ocrx_word' id='word_1_90' title='bbox 442 1620 535 1707; x_wconf 91' lang='lat' dir='ltr'><strong>plura</strong></span> <span class='ocrx_word' id='word_1_91' title='bbox 567 1618 714 1685; x_wconf 91' lang='lat' dir='ltr'><strong>didiceris</strong></span> <span class='ocrx_word' id='word_1_92' title='bbox 747 1638 840 1705; x_wconf 90' lang='lat' dir='ltr'><strong>quam</strong></span> <span class='ocrx_word' id='word_1_93' title='bbox 868 1619 907 1684; x_wconf 92' lang='lat' dir='ltr'><strong>de</strong></span> <span class='ocrx_word' id='word_1_94' title='bbox 937 1617 1084 1684; x_wconf 88' lang='lat' dir='ltr'><strong>Procilio.</strong></span> <span class='ocrx_word' id='word_1_95' title='bbox 1141 1622 1331 1704; x_wconf 66' lang='grc' dir='ltr'><strong><em>Κορινθίων</em></strong></span> <span class='ocrx_word' id='word_1_96' title='bbox 1366 1631 1398 1687; x_wconf 90' lang='lat' dir='ltr'><strong>et</strong></span> <span class='ocrx_word' id='word_1_97' title='bbox 1428 1627 1530 1704; x_wconf 66' lang='lat' dir='ltr'><strong>&#39;Abe-</strong></span> 
     </span>
     <span class='ocr_line' id='line_1_13' title="bbox 210 1711 1530 1799; baseline 0.001 -17"><span class='ocrx_word' id='word_1_98' title='bbox 210 1728 310 1782; x_wconf 82' lang='grc' dir='ltr'><strong><em>ναιων</em></strong></span> <span class='ocrx_word' id='word_1_99' title='bbox 335 1723 412 1799; x_wconf 87' lang='lat' dir='ltr'><strong>puto</strong></span> <span class='ocrx_word' id='word_1_100' title='bbox 440 1734 491 1778; x_wconf 88' lang='lat' dir='ltr'><strong>me</strong></span> <span class='ocrx_word' id='word_1_101' title='bbox 513 1719 630 1781; x_wconf 83' lang='lat' dir='ltr'><strong>Romae</strong></span> <span class='ocrx_word' id='word_1_102' title='bbox 658 1712 786 1778; x_wconf 90' lang='lat' dir='ltr'><strong>habere.</strong></span> <span class='ocrx_word' id='word_1_103' title='bbox 828 1711 906 1778; x_wconf 85' lang='lat' dir='ltr'><strong>Mihi</strong></span> <span class='ocrx_word' id='word_1_104' title='bbox 933 1711 1044 1787; x_wconf 88' lang='lat' dir='ltr'><strong>crede,</strong></span> <span class='ocrx_word' id='word_1_105' title='bbox 1074 1711 1182 1797; x_wconf 79' lang='lat' dir='ltr'><strong>leges:</strong></span> <span class='ocrx_word' id='word_1_106' title='bbox 1211 1717 1316 1778; x_wconf 88' lang='lat' dir='ltr'><strong>llaec</strong></span> <span class='ocrx_word' id='word_1_107' title='bbox 1347 1714 1469 1784; x_wconf 90' lang='lat' dir='ltr'><strong>doceo</strong></span> <span class='ocrx_word' id='word_1_108' title='bbox 1490 1753 1530 1764; x_wconf 89' lang='lat'>—</span> 
     </span>
     <span class='ocr_line' id='line_1_14' title="bbox 210 1805 1533 1897; baseline 0.002 -23"><span class='ocrx_word' id='word_1_109' title='bbox 210 1807 363 1874; x_wconf 75' lang='lat' dir='ltr'><strong>inhabilis</strong></span> <span class='ocrx_word' id='word_1_110' title='bbox 385 1808 433 1872; x_wconf 90' lang='lat' dir='ltr'><strong>vir</strong></span> <span class='ocrx_word' id='word_1_111' title='bbox 454 1817 510 1874; x_wconf 86' lang='lat' dir='ltr'><strong>est.</strong></span> <span class='ocrx_word' id='word_1_112' title='bbox 563 1809 732 1896; x_wconf 69' lang='grc' dir='ltr'>Ἡρώδης,</span> <span class='ocrx_word' id='word_1_113' title='bbox 760 1807 788 1872; x_wconf 90' lang='lat' dir='ltr'><strong>si</strong></span> <span class='ocrx_word' id='word_1_114' title='bbox 809 1805 905 1871; x_wconf 93' lang='lat' dir='ltr'><strong>homo</strong></span> <span class='ocrx_word' id='word_1_115' title='bbox 927 1814 1025 1882; x_wconf 87' lang='lat' dir='ltr'><strong>esset,</strong></span> <span class='ocrx_word' id='word_1_116' title='bbox 1056 1825 1128 1871; x_wconf 85' lang='lat' dir='ltr'><strong>eum</strong></span> <span class='ocrx_word' id='word_1_117' title='bbox 1148 1810 1253 1892; x_wconf 89' lang='lat' dir='ltr'><strong>potius</strong></span> <span class='ocrx_word' id='word_1_118' title='bbox 1274 1806 1411 1891; x_wconf 79' lang='lat' dir='ltr'><strong>legeret,</strong></span> <span class='ocrx_word' id='word_1_119' title='bbox 1440 1832 1533 1897; x_wconf 85' lang='lat' dir='ltr'><strong>quam</strong></span> 
     </span>
     <span class='ocr_line' id='line_1_15' title="bbox 210 1897 1532 1987; baseline 0.002 -19"><span class='ocrx_word' id='word_1_120' title='bbox 210 1923 303 1968; x_wconf 89' lang='lat' dir='ltr'><strong>unam</strong></span> <span class='ocrx_word' id='word_1_121' title='bbox 335 1900 470 1966; x_wconf 77' lang='lat' dir='ltr'><strong>litteram</strong></span> <span class='ocrx_word' id='word_1_122' title='bbox 499 1897 670 1981; x_wconf 89' lang='lat' dir='ltr'><strong>scriheret;</strong></span> <span class='ocrx_word' id='word_1_123' title='bbox 708 1901 763 1987; x_wconf 84' lang='lat' dir='ltr'><strong>qui</strong></span> <span class='ocrx_word' id='word_1_124' title='bbox 795 1920 845 1964; x_wconf 90' lang='lat' dir='ltr'><strong>me</strong></span> <span class='ocrx_word' id='word_1_125' title='bbox 877 1899 1009 1985; x_wconf 88' lang='lat' dir='ltr'><strong>epistola</strong></span> <span class='ocrx_word' id='word_1_126' title='bbox 1038 1898 1169 1985; x_wconf 85' lang='lat' dir='ltr'><strong>petivit,</strong></span> <span class='ocrx_word' id='word_1_127' title='bbox 1205 1899 1245 1964; x_wconf 92' lang='lat' dir='ltr'><strong>ad</strong></span> <span class='ocrx_word' id='word_1_128' title='bbox 1266 1908 1318 1977; x_wconf 86' lang='lat' dir='ltr'><strong>te,</strong></span> <span class='ocrx_word' id='word_1_129' title='bbox 1354 1911 1390 1967; x_wconf 89' lang='lat' dir='ltr'><strong>ut</strong></span> <span class='ocrx_word' id='word_1_130' title='bbox 1419 1903 1532 1980; x_wconf 87' lang='lat' dir='ltr'><strong>video,</strong></span> 
     </span>
     <span class='ocr_line' id='line_1_16' title="bbox 209 1992 1570 2079; baseline 0.001 -17"><span class='ocrx_word' id='word_1_131' title='bbox 209 1998 384 2062; x_wconf 89' lang='lat' dir='ltr'><strong>comminus</strong></span> <span class='ocrx_word' id='word_1_132' title='bbox 420 2001 557 2062; x_wconf 90' lang='lat' dir='ltr'><strong>accessit.</strong></span> <span class='ocrx_word' id='word_1_133' title='bbox 614 1995 802 2063; x_wconf 76' lang='lat' dir='ltr'><strong>coniurasse</strong></span> <span class='ocrx_word' id='word_1_134' title='bbox 837 1994 961 2058; x_wconf 92' lang='lat' dir='ltr'><strong>mallem</strong></span> <span class='ocrx_word' id='word_1_135' title='bbox 994 2013 1087 2079; x_wconf 92' lang='lat' dir='ltr'><strong>quam</strong></span> <span class='ocrx_word' id='word_1_136' title='bbox 1122 1992 1273 2060; x_wconf 86' lang='lat' dir='ltr'><strong>restitisse</strong></span> <span class='ocrx_word' id='word_1_137' title='bbox 1303 1998 1510 2064; x_wconf 88' lang='lat' dir='ltr'><strong>coniurationi</strong></span> <span class='ocrx_word' id='word_1_138' title='bbox 1525 2022 1570 2074; x_wconf 78' lang='lat' dir='ltr'><strong>‚u</strong></span> 
     </span>
     <span class='ocr_line' id='line_1_17' title="bbox 210 2087 1533 2176; baseline 0.002 -20"><span class='ocrx_word' id='word_1_139' title='bbox 210 2089 238 2156; x_wconf 89' lang='lat' dir='ltr'><strong>si</strong></span> <span class='ocrx_word' id='word_1_140' title='bbox 264 2089 352 2156; x_wconf 90' lang='lat' dir='ltr'><strong>illum</strong></span> <span class='ocrx_word' id='word_1_141' title='bbox 381 2090 457 2155; x_wconf 90' lang='lat' dir='ltr'><strong>mibi</strong></span> <span class='ocrx_word' id='word_1_142' title='bbox 483 2088 672 2156; x_wconf 89' lang='lat' dir='ltr'><strong>audiendum</strong></span> <span class='ocrx_word' id='word_1_143' title='bbox 701 2097 867 2176; x_wconf 87' lang='lat' dir='ltr'><strong>putassem.</strong></span> <span class='ocrx_word' id='word_1_144' title='bbox 925 2092 954 2153; x_wconf 84' lang='lat'><strong>3.</strong></span> <span class='ocrx_word' id='word_1_145' title='bbox 983 2092 1030 2152; x_wconf 88' lang='lat' dir='ltr'><strong>De</strong></span> <span class='ocrx_word' id='word_1_146' title='bbox 1061 2087 1179 2162; x_wconf 90' lang='lat' dir='ltr'><strong>Lollio,</strong></span> <span class='ocrx_word' id='word_1_147' title='bbox 1213 2109 1306 2153; x_wconf 88' lang='lat' dir='ltr'><strong>sanus</strong></span> <span class='ocrx_word' id='word_1_148' title='bbox 1327 2110 1390 2156; x_wconf 93' lang='lat' dir='ltr'><strong>non</strong></span> <span class='ocrx_word' id='word_1_149' title='bbox 1412 2112 1461 2170; x_wconf 89' lang='lat' dir='ltr'><strong>es;</strong></span> <span class='ocrx_word' id='word_1_150' title='bbox 1494 2092 1533 2159; x_wconf 90' lang='lat' dir='ltr'><strong>de</strong></span> 
     </span>
     <span class='ocr_line' id='line_1_18' title="bbox 210 2180 1532 2270; baseline 0.004 -22"><span class='ocrx_word' id='word_1_151' title='bbox 210 2182 352 2266; x_wconf 80' lang='lat' dir='ltr'><strong>†viuo‚</strong></span> <span class='ocrx_word' id='word_1_152' title='bbox 384 2183 491 2250; x_wconf 89' lang='lat' dir='ltr'><strong>laudo.</strong></span> <span class='ocrx_word' id='word_1_153' title='bbox 546 2183 608 2250; x_wconf 88' lang='lat' dir='ltr'><strong>Sed</strong></span> <span class='ocrx_word' id='word_1_154' title='bbox 640 2183 718 2249; x_wconf 88' lang='lat' dir='ltr'><strong>heus</strong></span> <span class='ocrx_word' id='word_1_155' title='bbox 751 2192 806 2256; x_wconf 87' lang='lat' dir='ltr'><strong>tu,</strong></span> <span class='ocrx_word' id='word_1_156' title='bbox 839 2181 952 2270; x_wconf 89' lang='lat' dir='ltr'><strong>ecquid</strong></span> <span class='ocrx_word' id='word_1_157' title='bbox 984 2181 1071 2248; x_wconf 89' lang='lat' dir='ltr'><strong>vides</strong></span> <span class='ocrx_word' id='word_1_158' title='bbox 1101 2181 1169 2247; x_wconf 87' lang='lat' dir='ltr'><strong>Kal.</strong></span> <span class='ocrx_word' id='word_1_159' title='bbox 1201 2180 1330 2256; x_wconf 88' lang='lat' dir='ltr'><strong>venire,</strong></span> <span class='ocrx_word' id='word_1_160' title='bbox 1364 2186 1532 2252; x_wconf 82' lang='lat' dir='ltr'><strong>Antonium</strong></span> 
     </span>
     <span class='ocr_line' id='line_1_19' title="bbox 211 2273 1532 2363; baseline 0.002 -21"><span class='ocrx_word' id='word_1_161' title='bbox 211 2298 274 2343; x_wconf 93' lang='lat' dir='ltr'><strong>non</strong></span> <span class='ocrx_word' id='word_1_162' title='bbox 295 2277 428 2343; x_wconf 78' lang='lat' dir='ltr'><strong>veniret</strong></span> <span class='ocrx_word' id='word_1_163' title='bbox 456 2276 576 2343; x_wconf 88' lang='lat' dir='ltr'><strong>iudices</strong></span> <span class='ocrx_word' id='word_1_164' title='bbox 599 2277 692 2363; x_wconf 77' lang='lat' dir='ltr'><strong>cogit</strong></span> <span class='ocrx_word' id='word_1_165' title='bbox 726 2281 803 2342; x_wconf 87' lang='lat' dir='ltr'><strong>Nam</strong></span> <span class='ocrx_word' id='word_1_166' title='bbox 824 2276 868 2342; x_wconf 88' lang='lat' dir='ltr'><strong>ita</strong></span> <span class='ocrx_word' id='word_1_167' title='bbox 890 2275 1002 2340; x_wconf 89' lang='lat' dir='ltr'><strong>adme</strong></span> <span class='ocrx_word' id='word_1_168' title='bbox 1024 2273 1165 2351; x_wconf 89' lang='lat' dir='ltr'><strong>mittunt,</strong></span> <span class='ocrx_word' id='word_1_169' title='bbox 1187 2274 1346 2361; x_wconf 82' lang='lat' dir='ltr'><strong>Nigidium</strong></span> <span class='ocrx_word' id='word_1_170' title='bbox 1367 2277 1480 2342; x_wconf 91' lang='lat' dir='ltr'><strong>minari</strong></span> <span class='ocrx_word' id='word_1_171' title='bbox 1501 2279 1532 2344; x_wconf 95' lang='lat' dir='ltr'><strong>iu</strong></span> 
     </span>
     <span class='ocr_line' id='line_1_20' title="bbox 211 2368 1531 2458; baseline -0.002 -21"><span class='ocrx_word' id='word_1_172' title='bbox 211 2372 356 2437; x_wconf 89' lang='lat' dir='ltr'><strong>contione</strong></span> <span class='ocrx_word' id='word_1_173' title='bbox 378 2393 412 2436; x_wconf 89' lang='lat' dir='ltr'><strong>se</strong></span> <span class='ocrx_word' id='word_1_174' title='bbox 433 2371 585 2447; x_wconf 89' lang='lat' dir='ltr'><strong>iudicem,</strong></span> <span class='ocrx_word' id='word_1_175' title='bbox 614 2371 669 2458; x_wconf 89' lang='lat' dir='ltr'><strong>qui</strong></span> <span class='ocrx_word' id='word_1_176' title='bbox 698 2393 761 2437; x_wconf 94' lang='lat' dir='ltr'><strong>non</strong></span> <span class='ocrx_word' id='word_1_177' title='bbox 788 2369 929 2446; x_wconf 79' lang='lat' dir='ltr'><strong>affuerit,</strong></span> <span class='ocrx_word' id='word_1_178' title='bbox 963 2369 1233 2455; x_wconf 87' lang='lat' dir='ltr'><strong>compellaturum.</strong></span> <span class='ocrx_word' id='word_1_179' title='bbox 1289 2368 1391 2434; x_wconf 91' lang='lat' dir='ltr'><strong>Velim</strong></span> <span class='ocrx_word' id='word_1_180' title='bbox 1413 2379 1531 2445; x_wconf 90' lang='lat' dir='ltr'><strong>tamen,</strong></span> 
     </span>
     <span class='ocr_line' id='line_1_21' title="bbox 211 2461 1571 2552; baseline 0.001 -22"><span class='ocrx_word' id='word_1_181' title='bbox 211 2465 335 2552; x_wconf 88' lang='lat' dir='ltr'><strong>siquid</strong></span> <span class='ocrx_word' id='word_1_182' title='bbox 357 2475 405 2532; x_wconf 87' lang='lat' dir='ltr'><strong>cst</strong></span> <span class='ocrx_word' id='word_1_183' title='bbox 424 2465 463 2530; x_wconf 91' lang='lat' dir='ltr'><strong>de</strong></span> <span class='ocrx_word' id='word_1_184' title='bbox 485 2465 611 2532; x_wconf 83' lang='lat' dir='ltr'><strong>Antonii</strong></span> <span class='ocrx_word' id='word_1_185' title='bbox 633 2464 784 2541; x_wconf 84' lang='lat' dir='ltr'><strong>adventu,</strong></span> <span class='ocrx_word' id='word_1_186' title='bbox 820 2463 906 2551; x_wconf 92' lang='lat' dir='ltr'><strong>quod</strong></span> <span class='ocrx_word' id='word_1_187' title='bbox 927 2462 1085 2535; x_wconf 89' lang='lat' dir='ltr'><strong>audieris,</strong></span> <span class='ocrx_word' id='word_1_188' title='bbox 1114 2461 1233 2529; x_wconf 89' lang='lat' dir='ltr'><strong>scribas</strong></span> <span class='ocrx_word' id='word_1_189' title='bbox 1255 2462 1366 2528; x_wconf 86' lang='lat' dir='ltr'><strong>adme</strong></span> <span class='ocrx_word' id='word_1_190' title='bbox 1388 2472 1434 2538; x_wconf 82' lang='lat' dir='ltr'><strong>et,</strong></span> <span class='ocrx_word' id='word_1_191' title='bbox 1456 2483 1571 2550; x_wconf 79' lang='lat' dir='ltr'><strong>quo-eo</strong></span> 
     </span>
     <span class='ocr_line' id='line_1_22' title="bbox 210 2557 1535 2647; baseline 0 -24"><span class='ocrx_word' id='word_1_192' title='bbox 210 2559 295 2626; x_wconf 89' lang='lat' dir='ltr'><strong>niam</strong></span> <span class='ocrx_word' id='word_1_193' title='bbox 317 2558 379 2624; x_wconf 93' lang='lat' dir='ltr'><strong>huc</strong></span> <span class='ocrx_word' id='word_1_194' title='bbox 398 2579 463 2625; x_wconf 91' lang='lat' dir='ltr'><strong>non</strong></span> <span class='ocrx_word' id='word_1_195' title='bbox 484 2559 586 2634; x_wconf 84' lang='lat' dir='ltr'><strong>venis,</strong></span> <span class='ocrx_word' id='word_1_196' title='bbox 612 2579 726 2625; x_wconf 88' lang='lat' dir='ltr'><strong>coenes</strong></span> <span class='ocrx_word' id='word_1_197' title='bbox 747 2558 831 2647; x_wconf 83' lang='lat' dir='ltr'><strong>apud</strong></span> <span class='ocrx_word' id='word_1_198' title='bbox 853 2579 911 2624; x_wconf 84' lang='lat' dir='ltr'><strong>nos</strong></span> <span class='ocrx_word' id='word_1_199' title='bbox 931 2557 1041 2645; x_wconf 87' lang='lat' dir='ltr'><strong>utique</strong></span> <span class='ocrx_word' id='word_1_200' title='bbox 1062 2557 1164 2643; x_wconf 89' lang='lat' dir='ltr'><strong>pridie</strong></span> <span class='ocrx_word' id='word_1_201' title='bbox 1185 2557 1254 2623; x_wconf 82' lang='lat' dir='ltr'><strong>llal.</strong></span> <span class='ocrx_word' id='word_1_202' title='bbox 1277 2560 1358 2624; x_wconf 84' lang='lat' dir='ltr'><strong>Cave</strong></span> <span class='ocrx_word' id='word_1_203' title='bbox 1380 2557 1470 2624; x_wconf 89' lang='lat' dir='ltr'><strong>aliter</strong></span> <span class='ocrx_word' id='word_1_204' title='bbox 1491 2558 1535 2623; x_wconf 88' lang='lat' dir='ltr'><strong>la·</strong></span> 
     </span>
    </p>
   </div>
   <div class='ocr_carea' id='block_1_9' title="bbox 94 2652 617 2750">
    <p class='ocr_par' dir='ltr' id='par_1_9' title="bbox 94 2652 617 2750">
     <span class='ocr_line' id='line_1_23' title="bbox 94 2652 617 2750; baseline 0 -32"><span class='ocrx_word' id='word_1_205' title='bbox 94 2729 105 2750; x_wconf 46' lang='lat'><strong>·</strong></span> <span class='ocrx_word' id='word_1_206' title='bbox 211 2653 285 2719; x_wconf 90' lang='lat' dir='ltr'><strong>cias.</strong></span> <span class='ocrx_word' id='word_1_207' title='bbox 328 2657 426 2728; x_wconf 88' lang='lat' dir='ltr'><strong>Cura,</strong></span> <span class='ocrx_word' id='word_1_208' title='bbox 448 2660 484 2718; x_wconf 92' lang='lat' dir='ltr'><strong>ut</strong></span> <span class='ocrx_word' id='word_1_209' title='bbox 505 2652 617 2718; x_wconf 88' lang='lat' dir='ltr'><strong>valcas.</strong></span> 
     </span>
    </p>
   </div>
   <div class='ocr_carea' id='block_1_10' title="bbox 680 2748 1063 2872">
    <p class='ocr_par' dir='ltr' id='par_1_10' title="bbox 680 2748 1063 2872">
     <span class='ocr_line' id='line_1_24' title="bbox 680 2748 1063 2872; baseline -0.005 -13"><span class='ocrx_word' id='word_1_210' title='bbox 680 2797 741 2859; x_wconf 85' lang='lat'><strong>111.</strong></span> <span class='ocrx_word' id='word_1_211' title='bbox 785 2795 839 2870; x_wconf 75' lang='lat' dir='ltr'><strong>(A.</strong></span> <span class='ocrx_word' id='word_1_212' title='bbox 864 2796 896 2858; x_wconf 85' lang='lat' dir='ltr'><strong>u.</strong></span> <span class='ocrx_word' id='word_1_213' title='bbox 920 2796 951 2858; x_wconf 87' lang='lat' dir='ltr'><strong>c.</strong></span> <span class='ocrx_word' id='word_1_214' title='bbox 977 2748 1063 2872; x_wconf 59' lang='lat' dir='ltr'><strong>aare</strong></span> 
     </span>
    </p>
   </div>
   <div class='ocr_carea' id='block_1_11' title="bbox 689 2915 1053 2982">
    <p class='ocr_par' dir='ltr' id='par_1_11' title="bbox 689 2915 1053 2982">
     <span class='ocr_line' id='line_1_25' title="bbox 689 2915 1053 2982; baseline -0.008 1"><span class='ocrx_word' id='word_1_215' title='bbox 689 2917 833 2982; x_wconf 82' lang='lat' dir='ltr'>CICERO</span> <span class='ocrx_word' id='word_1_216' title='bbox 854 2915 999 2980; x_wconf 82' lang='lat' dir='ltr'><strong>ATTICO</strong></span> <span class='ocrx_word' id='word_1_217' title='bbox 1022 2917 1053 2980; x_wconf 88' lang='lat' dir='ltr'><strong>S.</strong></span> 
     </span>
    </p>
   </div>
   <div class='ocr_carea' id='block_1_12' title="bbox 212 3023 1661 3860">
    <p class='ocr_par' dir='ltr' id='par_1_12' title="bbox 212 3023 1661 3860">
     <span class='ocr_line' id='line_1_26' title="bbox 298 3023 1571 3114; baseline -0.001 -18"><span class='ocrx_word' id='word_1_218' title='bbox 298 3035 328 3096; x_wconf 90' lang='lat'><strong>1.</strong></span> <span class='ocrx_word' id='word_1_219' title='bbox 349 3029 505 3104; x_wconf 84' lang='lat' dir='ltr'><strong>Primum,</strong></span> <span class='ocrx_word' id='word_1_220' title='bbox 532 3037 567 3095; x_wconf 89' lang='lat' dir='ltr'><strong>ut</strong></span> <span class='ocrx_word' id='word_1_221' title='bbox 595 3028 729 3114; x_wconf 85' lang='lat' dir='ltr'><strong>opinor,</strong></span> <span class='ocrx_word' id='word_1_222' title='bbox 758 3032 940 3110; x_wconf 69' lang='grc' dir='ltr'><strong>εὐαγγέλια.</strong></span> <span class='ocrx_word' id='word_1_223' title='bbox 998 3024 1142 3091; x_wconf 84' lang='lat' dir='ltr'><strong>Valerius</strong></span> <span class='ocrx_word' id='word_1_224' title='bbox 1169 3023 1330 3090; x_wconf 88' lang='lat' dir='ltr'><strong>absolutus</strong></span> <span class='ocrx_word' id='word_1_225' title='bbox 1351 3037 1416 3100; x_wconf 86' lang='lat' dir='ltr'><strong>est,</strong></span> <span class='ocrx_word' id='word_1_226' title='bbox 1452 3032 1571 3106; x_wconf 63' lang='lat' dir='ltr'><strong>Hora-25</strong></span> 
     </span>
     <span class='ocr_line' id='line_1_27' title="bbox 212 3117 1535 3204; baseline -0.003 -13"><span class='ocrx_word' id='word_1_227' title='bbox 212 3125 313 3191; x_wconf 88' lang='lat' dir='ltr'><strong>tensio</strong></span> <span class='ocrx_word' id='word_1_228' title='bbox 342 3121 539 3188; x_wconf 85' lang='lat' dir='ltr'><strong>defendente.</strong></span> <span class='ocrx_word' id='word_1_229' title='bbox 601 3122 637 3189; x_wconf 96' lang='lat' dir='ltr'><strong>ld</strong></span> <span class='ocrx_word' id='word_1_230' title='bbox 663 3121 814 3187; x_wconf 87' lang='lat' dir='ltr'><strong>indicium</strong></span> <span class='ocrx_word' id='word_1_231' title='bbox 846 3119 918 3186; x_wconf 81' lang='lat' dir='ltr'><strong>auli</strong></span> <span class='ocrx_word' id='word_1_232' title='bbox 946 3117 1009 3182; x_wconf 87' lang='lat' dir='ltr'><strong>fibo</strong></span> <span class='ocrx_word' id='word_1_233' title='bbox 1041 3117 1250 3183; x_wconf 85' lang='lat' dir='ltr'><strong>condonatum</strong></span> <span class='ocrx_word' id='word_1_234' title='bbox 1283 3118 1470 3204; x_wconf 86' lang='lat' dir='ltr'><strong>putabatur,</strong></span> <span class='ocrx_word' id='word_1_235' title='bbox 1504 3133 1535 3188; x_wconf 89' lang='lat' dir='ltr'><strong>et</strong></span> 
     </span>
     <span class='ocr_line' id='line_1_28' title="bbox 212 3209 1535 3306; baseline -0.006 -22"><span class='ocrx_word' id='word_1_236' title='bbox 212 3218 389 3306; x_wconf 79' lang='lat' dir='ltr'><strong>Epicratem</strong></span> <span class='ocrx_word' id='word_1_237' title='bbox 415 3214 574 3302; x_wconf 91' lang='lat' dir='ltr'><strong>suspicor,</strong></span> <span class='ocrx_word' id='word_1_238' title='bbox 602 3223 637 3280; x_wconf 90' lang='lat' dir='ltr'><strong>ut</strong></span> <span class='ocrx_word' id='word_1_239' title='bbox 666 3213 793 3288; x_wconf 84' lang='lat' dir='ltr'><strong>scribis,</strong></span> <span class='ocrx_word' id='word_1_240' title='bbox 820 3213 972 3278; x_wconf 84' lang='lat' dir='ltr'><strong>lascivum</strong></span> <span class='ocrx_word' id='word_1_241' title='bbox 998 3209 1106 3276; x_wconf 87' lang='lat' dir='ltr'><strong>fuisse.</strong></span> <span class='ocrx_word' id='word_1_242' title='bbox 1160 3211 1282 3276; x_wconf 83' lang='lat' dir='ltr'><strong>Etenim</strong></span> <span class='ocrx_word' id='word_1_243' title='bbox 1308 3212 1384 3277; x_wconf 90' lang='lat' dir='ltr'><strong>mihi</strong></span> <span class='ocrx_word' id='word_1_244' title='bbox 1418 3215 1535 3302; x_wconf 78' lang='lat' dir='ltr'><strong>caligne</strong></span> 
     </span>
     <span class='ocr_line' id='line_1_29' title="bbox 212 3303 1661 3394; baseline -0.003 -16"><span class='ocrx_word' id='word_1_245' title='bbox 212 3318 282 3379; x_wconf 90' lang='lat' dir='ltr'><strong>eius</strong></span> <span class='ocrx_word' id='word_1_246' title='bbox 309 3322 341 3378; x_wconf 91' lang='lat' dir='ltr'><strong>et</strong></span> <span class='ocrx_word' id='word_1_247' title='bbox 368 3310 481 3376; x_wconf 78' lang='lat' dir='ltr'><strong>tasciae</strong></span> <span class='ocrx_word' id='word_1_248' title='bbox 509 3317 644 3375; x_wconf 86' lang='lat' dir='ltr'><strong>cretatae</strong></span> <span class='ocrx_word' id='word_1_249' title='bbox 670 3329 733 3373; x_wconf 96' lang='lat' dir='ltr'><strong>non</strong></span> <span class='ocrx_word' id='word_1_250' title='bbox 760 3306 934 3394; x_wconf 88' lang='lat' dir='ltr'><strong>placebant.</strong></span> <span class='ocrx_word' id='word_1_251' title='bbox 988 3304 1074 3382; x_wconf 88' lang='lat' dir='ltr'><strong>Quid</strong></span> <span class='ocrx_word' id='word_1_252' title='bbox 1104 3303 1157 3390; x_wconf 74' lang='lat' dir='ltr'><strong>sit,</strong></span> <span class='ocrx_word' id='word_1_253' title='bbox 1191 3304 1344 3378; x_wconf 89' lang='lat' dir='ltr'><strong>sciemus,</strong></span> <span class='ocrx_word' id='word_1_254' title='bbox 1377 3326 1448 3372; x_wconf 89' lang='lat' dir='ltr'><strong>cum</strong></span> <span class='ocrx_word' id='word_1_255' title='bbox 1479 3331 1532 3374; x_wconf 90' lang='lat' dir='ltr'><strong>ve·</strong></span> <span class='ocrx_word' id='word_1_256' title='bbox 1637 3309 1661 3384; x_wconf 65' lang='grc' dir='ltr'><em>ἵ</em></span> 
     </span>
     <span class='ocr_line' id='line_1_30' title="bbox 213 3398 1534 3490; baseline -0.004 -16"><span class='ocrx_word' id='word_1_257' title='bbox 213 3406 311 3474; x_wconf 87' lang='lat' dir='ltr'><strong>ueris.</strong></span> <span class='ocrx_word' id='word_1_258' title='bbox 369 3408 399 3470; x_wconf 88' lang='grc'><strong>2.</strong></span> <span class='ocrx_word' id='word_1_259' title='bbox 430 3408 649 3470; x_wconf 84' lang='lat' dir='ltr'><strong>Fenestrarum</strong></span> <span class='ocrx_word' id='word_1_260' title='bbox 681 3406 840 3487; x_wconf 81' lang='lat' dir='ltr'><strong>angustias</strong></span> <span class='ocrx_word' id='word_1_261' title='bbox 872 3399 957 3486; x_wconf 91' lang='lat' dir='ltr'><strong>quod</strong></span> <span class='ocrx_word' id='word_1_262' title='bbox 985 3398 1210 3484; x_wconf 89' lang='lat' dir='ltr'><strong>reprehendis,</strong></span> <span class='ocrx_word' id='word_1_263' title='bbox 1247 3399 1325 3465; x_wconf 88' lang='lat' dir='ltr'><strong>scito</strong></span> <span class='ocrx_word' id='word_1_264' title='bbox 1356 3409 1387 3465; x_wconf 90' lang='lat' dir='ltr'><strong>te</strong></span> <span class='ocrx_word' id='word_1_265' title='bbox 1418 3402 1534 3490; x_wconf 79' lang='grc' dir='ltr'><strong><em>Κύρου</em></strong></span> 
     </span>
     <span class='ocr_line' id='line_1_31' title="bbox 213 3491 1571 3584; baseline -0.004 -17"><span class='ocrx_word' id='word_1_266' title='bbox 213 3507 364 3566; x_wconf 72' lang='grc' dir='ltr'><strong><em>παιδείαν</em></strong></span> <span class='ocrx_word' id='word_1_267' title='bbox 397 3495 639 3584; x_wconf 87' lang='lat' dir='ltr'><strong>reprehendere.</strong></span> <span class='ocrx_word' id='word_1_268' title='bbox 694 3500 791 3568; x_wconf 89' lang='lat' dir='ltr'><strong>Nam,</strong></span> <span class='ocrx_word' id='word_1_269' title='bbox 825 3515 897 3560; x_wconf 92' lang='lat' dir='ltr'><strong>cum</strong></span> <span class='ocrx_word' id='word_1_270' title='bbox 926 3514 986 3578; x_wconf 83' lang='lat' dir='ltr'><strong>ego</strong></span> <span class='ocrx_word' id='word_1_271' title='bbox 1020 3492 1103 3558; x_wconf 92' lang='lat' dir='ltr'><strong>idem</strong></span> <span class='ocrx_word' id='word_1_272' title='bbox 1133 3491 1213 3561; x_wconf 86' lang='lat' dir='ltr'><strong>istuc</strong></span> <span class='ocrx_word' id='word_1_273' title='bbox 1245 3491 1401 3568; x_wconf 85' lang='lat' dir='ltr'><strong>dicerem.</strong></span> <span class='ocrx_word' id='word_1_274' title='bbox 1437 3498 1571 3584; x_wconf 68' lang='lat' dir='ltr'><strong>Cyrusao</strong></span> 
     </span>
     <span class='ocr_line' id='line_1_32' title="bbox 212 3584 1535 3673; baseline -0.003 -13"><span class='ocrx_word' id='word_1_275' title='bbox 212 3593 316 3660; x_wconf 88' lang='lat' dir='ltr'><strong>aiebat</strong></span> <span class='ocrx_word' id='word_1_276' title='bbox 353 3591 575 3658; x_wconf 81' lang='lat' dir='ltr'><strong>viridariorum</strong></span> <span class='ocrx_word' id='word_1_277' title='bbox 609 3592 785 3673; x_wconf 77' lang='grc' dir='ltr'><em>διαφάσεις</em></span> <span class='ocrx_word' id='word_1_278' title='bbox 817 3587 887 3655; x_wconf 88' lang='lat' dir='ltr'><strong>latis</strong></span> <span class='ocrx_word' id='word_1_279' title='bbox 920 3584 1090 3653; x_wconf 81' lang='lat' dir='ltr'><strong>luminibus</strong></span> <span class='ocrx_word' id='word_1_280' title='bbox 1125 3605 1189 3664; x_wconf 87' lang='lat' dir='ltr'><strong>non</strong></span> <span class='ocrx_word' id='word_1_281' title='bbox 1220 3595 1283 3652; x_wconf 85' lang='lat' dir='ltr'><strong>tam</strong></span> <span class='ocrx_word' id='word_1_282' title='bbox 1314 3607 1382 3652; x_wconf 85' lang='lat' dir='ltr'><strong>esee</strong></span> <span class='ocrx_word' id='word_1_283' title='bbox 1412 3609 1535 3670; x_wconf 82' lang='lat' dir='ltr'><strong>suaves,</strong></span> 
     </span>
     <span class='ocr_line' id='line_1_33' title="bbox 212 3683 1536 3770; baseline -0.002 -17"><span class='ocrx_word' id='word_1_284' title='bbox 212 3692 335 3754; x_wconf 83' lang='lat' dir='ltr'><strong>Etenim</strong></span> <span class='ocrx_word' id='word_1_285' title='bbox 357 3687 440 3752; x_wconf 74' lang='grc' dir='ltr'><strong>ἔστω</strong></span> <span class='ocrx_word' id='word_1_286' title='bbox 462 3685 542 3765; x_wconf 72' lang='grc' dir='ltr'><strong><em>ὄψις</em></strong></span> <span class='ocrx_word' id='word_1_287' title='bbox 561 3685 659 3770; x_wconf 72' lang='grc' dir='ltr'><strong>μὲνὴ</strong></span> <span class='ocrx_word' id='word_1_288' title='bbox 684 3713 724 3761; x_wconf 93' lang='grc' dir='ltr'>α,</span> <span class='ocrx_word' id='word_1_289' title='bbox 758 3685 793 3750; x_wconf 85' lang='grc' dir='ltr'><strong>τὸ</strong></span> <span class='ocrx_word' id='word_1_290' title='bbox 816 3689 851 3750; x_wconf 80' lang='lat' dir='ltr'><strong>dd</strong></span> <span class='ocrx_word' id='word_1_291' title='bbox 879 3683 1044 3768; x_wconf 76' lang='grc' dir='ltr'><strong><em>ὁρώμενον</em></strong></span> <span class='ocrx_word' id='word_1_292' title='bbox 1064 3689 1107 3764; x_wconf 83' lang='grc' dir='ltr'>β,</span> <span class='ocrx_word' id='word_1_293' title='bbox 1137 3709 1165 3764; x_wconf 85' lang='grc' dir='ltr'><strong>γ.</strong></span> <span class='ocrx_word' id='word_1_294' title='bbox 1190 3684 1313 3758; x_wconf 81' lang='grc' dir='ltr'><strong><em>ἀκτῖνες</em></strong></span> <span class='ocrx_word' id='word_1_295' title='bbox 1335 3688 1370 3748; x_wconf 77' lang='lat' dir='ltr'><strong>dd</strong></span> <span class='ocrx_word' id='word_1_296' title='bbox 1391 3688 1408 3747; x_wconf 87' lang='lat' dir='ltr'><strong>d</strong></span> <span class='ocrx_word' id='word_1_297' title='bbox 1431 3696 1488 3750; x_wconf 83' lang='grc' dir='ltr'><strong>καὶ</strong></span> <span class='ocrx_word' id='word_1_298' title='bbox 1509 3712 1536 3754; x_wconf 86' lang='lat' dir='ltr'><strong>e.</strong></span> 
     </span>
     <span class='ocr_line' id='line_1_34' title="bbox 213 3771 1535 3860; baseline -0.002 -12"><span class='ocrx_word' id='word_1_299' title='bbox 213 3780 309 3848; x_wconf 87' lang='lat' dir='ltr'><strong>Vides</strong></span> <span class='ocrx_word' id='word_1_300' title='bbox 331 3781 416 3846; x_wconf 90' lang='lat' dir='ltr'><strong>enim</strong></span> <span class='ocrx_word' id='word_1_301' title='bbox 436 3788 550 3844; x_wconf 86' lang='lat' dir='ltr'><strong>cetera.</strong></span> <span class='ocrx_word' id='word_1_302' title='bbox 592 3783 684 3853; x_wconf 84' lang='lat' dir='ltr'><strong>llam,</strong></span> <span class='ocrx_word' id='word_1_303' title='bbox 713 3778 741 3844; x_wconf 85' lang='lat' dir='ltr'><strong>si</strong></span> <span class='ocrx_word' id='word_1_304' title='bbox 768 3782 836 3844; x_wconf 77' lang='grc' dir='ltr'><em>κατ’</em></span> <span class='ocrx_word' id='word_1_305' title='bbox 866 3778 1005 3844; x_wconf 78' lang='grc' dir='ltr'><strong><em>εἰδώλων</em></strong></span> <span class='ocrx_word' id='word_1_306' title='bbox 1025 3771 1203 3860; x_wconf 72' lang='grc' dir='ltr'><strong><em>ἐμπτώσεις</em></strong></span> <span class='ocrx_word' id='word_1_307' title='bbox 1225 3774 1423 3851; x_wconf 82' lang='lat' dir='ltr'><strong>rideremus,</strong></span> <span class='ocrx_word' id='word_1_308' title='bbox 1445 3779 1535 3846; x_wconf 86' lang='lat' dir='ltr'><strong>valde</strong></span> 
     </span>
    </p>
   </div>
   <div class='ocr_carea' id='block_1_13' title="bbox 213 3957 1581 5150">
    <p class='ocr_par' dir='ltr' id='par_1_13' title="bbox 213 3957 1581 5150">
     <span class='ocr_line' id='line_1_35' title="bbox 283 3957 1534 4026; baseline -0.002 -13"><span class='ocrx_word' id='word_1_309' title='bbox 283 3965 310 4013; x_wconf 90' lang='lat'><strong>1.</strong></span> <span class='ocrx_word' id='word_1_310' title='bbox 328 3961 395 4026; x_wconf 79' lang='lat' dir='ltr'><strong>com]</strong></span> <span class='ocrx_word' id='word_1_311' title='bbox 415 3970 470 4014; x_wconf 82' lang='lat' dir='ltr'><strong>tam</strong></span> <span class='ocrx_word' id='word_1_312' title='bbox 488 3963 516 4021; x_wconf 87' lang='lat' dir='ltr'><strong>l,</strong></span> <span class='ocrx_word' id='word_1_313' title='bbox 536 3963 653 4014; x_wconf 77' lang='lat' dir='ltr'><strong>enimn.</strong></span> <span class='ocrx_word' id='word_1_314' title='bbox 677 3983 705 3996; x_wconf 91' lang='grc'><strong>-·</strong></span> <span class='ocrx_word' id='word_1_315' title='bbox 743 3962 1007 4026; x_wconf 76' lang='lat' dir='ltr'><strong>Lutioordilipmter</strong></span> <span class='ocrx_word' id='word_1_316' title='bbox 1026 3960 1048 4010; x_wconf 93' lang='lat' dir='ltr'><strong>l.</strong></span> <span class='ocrx_word' id='word_1_317' title='bbox 1081 3983 1111 3996; x_wconf 93' lang='lat'><em>-</em></span> <span class='ocrx_word' id='word_1_318' title='bbox 1148 3957 1408 4011; x_wconf 66' lang='lat' dir='ltr'><strong>accrementum.</strong></span> <span class='ocrx_word' id='word_1_319' title='bbox 1439 3986 1470 3997; x_wconf 92' lang='lat'>—</span> <span class='ocrx_word' id='word_1_320' title='bbox 1506 3963 1534 4014; x_wconf 82' lang='lat'><strong>³.</strong></span> 
     </span>
     <span class='ocr_line' id='line_1_36' title="bbox 213 4029 1535 4097; baseline -0.002 -15"><span class='ocrx_word' id='word_1_321' title='bbox 213 4033 254 4082; x_wconf 78' lang='lat' dir='ltr'><strong>nil</strong></span> <span class='ocrx_word' id='word_1_322' title='bbox 270 4033 293 4082; x_wconf 94' lang='lat' dir='ltr'><strong>l.</strong></span> <span class='ocrx_word' id='word_1_323' title='bbox 314 4057 345 4069; x_wconf 90' lang='lat'>-</span> <span class='ocrx_word' id='word_1_324' title='bbox 366 4033 395 4083; x_wconf 78' lang='lat' dir='ltr'><strong>d.</strong></span> <span class='ocrx_word' id='word_1_325' title='bbox 415 4033 574 4084; x_wconf 81' lang='lat' dir='ltr'><strong>toculom&#39;bar</strong></span> <span class='ocrx_word' id='word_1_326' title='bbox 593 4047 634 4097; x_wconf 86' lang='lat' dir='ltr'><strong>pr.</strong></span> <span class='ocrx_word' id='word_1_327' title='bbox 654 4032 697 4092; x_wconf 97' lang='grc' dir='ltr'>Μ,</span> <span class='ocrx_word' id='word_1_328' title='bbox 715 4033 885 4083; x_wconf 78' lang='lat' dir='ltr'><strong>locutionibus</strong></span> <span class='ocrx_word' id='word_1_329' title='bbox 903 4033 925 4081; x_wconf 86' lang='grc'><strong>11</strong></span> <span class='ocrx_word' id='word_1_330' title='bbox 943 4044 1005 4081; x_wconf 87' lang='lat' dir='ltr'><strong>cum</strong></span> <span class='ocrx_word' id='word_1_331' title='bbox 1024 4044 1094 4080; x_wconf 87' lang='lat' dir='ltr'><strong>corr.</strong></span> <span class='ocrx_word' id='word_1_332' title='bbox 1112 4029 1154 4083; x_wconf 93' lang='grc' dir='ltr'><strong>Μ.</strong></span> <span class='ocrx_word' id='word_1_333' title='bbox 1174 4029 1354 4080; x_wconf 74' lang='lat' dir='ltr'><strong>decurionibus</strong></span> <span class='ocrx_word' id='word_1_334' title='bbox 1370 4029 1393 4080; x_wconf 90' lang='grc' dir='ltr'><strong>Ι.</strong></span> <span class='ocrx_word' id='word_1_335' title='bbox 1414 4054 1445 4067; x_wconf 92' lang='grc'>-</span> <span class='ocrx_word' id='word_1_336' title='bbox 1464 4030 1492 4083; x_wconf 82' lang='grc'><strong>8.</strong></span> <span class='ocrx_word' id='word_1_337' title='bbox 1511 4034 1535 4084; x_wconf 80' lang='lat' dir='ltr'><strong>ei</strong></span> 
     </span>
     <span class='ocr_line' id='line_1_37' title="bbox 213 4098 1534 4165; baseline -0.001 -11"><span class='ocrx_word' id='word_1_338' title='bbox 213 4115 264 4154; x_wconf 79' lang='lat' dir='ltr'><strong>nor</strong></span> <span class='ocrx_word' id='word_1_339' title='bbox 281 4109 436 4155; x_wconf 76' lang='grc' dir='ltr'><strong><em>συννοσεῖν</em></strong></span> <span class='ocrx_word' id='word_1_340' title='bbox 459 4103 594 4154; x_wconf 85' lang='lat' dir='ltr'><strong>hluretus:</strong></span> <span class='ocrx_word' id='word_1_341' title='bbox 622 4105 694 4152; x_wconf 69' lang='lat' dir='ltr'><strong>muca</strong></span> <span class='ocrx_word' id='word_1_342' title='bbox 718 4102 801 4154; x_wconf 82' lang='grc' dir='ltr'><strong><em>Θειοι</em></strong></span> <span class='ocrx_word' id='word_1_343' title='bbox 826 4117 866 4165; x_wconf 84' lang='lat' dir='ltr'><strong>pr.</strong></span> <span class='ocrx_word' id='word_1_344' title='bbox 886 4102 928 4160; x_wconf 92' lang='grc' dir='ltr'>Μ,</span> <span class='ocrx_word' id='word_1_345' title='bbox 958 4099 1160 4151; x_wconf 72' lang='lat' dir='ltr'><strong>coroceutol</strong></span> <span class='ocrx_word' id='word_1_346' title='bbox 1182 4100 1252 4148; x_wconf 85' lang='lat' dir='ltr'><strong>corr·</strong></span> <span class='ocrx_word' id='word_1_347' title='bbox 1271 4098 1313 4161; x_wconf 94' lang='grc' dir='ltr'>Μ,</span> <span class='ocrx_word' id='word_1_348' title='bbox 1337 4100 1361 4149; x_wconf 78' lang='lat' dir='ltr'><strong>ei</strong></span> <span class='ocrx_word' id='word_1_349' title='bbox 1385 4113 1434 4150; x_wconf 80' lang='lat' dir='ltr'><strong>oca</strong></span> <span class='ocrx_word' id='word_1_350' title='bbox 1458 4099 1534 4153; x_wconf 67' lang='lat' dir='ltr'><strong>teror</strong></span> 
     </span>
     <span class='ocr_line' id='line_1_38' title="bbox 214 4166 1535 4238; baseline -0.002 -14"><span class='ocrx_word' id='word_1_351' title='bbox 214 4173 282 4224; x_wconf 87' lang='grc'><strong>11111.</strong></span> <span class='ocrx_word' id='word_1_352' title='bbox 304 4195 335 4210; x_wconf 89' lang='lat'><strong>-·</strong></span> <span class='ocrx_word' id='word_1_353' title='bbox 355 4173 398 4222; x_wconf 80' lang='lat' dir='ltr'><strong>to.</strong></span> <span class='ocrx_word' id='word_1_354' title='bbox 418 4173 599 4224; x_wconf 73' lang='lat' dir='ltr'><strong>ohrtmcrom</strong></span> <span class='ocrx_word' id='word_1_355' title='bbox 617 4173 640 4224; x_wconf 91' lang='lat'><strong>1.</strong></span> <span class='ocrx_word' id='word_1_356' title='bbox 660 4195 693 4207; x_wconf 88' lang='lat'><em>-</em></span> <span class='ocrx_word' id='word_1_357' title='bbox 723 4178 747 4224; x_wconf 83' lang='lat' dir='ltr'><strong>et</strong></span> <span class='ocrx_word' id='word_1_358' title='bbox 765 4187 784 4223; x_wconf 84' lang='lat' dir='ltr'><strong>o</strong></span> <span class='ocrx_word' id='word_1_359' title='bbox 801 4185 851 4238; x_wconf 79' lang='lat' dir='ltr'><strong>qao</strong></span> <span class='ocrx_word' id='word_1_360' title='bbox 868 4167 960 4232; x_wconf 85' lang='lat' dir='ltr'><strong>molto]</strong></span> <span class='ocrx_word' id='word_1_361' title='bbox 980 4177 1015 4222; x_wconf 81' lang='lat' dir='ltr'><strong>et.</strong></span> <span class='ocrx_word' id='word_1_362' title='bbox 1033 4184 1063 4220; x_wconf 84' lang='lat' dir='ltr'><strong>eo</strong></span> <span class='ocrx_word' id='word_1_363' title='bbox 1080 4169 1163 4219; x_wconf 81' lang='lat' dir='ltr'><strong>molto</strong></span> <span class='ocrx_word' id='word_1_364' title='bbox 1181 4181 1222 4231; x_wconf 82' lang='lat' dir='ltr'><strong>pr.</strong></span> <span class='ocrx_word' id='word_1_365' title='bbox 1241 4166 1284 4229; x_wconf 89' lang='grc' dir='ltr'><strong>Μ,</strong></span> <span class='ocrx_word' id='word_1_366' title='bbox 1303 4174 1329 4220; x_wconf 84' lang='lat' dir='ltr'><strong>ot</strong></span> <span class='ocrx_word' id='word_1_367' title='bbox 1346 4170 1433 4221; x_wconf 80' lang='lat' dir='ltr'><strong>codem</strong></span> <span class='ocrx_word' id='word_1_368' title='bbox 1450 4171 1535 4222; x_wconf 72' lang='lat' dir='ltr'><strong>multo</strong></span> 
     </span>
     <span class='ocr_line' id='line_1_39' title="bbox 215 4235 1532 4307; baseline -0.002 -14"><span class='ocrx_word' id='word_1_369' title='bbox 215 4243 308 4293; x_wconf 91' lang='lat' dir='ltr'><strong>lcum</strong></span> <span class='ocrx_word' id='word_1_370' title='bbox 328 4256 398 4294; x_wconf 89' lang='lat' dir='ltr'><strong>corr.</strong></span> <span class='ocrx_word' id='word_1_371' title='bbox 418 4243 456 4294; x_wconf 90' lang='grc' dir='ltr'><strong>Μ.</strong></span> <span class='ocrx_word' id='word_1_372' title='bbox 488 4265 518 4280; x_wconf 84' lang='grc'>-</span> <span class='ocrx_word' id='word_1_373' title='bbox 556 4245 598 4293; x_wconf 94' lang='grc'><strong>11.</strong></span> <span class='ocrx_word' id='word_1_374' title='bbox 614 4245 732 4307; x_wconf 79' lang='lat' dir='ltr'><strong>plurimo</strong></span> <span class='ocrx_word' id='word_1_375' title='bbox 750 4255 791 4306; x_wconf 85' lang='lat' dir='ltr'><strong>pr.</strong></span> <span class='ocrx_word' id='word_1_376' title='bbox 810 4243 848 4294; x_wconf 95' lang='grc' dir='ltr'><strong>Μ.</strong></span> <span class='ocrx_word' id='word_1_377' title='bbox 880 4266 914 4276; x_wconf 93' lang='grc'>-</span> <span class='ocrx_word' id='word_1_378' title='bbox 948 4240 1071 4290; x_wconf 82' lang='lat' dir='ltr'><strong>Procillio</strong></span> <span class='ocrx_word' id='word_1_379' title='bbox 1097 4239 1134 4290; x_wconf 88' lang='grc' dir='ltr'><strong>Μ.</strong></span> <span class='ocrx_word' id='word_1_380' title='bbox 1153 4263 1188 4274; x_wconf 88' lang='grc'><strong>-·</strong></span> <span class='ocrx_word' id='word_1_381' title='bbox 1224 4235 1263 4302; x_wconf 78' lang='lat' dir='ltr'><strong>at]</strong></span> <span class='ocrx_word' id='word_1_382' title='bbox 1288 4254 1338 4290; x_wconf 83' lang='grc' dir='ltr'><strong>και</strong></span> <span class='ocrx_word' id='word_1_383' title='bbox 1356 4238 1388 4289; x_wconf 86' lang='grc'><strong>11.</strong></span> <span class='ocrx_word' id='word_1_384' title='bbox 1421 4263 1452 4276; x_wconf 95' lang='grc'>-</span> <span class='ocrx_word' id='word_1_385' title='bbox 1488 4241 1532 4292; x_wconf 75' lang='lat' dir='ltr'><strong>ta.</strong></span> 
     </span>
     <span class='ocr_line' id='line_1_40' title="bbox 215 4307 1532 4378; baseline -0.003 -13"><span class='ocrx_word' id='word_1_386' title='bbox 215 4313 386 4373; x_wconf 80' lang='lat' dir='ltr'><strong>dlihicreda,</strong></span> <span class='ocrx_word' id='word_1_387' title='bbox 414 4313 496 4378; x_wconf 73' lang='lat' dir='ltr'><strong>buca:</strong></span> <span class='ocrx_word' id='word_1_388' title='bbox 522 4313 616 4365; x_wconf 81' lang='lat' dir='ltr'><strong>Haec</strong></span> <span class='ocrx_word' id='word_1_389' title='bbox 640 4314 743 4364; x_wconf 85' lang='lat' dir='ltr'><strong>doceo</strong></span> <span class='ocrx_word' id='word_1_390' title='bbox 763 4337 792 4348; x_wconf 92' lang='lat'>-</span> <span class='ocrx_word' id='word_1_391' title='bbox 811 4311 945 4363; x_wconf 82' lang='lat' dir='ltr'><strong>Orelliut:</strong></span> <span class='ocrx_word' id='word_1_392' title='bbox 976 4309 1155 4369; x_wconf 78' lang='lat' dir='ltr'><strong>mihicredes,</strong></span> <span class='ocrx_word' id='word_1_393' title='bbox 1184 4307 1268 4373; x_wconf 61' lang='lat' dir='ltr'><strong>lapan</strong></span> <span class='ocrx_word' id='word_1_394' title='bbox 1294 4310 1356 4359; x_wconf 77' lang='lat' dir='ltr'><strong>hooc</strong></span> <span class='ocrx_word' id='word_1_395' title='bbox 1374 4309 1451 4361; x_wconf 81' lang='lat' dir='ltr'><strong>docco</strong></span> <span class='ocrx_word' id='word_1_396' title='bbox 1469 4311 1532 4372; x_wconf 78' lang='grc'><strong>111,</strong></span> 
     </span>
     <span class='ocr_line' id='line_1_41' title="bbox 213 4379 1532 4447; baseline -0.003 -13"><span class='ocrx_word' id='word_1_397' title='bbox 213 4385 278 4434; x_wconf 83' lang='lat' dir='ltr'><strong>mihi</strong></span> <span class='ocrx_word' id='word_1_398' title='bbox 303 4383 391 4432; x_wconf 72' lang='lat' dir='ltr'><strong>breden</strong></span> <span class='ocrx_word' id='word_1_399' title='bbox 410 4383 461 4447; x_wconf 80' lang='lat' dir='ltr'><strong>iope</strong></span> <span class='ocrx_word' id='word_1_400' title='bbox 479 4384 541 4433; x_wconf 82' lang='lat' dir='ltr'><strong>boec</strong></span> <span class='ocrx_word' id='word_1_401' title='bbox 558 4385 634 4433; x_wconf 80' lang='lat' dir='ltr'><strong>doceo</strong></span> <span class='ocrx_word' id='word_1_402' title='bbox 662 4381 764 4447; x_wconf 75' lang='lat' dir='ltr'><strong>(hradec</strong></span> <span class='ocrx_word' id='word_1_403' title='bbox 782 4395 844 4432; x_wconf 92' lang='lat' dir='ltr'><strong>cum</strong></span> <span class='ocrx_word' id='word_1_404' title='bbox 862 4381 934 4439; x_wconf 86' lang='lat' dir='ltr'><strong>liu.)</strong></span> <span class='ocrx_word' id='word_1_405' title='bbox 959 4380 1008 4440; x_wconf 93' lang='grc' dir='ltr'><strong>Μ,</strong></span> <span class='ocrx_word' id='word_1_406' title='bbox 1035 4379 1098 4428; x_wconf 81' lang='lat' dir='ltr'><strong>mihi</strong></span> <span class='ocrx_word' id='word_1_407' title='bbox 1117 4379 1228 4428; x_wconf 64' lang='lat' dir='ltr'><strong>hardu.</strong></span> <span class='ocrx_word' id='word_1_408' title='bbox 1248 4379 1301 4444; x_wconf 74' lang='lat' dir='ltr'><strong>lepc</strong></span> <span class='ocrx_word' id='word_1_409' title='bbox 1317 4379 1379 4429; x_wconf 82' lang='lat' dir='ltr'><strong>boec</strong></span> <span class='ocrx_word' id='word_1_410' title='bbox 1395 4380 1473 4430; x_wconf 80' lang='lat' dir='ltr'><strong>doceo</strong></span> <span class='ocrx_word' id='word_1_411' title='bbox 1491 4381 1532 4441; x_wconf 89' lang='grc'><strong>11,</strong></span> 
     </span>
     <span class='ocr_line' id='line_1_42' title="bbox 214 4447 1581 4518; baseline -0.004 -13"><span class='ocrx_word' id='word_1_412' title='bbox 214 4455 279 4505; x_wconf 64' lang='lat' dir='ltr'><strong>nihi</strong></span> <span class='ocrx_word' id='word_1_413' title='bbox 296 4455 380 4503; x_wconf 72' lang='lat' dir='ltr'><strong>credes</strong></span> <span class='ocrx_word' id='word_1_414' title='bbox 398 4453 463 4518; x_wconf 74' lang='lat' dir='ltr'><strong>leue:</strong></span> <span class='ocrx_word' id='word_1_415' title='bbox 484 4463 508 4504; x_wconf 86' lang='lat' dir='ltr'><strong>te</strong></span> <span class='ocrx_word' id='word_1_416' title='bbox 525 4455 573 4504; x_wconf 82' lang='lat' dir='ltr'><strong>hoc</strong></span> <span class='ocrx_word' id='word_1_417' title='bbox 589 4454 667 4504; x_wconf 83' lang='lat' dir='ltr'><strong>doceo</strong></span> <span class='ocrx_word' id='word_1_418' title='bbox 686 4453 707 4502; x_wconf 95' lang='lat' dir='ltr'><strong>l.</strong></span> <span class='ocrx_word' id='word_1_419' title='bbox 724 4477 755 4490; x_wconf 90' lang='lat'>-</span> <span class='ocrx_word' id='word_1_420' title='bbox 775 4453 817 4503; x_wconf 95' lang='grc'><strong>13.</strong></span> <span class='ocrx_word' id='word_1_421' title='bbox 837 4450 903 4516; x_wconf 83' lang='lat' dir='ltr'><strong>com]</strong></span> <span class='ocrx_word' id='word_1_422' title='bbox 922 4458 978 4500; x_wconf 84' lang='lat' dir='ltr'><strong>tam</strong></span> <span class='ocrx_word' id='word_1_423' title='bbox 996 4463 1035 4512; x_wconf 85' lang='lat' dir='ltr'><strong>pr.</strong></span> <span class='ocrx_word' id='word_1_424' title='bbox 1056 4447 1093 4499; x_wconf 95' lang='grc' dir='ltr'><strong>Μ.</strong></span> <span class='ocrx_word' id='word_1_425' title='bbox 1107 4474 1135 4485; x_wconf 91' lang='lat'><em>-</em></span> <span class='ocrx_word' id='word_1_426' title='bbox 1156 4449 1200 4498; x_wconf 74' lang='grc'><strong>11.</strong></span> <span class='ocrx_word' id='word_1_427' title='bbox 1220 4452 1284 4511; x_wconf 76' lang='lat' dir='ltr'><strong>poio</strong></span> <span class='ocrx_word' id='word_1_428' title='bbox 1301 4449 1344 4510; x_wconf 90' lang='grc' dir='ltr'><strong>Μ,</strong></span> <span class='ocrx_word' id='word_1_429' title='bbox 1363 4451 1427 4512; x_wconf 75' lang='lat' dir='ltr'><strong>quin</strong></span> <span class='ocrx_word' id='word_1_430' title='bbox 1443 4464 1483 4501; x_wconf 84' lang='lat' dir='ltr'><strong>me</strong></span> <span class='ocrx_word' id='word_1_431' title='bbox 1501 4453 1532 4500; x_wconf 88' lang='grc'><strong>11.</strong></span> <span class='ocrx_word' id='word_1_432' title='bbox 1573 4479 1581 4493; x_wconf 85' lang='lat'><strong>·</strong></span> 
     </span>
     <span class='ocr_line' id='line_1_43' title="bbox 216 4518 1534 4588; baseline -0.004 -14"><span class='ocrx_word' id='word_1_433' title='bbox 216 4526 274 4588; x_wconf 80' lang='lat' dir='ltr'><strong>(qui</strong></span> <span class='ocrx_word' id='word_1_434' title='bbox 290 4537 402 4586; x_wconf 75' lang='lat' dir='ltr'><strong>manag.</strong></span> <span class='ocrx_word' id='word_1_435' title='bbox 422 4523 529 4576; x_wconf 90' lang='grc' dir='ltr'><strong>Μ.)-</strong></span> <span class='ocrx_word' id='word_1_436' title='bbox 567 4526 609 4574; x_wconf 87' lang='grc'><strong>15.</strong></span> <span class='ocrx_word' id='word_1_437' title='bbox 629 4523 778 4581; x_wconf 85' lang='lat' dir='ltr'><strong>coir(cum</strong></span> <span class='ocrx_word' id='word_1_438' title='bbox 799 4519 914 4585; x_wconf 81' lang='lat' dir='ltr'><strong>lineola)</strong></span> <span class='ocrx_word' id='word_1_439' title='bbox 935 4533 975 4584; x_wconf 86' lang='lat' dir='ltr'><strong>pr.</strong></span> <span class='ocrx_word' id='word_1_440' title='bbox 995 4519 1040 4580; x_wconf 92' lang='grc' dir='ltr'><strong>Μ,</strong></span> <span class='ocrx_word' id='word_1_441' title='bbox 1060 4519 1175 4568; x_wconf 74' lang='lat' dir='ltr'><strong>comicos</strong></span> <span class='ocrx_word' id='word_1_442' title='bbox 1192 4530 1263 4567; x_wconf 93' lang='lat' dir='ltr'><strong>corr.</strong></span> <span class='ocrx_word' id='word_1_443' title='bbox 1283 4518 1372 4569; x_wconf 87' lang='grc' dir='ltr'><strong>Μ.-</strong></span> <span class='ocrx_word' id='word_1_444' title='bbox 1409 4519 1534 4570; x_wconf 61' lang='lat' dir='ltr'><strong>thielae</strong></span> 
     </span>
     <span class='ocr_line' id='line_1_44' title="bbox 215 4584 1534 4652; baseline -0.004 -8"><span class='ocrx_word' id='word_1_445' title='bbox 215 4594 238 4644; x_wconf 94' lang='lat'><strong>1.</strong></span> <span class='ocrx_word' id='word_1_446' title='bbox 257 4620 291 4628; x_wconf 97' lang='lat'>—</span> <span class='ocrx_word' id='word_1_447' title='bbox 327 4593 370 4644; x_wconf 84' lang='lat'><strong>17.</strong></span> <span class='ocrx_word' id='word_1_448' title='bbox 390 4595 451 4642; x_wconf 80' lang='lat' dir='ltr'><strong>cino</strong></span> <span class='ocrx_word' id='word_1_449' title='bbox 470 4593 546 4644; x_wconf 79' lang='lat' dir='ltr'><strong>hllll:</strong></span> <span class='ocrx_word' id='word_1_450' title='bbox 568 4593 644 4643; x_wconf 81' lang='lat' dir='ltr'><strong>Vinio</strong></span> <span class='ocrx_word' id='word_1_451' title='bbox 661 4599 770 4643; x_wconf 79' lang='lat' dir='ltr'><strong>auctam</strong></span> <span class='ocrx_word' id='word_1_452' title='bbox 788 4593 835 4642; x_wconf 88' lang='lat' dir='ltr'><strong>Pio</strong></span> <span class='ocrx_word' id='word_1_453' title='bbox 854 4595 884 4642; x_wconf 82' lang='lat' dir='ltr'><strong>E.</strong></span> <span class='ocrx_word' id='word_1_454' title='bbox 907 4615 937 4626; x_wconf 91' lang='lat'><strong>-·</strong></span> <span class='ocrx_word' id='word_1_455' title='bbox 973 4589 1017 4639; x_wconf 81' lang='lat' dir='ltr'><strong>hec</strong></span> <span class='ocrx_word' id='word_1_456' title='bbox 1034 4589 1096 4652; x_wconf 81' lang='lat' dir='ltr'><strong>quid</strong></span> <span class='ocrx_word' id='word_1_457' title='bbox 1114 4589 1151 4638; x_wconf 93' lang='grc' dir='ltr'><strong>Μ.</strong></span> <span class='ocrx_word' id='word_1_458' title='bbox 1174 4611 1201 4622; x_wconf 97' lang='grc'>-</span> <span class='ocrx_word' id='word_1_459' title='bbox 1239 4589 1283 4637; x_wconf 76' lang='lat' dir='ltr'><strong>at.</strong></span> <span class='ocrx_word' id='word_1_460' title='bbox 1302 4584 1360 4651; x_wconf 83' lang='lat' dir='ltr'><strong>hoc]</strong></span> <span class='ocrx_word' id='word_1_461' title='bbox 1379 4602 1448 4639; x_wconf 79' lang='lat' dir='ltr'><strong>nunc</strong></span> <span class='ocrx_word' id='word_1_462' title='bbox 1466 4590 1534 4640; x_wconf 86' lang='lat' dir='ltr'><strong>Ben-</strong></span> 
     </span>
     <span class='ocr_line' id='line_1_45' title="bbox 215 4657 1535 4722; baseline -0.004 -8"><span class='ocrx_word' id='word_1_463' title='bbox 215 4663 334 4715; x_wconf 85' lang='lat' dir='ltr'><strong>tirolius.</strong></span> <span class='ocrx_word' id='word_1_464' title='bbox 366 4689 398 4701; x_wconf 83' lang='lat'>-</span> <span class='ocrx_word' id='word_1_465' title='bbox 432 4664 476 4712; x_wconf 89' lang='grc'><strong>22.</strong></span> <span class='ocrx_word' id='word_1_466' title='bbox 495 4665 583 4714; x_wconf 81' lang='lat' dir='ltr'><strong>videm</strong></span> <span class='ocrx_word' id='word_1_467' title='bbox 609 4665 678 4712; x_wconf 88' lang='lat' dir='ltr'><strong>inter</strong></span> <span class='ocrx_word' id='word_1_468' title='bbox 701 4671 731 4713; x_wconf 82' lang='lat' dir='ltr'><strong>ot</strong></span> <span class='ocrx_word' id='word_1_469' title='bbox 749 4664 879 4712; x_wconf 82' lang='lat' dir='ltr'><strong>etooleca</strong></span> <span class='ocrx_word' id='word_1_470' title='bbox 898 4660 991 4709; x_wconf 84' lang='lat' dir='ltr'><strong>inserit</strong></span> <span class='ocrx_word' id='word_1_471' title='bbox 1009 4671 1080 4708; x_wconf 91' lang='lat' dir='ltr'><strong>corr.</strong></span> <span class='ocrx_word' id='word_1_472' title='bbox 1100 4658 1137 4707; x_wconf 90' lang='grc' dir='ltr'><strong>Μ.</strong></span> <span class='ocrx_word' id='word_1_473' title='bbox 1171 4681 1202 4694; x_wconf 87' lang='grc'><strong>-</strong></span> <span class='ocrx_word' id='word_1_474' title='bbox 1238 4658 1281 4708; x_wconf 84' lang='grc'><strong>211.</strong></span> <span class='ocrx_word' id='word_1_475' title='bbox 1301 4657 1362 4708; x_wconf 74' lang='lat' dir='ltr'><strong>Auli</strong></span> <span class='ocrx_word' id='word_1_476' title='bbox 1378 4659 1433 4722; x_wconf 70' lang='lat' dir='ltr'><strong>tilio</strong></span> <span class='ocrx_word' id='word_1_477' title='bbox 1451 4659 1535 4711; x_wconf 81' lang='lat' dir='ltr'><strong>hiala-</strong></span> 
     </span>
     <span class='ocr_line' id='line_1_46' title="bbox 216 4728 1534 4799; baseline -0.003 -15"><span class='ocrx_word' id='word_1_478' title='bbox 216 4735 312 4798; x_wconf 84' lang='lat' dir='ltr'><strong>spina:</strong></span> <span class='ocrx_word' id='word_1_479' title='bbox 332 4733 408 4799; x_wconf 70' lang='lat' dir='ltr'><strong>Afilio</strong></span> <span class='ocrx_word' id='word_1_480' title='bbox 427 4733 496 4783; x_wconf 86' lang='lat' dir='ltr'><strong>liber</strong></span> <span class='ocrx_word' id='word_1_481' title='bbox 513 4733 625 4792; x_wconf 77' lang='lat' dir='ltr'><strong>Fadrui,</strong></span> <span class='ocrx_word' id='word_1_482' title='bbox 652 4733 687 4781; x_wconf 81' lang='grc'><strong>11.</strong></span> <span class='ocrx_word' id='word_1_483' title='bbox 705 4734 785 4784; x_wconf 79' lang='lat' dir='ltr'><strong>Atilio</strong></span> <span class='ocrx_word' id='word_1_484' title='bbox 804 4732 881 4792; x_wconf 77' lang='grc'><strong>1311,</strong></span> <span class='ocrx_word' id='word_1_485' title='bbox 901 4729 982 4780; x_wconf 76' lang='lat' dir='ltr'><strong>Atilio</strong></span> <span class='ocrx_word' id='word_1_486' title='bbox 999 4729 1057 4789; x_wconf 93' lang='grc' dir='ltr'>ΜΙ,</span> <span class='ocrx_word' id='word_1_487' title='bbox 1077 4728 1219 4778; x_wconf 77' lang='grc' dir='ltr'><strong>111111ο11.</strong></span> <span class='ocrx_word' id='word_1_488' title='bbox 1241 4753 1271 4764; x_wconf 92' lang='lat'>—</span> <span class='ocrx_word' id='word_1_489' title='bbox 1307 4729 1504 4779; x_wconf 78' lang='lat' dir='ltr'><strong>condemnatum</strong></span> <span class='ocrx_word' id='word_1_490' title='bbox 1522 4731 1534 4780; x_wconf 88' lang='lat'>1</span> 
     </span>
     <span class='ocr_line' id='line_1_47' title="bbox 216 4797 1534 4868; baseline -0.002 -14"><span class='ocrx_word' id='word_1_491' title='bbox 216 4809 243 4854; x_wconf 89' lang='lat' dir='ltr'><strong>et</strong></span> <span class='ocrx_word' id='word_1_492' title='bbox 261 4819 301 4868; x_wconf 85' lang='lat' dir='ltr'><strong>pr.</strong></span> <span class='ocrx_word' id='word_1_493' title='bbox 321 4805 358 4856; x_wconf 92' lang='grc' dir='ltr'><strong>Μ.</strong></span> <span class='ocrx_word' id='word_1_494' title='bbox 377 4829 411 4838; x_wconf 89' lang='grc'>-</span> <span class='ocrx_word' id='word_1_495' title='bbox 447 4804 489 4854; x_wconf 83' lang='grc'><strong>27.</strong></span> <span class='ocrx_word' id='word_1_496' title='bbox 509 4805 636 4866; x_wconf 75' lang='lat' dir='ltr'><strong>auapicmr</strong></span> <span class='ocrx_word' id='word_1_497' title='bbox 652 4801 690 4853; x_wconf 93' lang='grc' dir='ltr'><strong>Μ.</strong></span> <span class='ocrx_word' id='word_1_498' title='bbox 711 4828 740 4839; x_wconf 88' lang='grc'>-</span> <span class='ocrx_word' id='word_1_499' title='bbox 777 4803 841 4852; x_wconf 83' lang='lat' dir='ltr'><strong>mihi</strong></span> <span class='ocrx_word' id='word_1_500' title='bbox 858 4815 912 4852; x_wconf 90' lang='lat' dir='ltr'><strong>om.</strong></span> <span class='ocrx_word' id='word_1_501' title='bbox 933 4813 973 4863; x_wconf 88' lang='lat' dir='ltr'><strong>pr.</strong></span> <span class='ocrx_word' id='word_1_502' title='bbox 993 4797 1030 4849; x_wconf 93' lang='grc' dir='ltr'><strong>Μ.</strong></span> <span class='ocrx_word' id='word_1_503' title='bbox 1051 4825 1083 4835; x_wconf 92' lang='grc'>-</span> <span class='ocrx_word' id='word_1_504' title='bbox 1109 4800 1163 4848; x_wconf 76' lang='lat' dir='ltr'><strong>cios</strong></span> <span class='ocrx_word' id='word_1_505' title='bbox 1179 4799 1280 4862; x_wconf 78' lang='lat' dir='ltr'><strong>colipoe</strong></span> <span class='ocrx_word' id='word_1_506' title='bbox 1298 4798 1324 4857; x_wconf 84' lang='lat'><strong>1.</strong></span> <span class='ocrx_word' id='word_1_507' title='bbox 1346 4798 1461 4849; x_wconf 80' lang='lat' dir='ltr'><strong>Gallicae</strong></span> <span class='ocrx_word' id='word_1_508' title='bbox 1478 4814 1534 4863; x_wconf 75' lang='lat' dir='ltr'><strong>mg.</strong></span> 
     </span>
     <span class='ocr_line' id='line_1_48' title="bbox 215 4868 1533 4939; baseline -0.005 -14"><span class='ocrx_word' id='word_1_509' title='bbox 215 4874 342 4939; x_wconf 77' lang='lat' dir='ltr'><strong>Repetitt.</strong></span> <span class='ocrx_word' id='word_1_510' title='bbox 361 4873 456 4924; x_wconf 81' lang='lat' dir='ltr'><strong>hamb.</strong></span> <span class='ocrx_word' id='word_1_511' title='bbox 494 4871 549 4924; x_wconf 80' lang='lat' dir='ltr'><strong>Cir.</strong></span> <span class='ocrx_word' id='word_1_512' title='bbox 568 4872 683 4935; x_wconf 83' lang='lat' dir='ltr'><strong>Philipp.</strong></span> <span class='ocrx_word' id='word_1_513' title='bbox 704 4873 739 4932; x_wconf 88' lang='grc'><strong>2,</strong></span> <span class='ocrx_word' id='word_1_514' title='bbox 767 4871 810 4922; x_wconf 89' lang='grc'><strong>31.</strong></span> <span class='ocrx_word' id='word_1_515' title='bbox 845 4896 871 4906; x_wconf 87' lang='grc'><strong>-</strong></span> <span class='ocrx_word' id='word_1_516' title='bbox 909 4869 953 4919; x_wconf 86' lang='grc'><strong>23.</strong></span> <span class='ocrx_word' id='word_1_517' title='bbox 973 4877 997 4920; x_wconf 81' lang='lat' dir='ltr'><strong>et</strong></span> <span class='ocrx_word' id='word_1_518' title='bbox 1015 4868 1147 4919; x_wconf 84' lang='lat' dir='ltr'><strong>Orellius:</strong></span> <span class='ocrx_word' id='word_1_519' title='bbox 1177 4875 1208 4917; x_wconf 81' lang='lat' dir='ltr'><strong>ot</strong></span> <span class='ocrx_word' id='word_1_520' title='bbox 1225 4881 1288 4936; x_wconf 75' lang='lat' dir='ltr'><strong>pum</strong></span> <span class='ocrx_word' id='word_1_521' title='bbox 1308 4868 1384 4918; x_wconf 82' lang='lat' dir='ltr'><strong>libris</strong></span> <span class='ocrx_word' id='word_1_522' title='bbox 1402 4869 1469 4920; x_wconf 83' lang='lat' dir='ltr'><strong>lllll.</strong></span> <span class='ocrx_word' id='word_1_523' title='bbox 1500 4897 1533 4906; x_wconf 89' lang='lat'>—</span> 
     </span>
     <span class='ocr_line' id='line_1_49' title="bbox 216 4939 1535 5008; baseline -0.002 -13"><span class='ocrx_word' id='word_1_524' title='bbox 216 4945 259 4995; x_wconf 86' lang='grc'><strong>30.</strong></span> <span class='ocrx_word' id='word_1_525' title='bbox 280 4941 372 5007; x_wconf 74' lang='lat' dir='ltr'><strong>cyno]</strong></span> <span class='ocrx_word' id='word_1_526' title='bbox 390 4957 470 5008; x_wconf 77' lang='lat' dir='ltr'><strong>pyros</strong></span> <span class='ocrx_word' id='word_1_527' title='bbox 487 4944 533 4994; x_wconf 88' lang='lat' dir='ltr'><strong>ltl.</strong></span> <span class='ocrx_word' id='word_1_528' title='bbox 567 4965 595 4976; x_wconf 94' lang='lat'>-</span> <span class='ocrx_word' id='word_1_529' title='bbox 634 4941 677 4993; x_wconf 87' lang='grc'><strong>31.</strong></span> <span class='ocrx_word' id='word_1_530' title='bbox 697 4941 838 4992; x_wconf 74' lang='lat' dir='ltr'><strong>citabatur</strong></span> <span class='ocrx_word' id='word_1_531' title='bbox 853 4941 966 4990; x_wconf 74' lang='lat' dir='ltr'><strong>idiosum</strong></span> <span class='ocrx_word' id='word_1_532' title='bbox 983 4939 1027 5002; x_wconf 90' lang='grc' dir='ltr'><strong>Μ,</strong></span> <span class='ocrx_word' id='word_1_533' title='bbox 1054 4939 1181 5004; x_wconf 79' lang='lat' dir='ltr'><strong>opehotor</strong></span> <span class='ocrx_word' id='word_1_534' title='bbox 1197 4939 1352 4989; x_wconf 79' lang='lat' dir='ltr'><strong>tiridiomm</strong></span> <span class='ocrx_word' id='word_1_535' title='bbox 1370 4939 1421 4997; x_wconf 86' lang='grc'><strong>111,</strong></span> <span class='ocrx_word' id='word_1_536' title='bbox 1448 4941 1535 4993; x_wconf 79' lang='lat' dir='ltr'><strong>ciebat</strong></span> 
     </span>
     <span class='ocr_line' id='line_1_50' title="bbox 216 5004 1534 5082; baseline -0.003 -18"><span class='ocrx_word' id='word_1_537' title='bbox 216 5019 244 5064; x_wconf 83' lang='lat' dir='ltr'><strong>oi</strong></span> <span class='ocrx_word' id='word_1_538' title='bbox 262 5015 398 5064; x_wconf 75' lang='lat' dir='ltr'><strong>rodiomm</strong></span> <span class='ocrx_word' id='word_1_539' title='bbox 416 5019 525 5064; x_wconf 85' lang='lat' dir='ltr'><strong>auctore</strong></span> <span class='ocrx_word' id='word_1_540' title='bbox 552 5012 693 5062; x_wconf 81' lang='lat' dir='ltr'><strong>Tunatallo</strong></span> <span class='ocrx_word' id='word_1_541' title='bbox 720 5013 940 5062; x_wconf 79' lang='lat' dir='ltr'><strong>Luenemannus.</strong></span> <span class='ocrx_word' id='word_1_542' title='bbox 972 5033 1003 5046; x_wconf 90' lang='lat'>-</span> <span class='ocrx_word' id='word_1_543' title='bbox 1040 5025 1071 5060; x_wconf 86' lang='grc' dir='ltr'><strong>αι</strong></span> <span class='ocrx_word' id='word_1_544' title='bbox 1083 5004 1244 5082; x_wconf 49' lang='lat' dir='ltr'><strong>§paucioris-</strong></span> <span class='ocrx_word' id='word_1_545' title='bbox 1261 5009 1294 5058; x_wconf 91' lang='grc'><strong>11.</strong></span> <span class='ocrx_word' id='word_1_546' title='bbox 1326 5031 1360 5046; x_wconf 84' lang='grc'>-</span> <span class='ocrx_word' id='word_1_547' title='bbox 1396 5009 1471 5060; x_wconf 75' lang='lat' dir='ltr'><strong>latete</strong></span> <span class='ocrx_word' id='word_1_548' title='bbox 1489 5011 1534 5072; x_wconf 93' lang='grc' dir='ltr'>Μ,</span> 
     </span>
     <span class='ocr_line' id='line_1_51' title="bbox 218 5077 1482 5150; baseline -0.004 -14"><span class='ocrx_word' id='word_1_549' title='bbox 218 5085 307 5136; x_wconf 82' lang='lat' dir='ltr'><strong>lacteis</strong></span> <span class='ocrx_word' id='word_1_550' title='bbox 326 5083 348 5135; x_wconf 93' lang='lat' dir='ltr'><strong>l.</strong></span> <span class='ocrx_word' id='word_1_551' title='bbox 367 5108 401 5119; x_wconf 92' lang='lat'><em>-</em></span> <span class='ocrx_word' id='word_1_552' title='bbox 437 5083 480 5134; x_wconf 84' lang='grc'><strong>32.</strong></span> <span class='ocrx_word' id='word_1_553' title='bbox 500 5099 555 5150; x_wconf 82' lang='grc' dir='ltr'><strong>μεν</strong></span> <span class='ocrx_word' id='word_1_554' title='bbox 573 5099 592 5134; x_wconf 83' lang='lat' dir='ltr'><strong>or</strong></span> <span class='ocrx_word' id='word_1_555' title='bbox 611 5083 642 5133; x_wconf 86' lang='lat' dir='ltr'><strong>ll.</strong></span> <span class='ocrx_word' id='word_1_556' title='bbox 664 5106 694 5120; x_wconf 94' lang='lat'><em>-</em></span> <span class='ocrx_word' id='word_1_557' title='bbox 730 5097 844 5146; x_wconf 78' lang='grc' dir='ltr'><strong><em>ακτινος</em></strong></span> <span class='ocrx_word' id='word_1_558' title='bbox 861 5082 898 5133; x_wconf 93' lang='grc' dir='ltr'><strong>Μ.</strong></span> <span class='ocrx_word' id='word_1_559' title='bbox 916 5105 950 5116; x_wconf 88' lang='grc'><strong>-·</strong></span> <span class='ocrx_word' id='word_1_560' title='bbox 985 5078 1017 5132; x_wconf 80' lang='grc' dir='ltr'><strong>δε</strong></span> <span class='ocrx_word' id='word_1_561' title='bbox 1034 5095 1065 5130; x_wconf 80' lang='grc' dir='ltr'><strong>αι</strong></span> <span class='ocrx_word' id='word_1_562' title='bbox 1083 5097 1122 5148; x_wconf 79' lang='grc' dir='ltr'><strong>γα</strong></span> <span class='ocrx_word' id='word_1_563' title='bbox 1139 5077 1182 5138; x_wconf 92' lang='grc' dir='ltr'>Μ,</span> <span class='ocrx_word' id='word_1_564' title='bbox 1201 5077 1232 5130; x_wconf 82' lang='lat' dir='ltr'><strong>de</strong></span> <span class='ocrx_word' id='word_1_565' title='bbox 1249 5094 1276 5128; x_wconf 88' lang='grc' dir='ltr'><strong>κ.</strong></span> <span class='ocrx_word' id='word_1_566' title='bbox 1295 5079 1325 5142; x_wconf 86' lang='grc' dir='ltr'><strong>β.</strong></span> <span class='ocrx_word' id='word_1_567' title='bbox 1345 5094 1395 5130; x_wconf 85' lang='grc' dir='ltr'><strong>και</strong></span> <span class='ocrx_word' id='word_1_568' title='bbox 1412 5096 1432 5130; x_wconf 87' lang='grc' dir='ltr'>α</span> <span class='ocrx_word' id='word_1_569' title='bbox 1451 5081 1482 5131; x_wconf 89' lang='grc'><strong>11.</strong></span> 
     </span>
    </p>
   </div>
   <div class='ocr_carea' id='block_1_14' title="bbox 0 0 1849 5924">
    <p class='ocr_par' dir='ltr' id='par_1_14' title="bbox 0 0 1849 5924">
     <span class='ocr_line' id='line_1_52' title="bbox 0 0 1849 5924; baseline 0 0"><span class='ocrx_word' id='word_1_570' title='bbox 0 0 1849 5924; x_wconf 95' lang='lat' dir='ltr'><strong> </strong></span> 
     </span>
    </p>
   </div>
  </div>
 </body>
</html>
