3714 5878
683 429 758 490 Llll.
779 427 864 489 XVI.
904 429 963 490 EP.
988 429 1037 491 12.
1062 430 1110 491 13.
1500 433 1562 494 7t5

235 588 268 650 in
290 606 353 670 quo
382 581 482 648 herus
511 591 560 648 est
586 583 627 648 ad
647 584 709 649 iter
729 585 878 670 Arpinas,
906 580 1030 648 obviam
1053 585 1130 650 mihi
1151 583 1184 650 lit
1206 585 1401 661 tabellarius,
1431 586 1484 672 qui
1511 608 1562 652 me

236 680 367 745 ollendll
388 680 520 757 δολιχὸν
542 678 644 744 πλόον
666 683 875 762 ὁρμαίνοντα.
920 681 987 761 Ego
1009 684 1127 753 statim,
1151 679 1246 754 cedo,
1270 682 1413 766 inquam,
1436 679 1462 744 si
1485 680 1563 765 quid

235 774 274 838 ab
297 774 408 838 Attico.
452 773 596 838 Nondum
618 773 723 858 legere
745 783 943 858 poteramus;
978 793 1048 836 nam
1071 783 1102 838 et
1124 773 1240 838 lumina
1263 774 1481 839 dimiseramus
1503 793 1561 838 uec

234 869 308 934 satis
331 866 462 933 lucebat.
508 870 583 932 Cum
607 878 709 932 autem
733 867 865 938 luceret,
895 876 965 932 ante
988 866 1102 952 scripta
1131 867 1262 952 epistola
1291 888 1332 932 ex
1354 865 1475 932 duabus
1497 867 1560 932 tuis

235 963 324 1048 prior
345 961 422 1026 mihi
444 961 507 1046 legi
529 971 638 1046 coepta
661 973 716 1030 est.
758 962 813 1026 llla
835 962 977 1026 omnium
1004 960 1131 1045 quidem
1152 961 1392 1046 elegantissima.
1435 965 1480 1025 Ne
1502 965 1584 1025 sims

234 1059 356 1130 salvus,
379 1057 405 1121 si
428 1056 518 1121 aliter
539 1055 658 1129 scribo,
682 1077 718 1120 ac
739 1062 855 1122 sentio:
887 1055 962 1120 nihil
985 1056 1046 1140 legi
1070 1055 1244 1122 humanius.
1287 1062 1396 1141 ltaque
1418 1055 1561 1122 veniam.

234 1173 298 1238 quo
319 1171 429 1224 vocas,
454 1150 549 1215 modo
569 1150 712 1215 adiutore
735 1161 775 1215 te.
810 1149 871 1216 Sed
894 1149 972 1215 nihil
993 1157 1054 1214 tam
1076 1153 1335 1234 ἁπροςὸιόνυσον
1357 1149 1434 1214 mihi
1456 1149 1560 1234 primo

234 1244 400 1309 videbatur
421 1265 514 1329 quam
536 1243 575 1308 ad
598 1265 650 1308 eas
672 1243 804 1318 litteras,
833 1243 947 1330 quibus
969 1263 1030 1328 ego
1052 1265 1070 1307 a
1093 1254 1122 1308 te
1144 1244 1308 1310 consilium
1330 1245 1499 1330 petieram,
1529 1255 1560 1309 te

233 1337 310 1402 mihi
333 1339 389 1402 ista
417 1337 604 1404 rescribere.
647 1344 677 1402 2.
708 1344 787 1404 Ecce
810 1339 866 1403 tibi
895 1340 1008 1411 altera,
1038 1359 1099 1424 qua
1123 1338 1258 1404 hortaris
1285 1343 1362 1426 παρ’
1386 1340 1562 1422 ἠνεμόεντα

233 1435 412 1514 Μίμαντα,
441 1433 541 1512 νήσου
564 1444 617 1498 ἐπὶ
644 1437 781 1515 Ψυρίης,
811 1433 941 1519 Appiam
968 1436 1015 1498 ἐπ’
1040 1435 1185 1517 ἀριστέρ’
1209 1435 1338 1512 ἔχοντα.
1384 1437 1491 1519 ltaque
1522 1453 1600 1498 coto

233 1525 283 1589 die
306 1525 405 1590 mansi
419 1527 544 1612 Aquini.
580 1527 756 1610 Longulum
779 1547 853 1592 sane
874 1528 936 1593 iter
957 1537 988 1592 ct
1009 1523 1060 1592 ¹via
1082 1527 1177 1604 mala;
1200 1526 1272 1592 inde
1294 1527 1448 1613 postridie
1469 1548 1560 1592 mane

233 1618 448 1705 proficiscens,
471 1622 526 1686 has
547 1620 667 1687 litteras
690 1621 797 1686 dedi*
821 1627 832 1650 *
866 1629 873 1642 ’

671 1765 758 1826 αα.
780 1765 807 1826 i.
840 1761 894 1840 (A.
920 1766 953 1828 u.
976 1765 1008 1828 c.
1031 1763 1122 1844 πο.)

715 1886 859 1950 CICERO
882 1884 1027 1949 ATTICO
1050 1886 1081 1949 S.

319 2002 346 2062 1.
375 2001 490 2027 ·***
518 2007 549 2062 et
578 1995 719 2084 quidem,
755 2005 788 2060 ut
816 2017 832 2060 a
862 2016 913 2060 me
940 1995 1129 2060 dimitterem
1160 1995 1379 2066 invitissimus,
1417 1994 1600 2060 fecerunttt

146 2145 150 2158 .
231 2092 336 2156 Erotis
358 2091 489 2156 litterae.
533 2098 610 2156 Rem
634 2091 689 2154 tibi
713 2091 788 2155 Tiro
811 2089 960 2154 narrabit.
1003 2095 1068 2163 Tu,
1098 2089 1173 2174 quid
1196 2088 1372 2153 iaciendum
1394 2089 1450 2162 sit,
1474 2087 1559 2153 vide-

231 2184 290 2248 bis.
335 2189 516 2258 Praeterea,
544 2185 703 2270 possimne
730 2185 862 2271 propius
890 2182 1041 2249 accedere
1063 2215 1103 2227 —
1126 2184 1209 2249 malo
1240 2183 1322 2246 enim
1345 2203 1414 2247 esse
1443 2169 1475 2249 ih
1498 2189 1560 2248 Tu-

232 2278 359 2342 sculano
381 2288 434 2343 aut
454 2279 576 2363 uspiam
600 2279 631 2342 in
646 2277 830 2344 suburbano
846 2312 876 2324 -
902 2299 942 2344 an
963 2279 1056 2342 etiam
1079 2277 1203 2362 longius
1221 2274 1443 2342 discedendum
1459 2287 1559 2361 putes,

231 2370 344 2435 crebro
372 2370 483 2436 adme
514 2373 608 2437 velim
637 2371 765 2436 scribas.
809 2372 876 2437 Erit
903 2382 1007 2438 autem
1031 2370 1186 2456 quotidie,
1217 2369 1267 2434 cui
1296 2369 1362 2436 des.
1405 2373 1434 2434 2.
1466 2370 1559 2447 Quod

231 2474 393 2550 praeterea
416 2466 571 2539 consulis,
600 2466 675 2552 quid
697 2466 753 2531 tibi
783 2487 926 2532 censeam
948 2464 1144 2537 faciundum,
1173 2463 1296 2528 dillicile
1322 2473 1384 2538 est,
1414 2485 1484 2528 cum
1507 2463 1599 2528 als-au

230 2559 300 2623 sim.
343 2565 580 2632 Verumtamen,
610 2560 635 2624 si
666 2581 758 2645 pares
786 2581 885 2647 aeque
913 2561 995 2625 inter
1021 2580 1071 2632 so,
1101 2558 1342 2645 quiescendum:
1371 2557 1438 2635 sin3
1468 2558 1558 2623 latius

232 2653 384 2726 manabit,
408 2652 588 2738 etquidem
611 2652 650 2717 ad
672 2675 745 2727 nos,
769 2653 882 2719 deinde
904 2658 1122 2719 communiter.

666 2795 752 2857 mu.
776 2795 884 2872 ..(1.
912 2796 944 2861 o.
968 2797 999 2858 e.
1022 2795 1119 2872 rso.)

711 2914 853 2980 crcuno
876 2915 1021 2978 muco
1044 2891 1084 2977 s.'

316 3032 343 3090 1.
372 3026 472 3091 hvide
495 3035 581 3091 tuum
605 3027 767 3091 consilium
791 3034 952 3110 exspecto.
995 3025 1121 3098 Timeo,
1150 3047 1189 3089 ne
1210 3023 1327 3100 absim,
1355 3046 1426 3091 omn
1449 3027 1596 3094 adessem

230 3142 279 3184 me
310 3121 351 3185 sit
371 3121 546 3186 honestius:
578 3132 697 3185 temere
720 3120 828 3185 venire
849 3140 914 3184 non
936 3117 1048 3184 audeo.
1092 3124 1139 3184 De
1160 3118 1286 3184 Antonii
1316 3119 1482 3186 itineribus
1504 3143 1557 3186 ne·

229 3216 295 3278 scio
324 3214 398 3300 quid
428 3215 518 3279 aliter
547 3215 657 3288 audio,
690 3225 782 3299 atque
812 3222 847 3278 ut
869 3212 907 3277 ad
930 3223 961 3278 te
982 3211 1168 3282 scribebam.
1213 3213 1323 3278 Omnia
1346 3214 1442 3298 igitur
1464 3216 1556 3280 velim

229 3310 367 3395 explices
389 3318 420 3374 et
441 3309 480 3372 ad
503 3330 551 3372 me
574 3322 658 3374 corta
682 3310 794 3375 mittas.
831 3313 861 3372 2.
884 3313 931 3373 De
952 3307 1076 3394 reliquo
1098 3307 1173 3394 quid
1191 3308 1247 3374 tibi
1269 3328 1329 3393 ego
1352 3309 1476 3373 dicam‘t
1501 3317 1559 3374 hr-

229 3403 289 3468 deo
311 3401 415 3468 studio
438 3402 587 3468 historiae
611 3441 650 3450 —
674 3404 900 3470 incredibiliter
921 3402 1005 3466 enim
1026 3423 1076 3466 me
1099 3411 1277 3466 commovet
1304 3411 1356 3468 tua
1379 3401 1557 3469 cohortatio

228 3518 373 3582 -quae
396 3497 523 3583 quidem
553 3519 610 3562 nec
632 3498 751 3562 institui
773 3519 830 3562 noc
852 3497 932 3561 ethei
953 3505 1056 3581 potest
1084 3495 1151 3560 sine
1173 3506 1226 3560 tua
1249 3517 1320 3581 ope.
1364 3499 1477 3562 Curam
1500 3496 1594 3581 igi-sn

229 3598 280 3654 tur
307 3589 366 3655 hoc
395 3589 521 3677 quidem
551 3591 760 3657 conseramus.
803 3597 837 3656 ln
861 3589 1037 3677 praesentia
1059 3589 1134 3655 mihi
1165 3590 1257 3655 velim
1279 3588 1412 3664 scribas,
1442 3589 1557 3672 ouibus

227 3684 408 3751 consulibus
431 3689 463 3752 C.
480 3687 615 3751 Fannius
636 3692 678 3752 M.
699 3691 732 3751 F.
756 3685 900 3751 tribunus
920 3684 963 3769 pl.
985 3683 1090 3750 fuerit.
1134 3685 1253 3750 Videor
1275 3684 1353 3749 mihi
1374 3684 1499 3750 audisse
1521 3689 1555 3750 P.
1648 3680 1670 3762 ,¹

298 3872 324 3919 2.
346 3871 402 3932 Epo
422 3877 511 3918 tomen
529 3873 619 3919 statim
638 3871 674 3930 11,
696 3871 728 3921 m
748 3883 795 3933 spo
814 3871 905 3920 rtatim
923 3869 946 3918 1.
972 3893 1002 3904 -
1039 3867 1065 3917 3.
1084 3868 1203 3916 nundum
1222 3882 1264 3930 pr.
1284 3867 1320 3918 M.
1342 3892 1373 3904 -
1411 3868 1438 3918 8.
1459 3869 1495 3918 od
1513 3881 1557 3918 sus

226 3939 379 3989 Manutius:
408 3941 445 3989 od
463 3942 511 3990 hos
529 3941 618 4000 Mitti,
641 3942 730 3990 dehis
750 3942 771 3990 1.
800 3967 832 3977 -
868 3941 895 3990 t).
921 3938 970 3990 tihi
988 3939 1087 3988 ancras
1105 3951 1158 4000 quo
1176 3938 1218 3996 M,
1239 3937 1288 3988 tihi
1305 3938 1353 3986 hos
1372 3939 1473 3988 atteras
1490 3951 1558 4001 quos

227 4009 258 4056 11.
287 4034 317 4044 -
356 4011 585 4060 Graecisms.
616 4038 643 4048 -
683 4012 726 4061 to.
746 4006 870 4074 Appium]
890 4009 1005 4073 Appiam
1021 4009 1119 4059 sciticet
1139 4009 1173 4057 111
1193 4014 1220 4058 et
1238 4009 1304 4058 Cod.
1325 4008 1352 4056 in
1374 4022 1428 4070 mg.
1449 4008 1555 4070 sapen.

227 4079 337 4138 Lamb,
359 4081 421 4128 item
443 4067 513 4130 coir.
533 4082 571 4132 M.
595 4104 622 4113 -
661 4077 845 4142 in’Js'lei.
867 4105 898 4115 -
935 4093 1076 4148 αριατερα
1095 4078 1127 4127 Β.
1148 4101 1179 4113 -
1217 4079 1258 4127 11.
1280 4077 1353 4126 molo
1371 4078 1555 4140 Wesenbergz

227 4157 320 4196 amota
341 4149 380 4205 x,
399 4155 474 4198 moto
493 4151 529 4209 Z,
548 4153 625 4200 inotu
644 4151 710 4205 MR,
729 4153 822 4212 inepta
840 4150 874 4199 111
894 4149 1000 4198 etCod.
1017 4148 1130 4198 Melmst.
1155 4172 1185 4183 -
1204 4149 1248 4198 15.
1271 4149 1280 4166 ·
1300 4147 1310 4168 '
1330 4145 1480 4212 etquidem]
1505 4149 1556 4198 No·

227 4233 276 4267 rae
298 4219 343 4280 Ep.
364 4219 427 4268 hinc
448 4221 553 4269 initium
573 4234 635 4269 curn
654 4221 795 4269 Tonstaito
815 4220 878 4269 iecit
896 4219 1070 4269 Schuetaius:
1106 4218 1175 4266 dadi.
1212 4219 1247 4268 Et
1265 4217 1369 4281 puidam
1397 4219 1494 4269 Miiili.
1524 4243 1553 4254 -

227 4290 411 4337 invitissimum
431 4288 452 4338 1.
483 4314 513 4324 -
553 4291 594 4339 17.
612 4292 712 4351 possim
731 4303 768 4338 on
781 4291 894 4350 propior
913 4289 935 4338 1.
965 4313 996 4324 -·
1034 4289 1131 4338 rassin
1149 4302 1204 4338 om.
1225 4289 1247 4338 l.
1277 4313 1308 4323 -
1346 4289 1389 4338 18.
1411 4284 1556 4350 unctium]

226 4365 289 4408 onte
307 4362 362 4406 tum
379 4359 421 4418 M,
441 4372 477 4406 on
496 4358 518 4408 1.
541 4383 571 4394 -
606 4367 687 4421 putus
705 4359 779 4410 Mitt.
820 4360 906 4410 {Corn
927 4357 1084 4416 Corradus.)
1107 4383 1134 4394 -
1174 4359 1218 4408 22.
1237 4359 1421 4408 munshitMi.
1442 4382 1471 4392 -
1510 4359 1555 4408 25.

226 4425 320 4490 Aside]
345 4427 437 4478 Novae
463 4429 511 4490 lip.
538 4429 643 4478 initium
672 4430 735 4479 hinc
759 4429 862 4480 iaciunt
881 4427 965 4479 Codd·
986 4429 1059 4478 Bosii
1085 4428 1113 4477 in
1132 4429 1203 4478 hdd.
1228 4435 1255 4478 et
1274 4441 1327 4491 mg.
1349 4428 1501 4488 Csataudm
1524 4451 1555 4464 -

225 4499 270 4548 211.
295 4500 444 4547 honestius:
469 4504 562 4548 temero
581 4502 669 4550 osnirs
687 4500 834 4550 Lambinus
853 4505 880 4549 st
898 4498 964 4549 Cod.
984 4499 1057 4549 Bosii
1083 4495 1124 4562 (Ζ)
1152 4500 1178 4547 in
1198 4498 1284 4548 hdds
1313 4499 1445 4548 honestius
1463 4501 1556 4548 timere

225 4569 313 4617 venire
331 4582 370 4630 pr.
390 4569 434 4627 M,
453 4569 597 4618 honestius.
627 4567 988 4621 venerantissimum.
1010 4594 1040 4605 -
1060 4569 1103 4618 27.
1123 4575 1203 4634 atqua
1222 4575 1253 4618 ut
1271 4569 1307 4618 od
1322 4568 1402 4619 Mul:
1421 4574 1500 4631 otqus
1520 4567 1557 4618 od

226 4652 287 4688 eum
308 4639 439 4688 Lambino
458 4638 489 4687 11.
521 4638 576 4689 Cir.
597 4640 674 4690 Haud
694 4641 728 4690 ad
747 4640 887 4704 Wopkens
907 4654 934 4703 p.
955 4639 1015 4690 1111.
1035 4639 1159 4689 atTurs.
1181 4639 1202 4687 i.
1224 4653 1249 4701 p.
1269 4638 1332 4688 h'il.
1354 4662 1385 4673 -
1423 4641 1556 4688 tsomnio

224 4709 348 4758 sss-thom.
378 4709 475 4757 Omnia
492 4708 523 4758 11.
552 4735 584 4748 -
621 4710 665 4760 28.
686 4722 732 4775 spo
751 4711 800 4761 tihi
819 4711 842 4760 1.
865 4733 895 4746 -
933 4708 977 4760 32.
996 4709 1147 4758 consulibus
1166 4708 1193 4756 C.
1213 4707 1334 4758 Fannius
1351 4707 1390 4756 M.
1411 4709 1443 4758 F.
1463 4716 1498 4758 tr.
1517 4732 1528 4743 ·
1545 4731 1556 4742 -

224 4779 255 4828 L.
276 4779 402 4828 Mummio
420 4778 577 4828 censoribus.
605 4781 637 4829 id
655 4779 804 4832 Cratander
821 4789 848 4833 et
866 4780 933 4831 Cod.
954 4779 982 4829 in
1000 4793 1087 4842 marg.
1109 4779 1213 4842 Repeti.
1227 4778 1338 4828 Lamb.:
1358 4778 1506 4828 consulibus
1525 4779 1553 4830 C.

224 4849 345 4898 Fannius
362 4848 402 4898 M.
422 4848 453 4898 F.
474 4855 508 4898 tr.
528 4873 539 4882 ·
556 4874 568 4885 ·
585 4849 615 4896 L.
635 4849 771 4900 Mummio.
798 4853 829 4901 ld
847 4852 915 4909 MR,
934 4850 1085 4899 consulibus
1102 4863 1139 4898 on
1157 4849 1186 4899 C.
1207 4848 1324 4898 Fannius
1343 4862 1380 4897 on
1396 4848 1436 4898 M.
1457 4849 1555 4900 Fabius

225 4925 262 4968 tr.
282 4943 292 4954 ·
310 4941 321 4952 ·
339 4919 369 4968 L.
388 4919 527 4968 Mummio.
554 4919 588 4968 id
606 4919 635 4979 1,
655 4921 801 4971 censoribus
820 4923 847 4971 G.
868 4920 987 4970 Fannius
1005 4920 1043 4969 M.
1063 4917 1093 4968 F.
1113 4924 1149 4968 tr.
1169 4945 1179 4954 ·
1197 4943 1208 4952 -
1228 4919 1257 4968 L.
1275 4918 1413 4969 Mummio.
1442 4921 1473 4969 id
1492 4933 1553 4970 cum

225 4988 310 5039 Codd.
321 4989 395 5039 Bosii
412 4989 442 5038 11.
463 4988 661 5052 Wesenbergio
675 5005 701 5053 p.
716 4992 775 5042 sto.
790 4997 884 5043 contre
898 4991 998 5040 dicenti
1011 4996 1074 5040 auto
1087 4990 1180 5040 omnia
1196 4989 1354 5040 refutandus
1367 4996 1426 5040 erat
1443 4991 1555 5054 Pighius

226 5062 298 5112 hun.
319 5060 351 5108 ad
372 5074 397 5110 a.
419 5074 445 5108 n.
467 5072 492 5109 c.
511 5059 573 5110 ott.
595 5074 621 5123 p.
641 5061 703 5112 h'i'i.
