3656 5868
143 925 168 1018 ,l

279 409 321 472 68
710 403 984 468 EPISTULARUM
1005 405 1057 470 AD
1080 405 1171 469 ΕΔΜ.

279 565 347 653 ipse
361 563 453 630 velim
468 563 609 638 iudices,
631 561 745 628 satisne
762 560 906 628 videatur
920 561 968 628 bis
984 559 1130 628 omnibus
1144 559 1240 626 rebus
1256 570 1326 628 tuus
1341 561 1508 639 adventus,
1530 585 1601 631 cum

280 658 425 745 proxime
449 665 578 724 Romam
602 655 732 731 venisti,
756 665 862 721 mutue
884 655 1095 740 respondisse.
1143 659 1173 721 5.
1197 656 1290 735 Quod
1305 656 1417 724 scribis
1439 656 1478 722 de
1492 679 1603 725 recon-

279 753 380 818 ciliata
408 761 514 818 nostra
543 751 658 836 gratia,
688 771 751 816 nou
779 749 935 834 intelligo,
965 771 1023 815 cur
1043 748 1277 814 reconciliatam
1299 771 1367 816 esse
1393 752 1499 829 dicas,
1521 773 1603 840 quae

280 870 438 936 nunquam
471 846 635 914 imminuta
662 854 719 910 est.
777 849 807 910 6.
830 843 924 922 Quod
953 841 1083 916 scribis,
1119 863 1209 914 ,,ιιοιι
1237 845 1415 930 oportuisse
1443 847 1604 912 Metellum

256 942 409 1033 siratrem
431 952 520 1007 tuum
541 938 583 1005 ob
605 939 723 1004 dictum
744 960 763 1005 a
784 959 835 1002 me
857 936 1072 1024 oppugnari”,
1095 936 1232 1023 primum
1246 938 1307 1003 boc
1320 939 1414 1005 velim
1430 939 1601 1016 existimes,

280 1038 417 1102 animum
440 1034 515 1099 mibi
537 1033 630 1100 istum
657 1043 744 1098 tuum
772 1032 975 1097 vehementer
996 1029 1125 1139 probari
1147 1040 1179 1097 et
1207 1031 1376 1098 fraternam
1399 1034 1523 1119 plenam
1546 1033 1602 1100 bu-

279 1121 436 1196 munitatis
457 1150 492 1194 ac
514 1127 637 1215 pietatis
659 1126 866 1204 voluntatem
889 1125 1017 1201 deinde,
1040 1125 1066 1190 si
1088 1147 1148 1211 qua
1170 1147 1231 1211 ego
1253 1127 1285 1191 in
1306 1147 1342 1192 re
1362 1126 1454 1191 fratri
1478 1135 1533 1194 tuo
1554 1128 1603 1193 rei

159 1266 161 1278 ι
281 1223 423 1310 publicae
445 1243 538 1287 causa
560 1220 752 1294 restiterim,
784 1229 821 1284 ut
838 1219 947 1285 mihi'
937 1239 1095 1304 ignoscas.
1132 1228 1194 1284 tarn
1220 1221 1302 1286 enim
1325 1241 1394 1286 sum
1412 1219 1530 1286 amicam
1556 1221 1602 1286 rei

264 1317 446 1405 publicae,
469 1336 562 1403 quam
583 1313 638 1402 qui
660 1313 808 1379 maxime.
852 1313 984 1379 sivero
1006 1335 1107 1378 meam
1130 1313 1260 1380 salutem
1282 1324 1392 1380 contra
1406 1312 1490 1380 illius
1505 1315 1603 1400 impe·

244 1435 269 1475 m
281 1421 346 1478 tum
358 1412 391 1478 in
408 1432 459 1474 me
473 1407 723 1475 crudelissimum
737 1406 949 1482 defenderim,
968 1407 1043 1472 satis
1054 1405 1169 1472 babeas
1183 1407 1260 1473 nibil
1275 1429 1325 1474 me
1335 1409 1429 1474 etiam
1446 1417 1547 1474 tecum
1562 1406 1602 1474 de

281 1507 326 1572 tui
348 1504 452 1572 [ratris
485 1503 598 1568 iniuria
627 1501 789 1610 conqueri.
844 1503 946 1610 Quem
977 1521 1036 1586 ego
1063 1522 1134 1566 cum
1160 1503 1383 1588 comperissem
1405 1523 1532 1568 omnem
1553 1502 1603 1568 sui

281 1597 456 1664 tribunatus
478 1605 622 1662 conatum
644 1595 676 1659 iu
699 1615 801 1660 meam
822 1595 994 1683 perniciem
1016 1615 1129 1681 parare
1151 1607 1244 1684 atque
1267 1595 1428 1670 meditari,
1461 1597 1511 1681 egi
1530 1617 1602 1661 cum

169 1697 174 1711 '
280 1691 422 1765 Claudia,
445 1710 547 1782 uxore
564 1698 632 1762 tua,
653 1698 686 1754 et
707 1711 779 1754 cum
800 1698 903 1755 vestra
924 1710 1035 1755 sorore
1050 1691 1173 1766 Mucia,
1196 1691 1285 1756 cuius
1300 1711 1374 1776 erga
1395 1711 1446 1755 me
1465 1691 1602 1757 studium

153 1765 172 1808 '¹'
278 1808 338 1875 pro
365 1790 419 1853 Gn.
440 1765 581 1870 Pdlnpeii
602 1783 830 1849 necessitudine
851 1783 988 1848 multis
979 1806 1011 1848 m
988 1771 1127 1851 rebus
1148 1805 1388 1872 perspexeram
1411 1792 1447 1850 ῑῑῑ
1468 1807 1539 1851 ⁰1¹¹ss
1561 1785 1602 1850 ab

244 1904 270 1944 ιι
279 1881 361 1948 alla
352 1879 465 1946 iniuria
489 1877 696 1942 deterrerent.
749 1880 779 1942 7.
800 1883 902 1963 Atque
923 1876 992 1952 ille,
1014 1876 1100 1963 quod
1122 1887 1152 1942 te
1174 1877 1299 1944 audisse
1321 1887 1408 1944 certo
1430 1879 1514 1955 scio,
1536 1878 1601 1987 pri·

279 1976 330 2041 die
352 1974 419 2040 llal.
442 1970 618 2045 lanuarias,
652 1991 715 2057 qua
740 1971 854 2036 iniuria
882 1991 976 2036 nemo
998 1991 1135 2057 unquam
1157 1971 1189 2036 in
1211 1971 1318 2038 intimo
1340 1972 1524 2058 magistratu
1544 1972 1602 2037 im-

278 2068 486 2156 probissimus
507 2065 584 2131 civis
605 2064 823 2140 allectustest,
855 2086 892 2131 ea
914 2085 965 2130 me
986 2065 1146 2130 consulem
1167 2065 1285 2138 affecit,
1318 2087 1389 2131 cum
1410 2087 1478 2132 rem
1499 2064 1603 2152 publi·

278 2185 345 2228 cam
365 2179 624 2232 conservassem,
653 2168 746 2244 atque
768 2157 933 2224 abeuntem
955 2157 1138 2243 magistratu
1159 2159 1311 2226 contionis
1332 2159 1493 2225 habendae
1513 2169 1603 2246 pote·

280 2266 357 2323 state
379 2253 533 2341 privavit:
555 2251 646 2316 cuius
674 2252 789 2317 iniuria
819 2252 895 2316 mibi
917 2261 1021 2316 tamen
1037 2251 1150 2316 honori
1171 2274 1295 2319 summo
1309 2253 1379 2319 luit.
1421 2259 1507 2329 Nam,
1529 2274 1602 2318 cum

242 2351 331 2416 mille
354 2347 431 2413 mihi
453 2345 544 2420 nihil,
567 2344 626 2410 nisi
653 2355 686 2411 ut
707 2345 862 2421 iurarem,
884 2345 1099 2431 permitteret,
1122 2367 1232 2434 magna
1255 2369 1332 2412 voce
1351 2348 1453 2414 iuravi
1474 2347 1602 2413 verissi-

280 2466 367 2509 mum
395 2439 704 2549 pulcherrimqmque
736 2438 988 2513 iusiurandum,
1021 2437 1107 2526 quod
1132 2441 1275 2549 populus
1293 2441 1368 2506 item
1389 2462 1501 2526 magna
1523 2461 1601 2506 voce

279 2559 331 2604 mc
353 2557 428 2602 vere
450 2535 571 2601 iurasse
592 2533 718 2598 iuravit.
760 2537 791 2598 8.
812 2536 878 2597 Ηιο
899 2541 1026 2619 accepta
1048 2534 1141 2598 tam
1131 2533 1244 2640 msigpi
1265 2533 1396 2610 iniuria,
1419 2545 1522 2598 ιιιιιιιι
1545 2533 1601 2598 illo

281 2632 349 2718 ipso
371 2629 422 2694 die
444 2626 515 2692 misi
537 2623 576 2691 ad
608 2626 767 2691 Metellum
789 2646 972 2692 communes
994 2625 1131 2701 amicos,
1168 2626 1223 2713 qui
1243 2637 1373 2712 agerent
1393 2648 1465 2693 cum
1487 2649 1543 2701 eo,
1565 2635 1602 2693 ut

280 2726 319 2792 de
341 2723 394 2788 illa
414 2729 518 2786 mente
551 2719 736 2797 desisterct;
769 2715 883 2827 quibus
905 2719 956 2784 ille
978 2718 1159 2828 respondit
1163 2719 1222 2784 sibi
1253 2743 1316 2786 non
1338 2743 1407 2787 esse
1428 2723 1600 2807 iutegnmr3

120 2845 122 2850 ·
241 2841 270 2881 ιι
280 2817 395 2884 etemm
416 2815 521 2902 paullo
555 2822 625 2879 ante
646 2811 679 2877 in
707 2812 854 2878 contione
883 2813 1057 2879 dixerat
1027 2835 1074 2886 ιι,
1106 2815 1160 2902 qui
1181 2813 1211 2880 iu
1230 2815 1309 2880 alios
1331 2814 1602 2881 animadvertisset

280 2911 396 2978 indicta
417 2931 526 2983 causa,
551 2907 702 2974 dicendi
693 2907 753 2994 rpsi
775 2915 959 2992 potestatem
976 2906 1046 2973 fieri
1063 2927 1126 2973 non
1142 2916 1300 2994 oportere.
1343 2909 1510 2975 Hominem
1529 2929 1602 2994 gra-

278 3028 349 3072 vem
376 3015 406 3070 et
432 3004 533 3069 civem
559 3003 736 3088 egregium!
770 3001 841 3088 qui,
878 3021 940 3088 qua
976 3021 1079 3087 poena
1110 3011 1234 3068 senatus
1259 3022 1413 3070 consensu
1442 3002 1600 3069 bonorum

279 3100 419 3168 omnium
442 3119 497 3164 eos
519 3098 687 3170 affecerat,
720 3095 775 3182 qui
796 3093 909 3161 urbem
930 3095 1099 3162 incendere
1122 3105 1154 3161 et
1171 3096 1370 3181 magistratus
1398 3119 1435 3164 ac
1459 3108 1601 3165 senatum

278 3194 456 3269 trucidare,
478 3191 597 3259 bellum
617 3189 789 3255 maximum
814 3189 953 3256 conllare
977 3191 1164 3266 voluissent,
1198 3191 1306 3256 eadem
1329 3190 1457 3276 dignum
1482 3191 1601 3257 iudiea-

241 3299 328 3355 mret
350 3309 439 3362 eum,
467 3287 521 3375 qui
545 3286 666 3351 curiam
689 3283 803 3358 caede,
839 3283 953 3350 urbem
976 3285 1144 3361 incendiis,
1177 3285 1295 3350 ltaliam
1320 3283 1403 3350 bello
1426 3284 1599 3351 liberasset

158 3385 166 3413 ‘
279 3388 388 3470 ltaque
403 3402 464 3466 ego
479 3381 619 3453 Metello,
640 3377 732 3460 fratri
751 3387 823 3450 tuo,
846 3379 1004 3464 praesenti
1018 3379 1128 3445 restiti.
1172 3384 1248 3444 Nam
1270 3379 1303 3445 iu
1324 3389 1433 3444 senatu
1451 3379 1519 3444 llal.
1534 3383 1597 3444 lan.

150 3460 157 3490 ι
278 3477 324 3544 sie
345 3497 415 3542 cum
440 3497 479 3540 eo
501 3475 540 3540 de
562 3496 599 3540 re
627 3473 752 3561 pubbca
778 3471 953 3558 disputavi,
989 3474 1177 3538 ut.sentiret
1197 3471 1258 3539 sibi
1280 3494 1350 3538 cum
1371 3473 1441 3538 viro
1465 3471 1539 3538 lorti
1567 3479 1600 3537 et

278 3570 432 3637 constanti
454 3590 522 3634 esse
548 3565 759 3656 pugnandum.
815 3569 851 3629 Α.
874 3564 904 3630 d.
928 3566 1054 3631 tertium
1072 3571 1150 3632 lton.
1174 3571 1298 3634 lanuar.
1318 3589 1390 3633 cum
1412 3587 1507 3652 agere
1527 3587 1600 3632 coe-

278 3664 392 3750 pisset,
418 3663 511 3728 tertio
534 3683 661 3750 quoque
684 3659 784 3726 verbo
806 3659 958 3725 orationis
978 3681 1053 3724 snae
1075 3682 1127 3725 mc
1149 3659 1338 3746 appellabat,
1360 3660 1436 3726 mihi
1460 3658 1600 3726 minaba-

241 3768 348 3835 ntur3
371 3777 473 3843 neque
495 3756 540 3821 illi
562 3755 732 3842 quidquam
754 3751 956 3818 deliberatius
979 3752 1037 3818 luit
1060 3776 1154 3841 quam
1174 3776 1243 3831 me,
1272 3776 1457 3843 quacunque
1476 3757 1598 3822 ratione

278 3861 399 3938 posset,
422 3871 484 3916 non
502 3849 620 3915 iudicio
640 3869 743 3937 neque
763 3846 1006 3932 disceptatione,
1029 3849 1086 3914 sed
1103 3849 1135 3914 vi
1153 3859 1246 3936 atque
1260 3849 1487 3937 impressione,
1509 3872 1600 3916 ever-

279 3956 356 4011 tere.
398 3944 499 4010 Huius
521 3964 581 4028 ego
604 3941 771 4008 temeritati
796 3940 823 4006 si
843 3940 956 4006 virtute
975 3951 1071 4029 atque
1091 3943 1196 4009 animo
1219 3965 1282 4010 nou
1306 3945 1505 4021 restitissem,
1527 3945 1598 4031 quis

279 4048 377 4112 esset,
399 4037 453 4124 qui
484 4058 534 4101 me
560 4037 592 4102 in
618 4035 779 4101 considatu
801 4056 864 4099 non
891 4055 965 4102 casu
992 4037 1097 4122 potius
1128 4039 1322 4104 existimaret
1345 4059 1438 4126 quam
1463 4039 1597 4105 consilio

279 4132 393 4199 sortem
415 4129 543 4196 luisset
587 4134 617 4196 9.
639 4134 726 4195 llaec
748 4128 775 4194 si
798 4137 831 4193 tu
852 4129 1010 4195 Metellum
1032 4131 1170 4216 cogitare
1194 4131 1233 4198 de
1256 4153 1307 4198 me
1334 4133 1479 4206 nescisti,
1502 4130 1598 4197 debes

241 4224 460 4292 nexistimare
481 4231 513 4289 te
535 4223 680 4289 maximis
701 4218 850 4287 derebus
872 4242 891 4285 a
910 4220 1007 4289 fratre
1029 4245 1097 4289 esse
1119 4225 1266 4304 celatum;
1289 4225 1337 4291 sin
1359 4235 1462 4293 autem
1480 4224 1599 4314 aliquid

280 4317 452 4406 impertivit
476 4315 533 4383 tibi
566 4317 614 4382 sui
638 4315 776 4388 consilii,
811 4314 889 4381 lenis
919 4338 937 4382 a
969 4327 999 4382 tc
1023 4325 1055 4382 et
1078 4317 1178 4384 facilis
1200 4319 1374 4385 existimari
1399 4318 1520 4395 debeo,
1543 4319 1597 4407 qui

278 4413 355 4478 nibil
376 4422 478 4478 tecum
512 4411 551 4476 de
574 4411 623 4476 his
643 4409 719 4497 ipsis
743 4407 839 4474 rebus
861 4411 1068 4497 expostulem.
1126 4417 1178 4486 Et,
1218 4413 1245 4478 si
1265 4412 1427 4499 intelligis,
1458 4435 1597 4480 nonme

278 4505 362 4571 dicto
383 4505 516 4580 Metelli,
539 4514 574 4571 ut
594 4503 721 4576 scribis,
745 4501 800 4568 sed
820 4502 950 4570 consilio
973 4505 1040 4570 eius
1060 4505 1229 4594 animoque
1249 4506 1282 4573 in
1309 4528 1359 4572 me
1383 4506 1597 4573 inimicissimo

278 4620 347 4665 esse
375 4609 584 4675 commotum,
606 4617 761 4683 cognosce
784 4617 866 4662 nunc
891 4596 1114 4665 humanitatem
1142 4621 1261 4674 meam,
1295 4600 1322 4666 si
1342 4600 1516 4666 humanitas
1543 4621 1596 4686 ap·

347 4781 374 4832 ³.
393 4784 483 4846 pratia
502 4793 557 4832 om.
577 4778 615 4830 Μ.
645 4803 679 4812 -
716 4778 759 4828 15.
779 4779 882 4829 audisse
900 4787 987 4841 carto,
1015 4783 1102 4846 pn'dte
1118 4781 1162 4844 Μ,
1179 4783 1282 4832 audisse
1298 4783 1391 4840 medo,
1409 4782 1496 4845 prtds'a
1513 4782 1544 4834 ll.
1564 4805 1596 4818 -

280 4848 323 4900 to.
341 4852 431 4917 infimo
449 4849 584 4902 Orellins:
615 4850 706 4898 οιιιιιιο
723 4847 765 4909 Μ,
783 4847 872 4912 atiquo
892 4849 933 4906 E:
963 4853 1071 4902 minimo
1090 4853 1206 4902 malebat
1230 4853 1385 4903 Lambinus.
1405 4879 1434 4889 -
1473 4852 1517 4904 st.
1535 4855 1597 4903 trem

278 4921 318 4970 N:
356 4921 424 4972 idem
455 4921 515 4972 ΜΕ.
543 4945 573 4957 -
631 4919 675 4968 25.
709 4919 772 4982 quin
806 4919 874 4968 alica
906 4921 1022 4970 animum
1056 4923 1210 4974 adoerttmt
1243 4923 1277 4973 Μ.
1314 4948 1342 4959 -
1391 4921 1436 4972 26.
1466 4923 1597 4974 minandi

277 4989 315 5042 Μ.
334 5015 374 5112 Μ-
409 4991 453 5041 2‘1.
473 4993 550 5040 civem
575 4990 674 5052 agnum
694 4987 730 5040 Μ.
754 5011 784 5023 -
822 4988 866 5038 85.
886 4991 1022 5054 quisquam
1041 4993 1078 5046 ld.
1100 5020 1131 5030 -
1150 4995 1292 5058 palmaque
1310 4991 1347 5044 Μ.
1370 5017 1401 5026 -
1438 4991 1483 5044 48.
1502 4995 1596 5046 tutelli·
