3656 5868
322 397 383 462 tot
752 395 1030 460 EPISTOLARUM
1050 396 1103 461 tl)
1124 395 1216 459 Fau.

320 553 489 640 petendum
511 551 566 619 sed
588 553 680 618 etiam
702 551 884 638 fugiendum
905 561 992 638 puto.
1045 556 1112 638 Ego
1142 574 1191 618 me
1213 557 1344 618 Asturae
1366 551 1483 619 diutim
1504 551 1646 619 arbitror

320 661 604 723 commoraturum,
627 647 732 734 quoad
753 646 806 712 ille
828 645 1016 733 quandoque
1037 646 1154 711 veniat.

789 785 1170 872 rnmuem)

748 910 890 976 CICERO
913 910 1116 974 THORANIO
1141 912 1223 974 SAL.

297 1058 312 1098 ι
408 1027 437 1089 1.
459 1022 614 1088 Dederam
641 1022 747 1088 triduo
775 1029 846 1087 ante
874 1020 982 1108 pueris
1011 1024 1066 1087 Cn.
1087 1021 1203 1086 Plancii
1226 1022 1344 1088 litteras
1366 1023 1406 1089 ad
1426 1033 1471 1100 te:
1500 1045 1540 1091 eo
1561 1045 1643 1092 nunc

321 1139 378 1185 ero
398 1117 529 1182 brevior
557 1125 665 1202 teque,
701 1124 736 1180 ut
757 1123 847 1180 antea
868 1114 1067 1188 consolabar,
1101 1115 1162 1180 boc
1190 1125 1333 1203 tempore
1362 1117 1508 1184 monebo.
1562 1119 1643 1184 tvihtt

320 1222 397 1298 puto
419 1210 475 1276 tibi
498 1231 566 1275 esse
588 1210 693 1276 utiliu's
723 1231 816 1296 quam
847 1208 964 1274 ibidem
986 1209 1142 1294 opperiri,
1180 1211 1284 1296 queam
1311 1211 1391 1276 scire
1410 1213 1529 1299 possis,
1567 1213 1642 1299 quid

320 1305 378 1371 tibi
392 1305 547 1390 agendum
562 1309 611 1370 sit.
654 1309 730 1368 Nam
751 1313 878 1390 praeter
899 1303 1103 1389 navigationis
1125 1304 1236 1388 longae
1259 1315 1290 1369 et
1310 1305 1452 1372 hiemalis
1467 1315 1497 1372 ct
1515 1311 1642 1372 minime

320 1409 490 1486 portuosae
518 1398 709 1485 periculum,
747 1397 831 1484 quod
862 1399 1025 1471 vitaveris,
1063 1419 1102 1462 ne
1130 1398 1207 1463 illud
1240 1399 1365 1485 quidem
1387 1422 1451 1465 non
1473 1401 1643 1488 quantivis,

286 1527 311 1565 m
320 1493 441 1570 subito,
477 1514 548 1560 cum
571 1498 648 1558 certi
671 1491 789 1579 aliquid
810 1491 968 1564 audieris,
1007 1501 1036 1556 te
1059 1492 1149 1557 istinc
1170 1514 1263 1579 posse
1286 1493 1451 1579 proticisci.
1494 1493 1575 1559 Nihil
1597 1501 1645 1558 est

321 1597 500 1674 practerea,
534 1608 591 1652 cur
619 1585 803 1652 adventibus
833 1596 863 1650 te
892 1586 1010 1650 ollcrre
1032 1586 1155 1671 gestias.
1210 1588 1304 1652 Multa
1331 1596 1494 1673 praeterea
1515 1595 1641 1660 metuo,

321 1702 493 1769 quaecum
517 1681 624 1748 Cilone
645 1690 754 1746 nostro
775 1679 1011 1746 communicavi.
1064 1685 1094 1747 2.
1126 1680 1209 1758 Quid
1238 1681 1357 1747 multat
1385 1687 1469 1747 Loco
1492 1692 1644 1768 opportu-

321 1777 411 1842 niore
432 1781 465 1841 iu
484 1775 534 1840 bis
556 1775 644 1840 malis
666 1776 753 1841 nullo
776 1796 844 1840 csse
866 1774 1010 1860 potuisti,
1034 1796 1074 1839 eu
1097 1795 1160 1860 quo
1183 1783 1230 1848 te,
1253 1797 1441 1863 quocunque
1469 1795 1550 1861 opus
1572 1776 1642 1850 erit,

320 1871 467 1935 facillime
490 1879 521 1936 et
542 1870 776 1956 expeditissime
798 1868 952 1935 conseras.
1002 1868 1125 1945 Quodsi
1145 1869 1277 1955 recipiet
1297 1869 1348 1934 ille
1371 1891 1420 1942 se,
1457 1869 1496 1934 ad
1518 1879 1641 1956 tempus

286 1963 435 2038 traderis.
478 1964 533 2030 Sin
555 2001 595 2012 —
618 1965 766 2052 quoniam
788 1964 884 2029 multa
906 1961 1048 2027 accidere
1069 1971 1200 2048 possunt
1232 1999 1271 2010 —
1300 1962 1403 2049 aliqua
1424 1984 1476 2027 res
1498 1984 1570 2028 eum
1594 1963 1642 2028 vcl

320 2057 472 2144 impediet
491 2058 542 2125 vel
564 2058 759 2133 morabitur,
782 2065 816 2123 tu
837 2056 882 2122 ibi
904 2061 984 2129 eris,
1017 2055 1071 2122 ubi
1094 2057 1199 2122 omnia
1220 2056 1300 2122 scire
1322 2057 1434 2143 possis.
1477 2063 1545 2123 Hoc
1566 2058 1643 2123 mibi

320 2173 451 2238 prorsus
478 2152 569 2218 valde
598 2152 708 2238 placet
763 2155 793 2216 3.
815 2156 861 2215 De
883 2151 1023 2237 reliquo,
1060 2159 1094 2215 ut
1115 2162 1145 2216 te
1167 2172 1260 2237 saepe
1282 2173 1341 2238 per
1360 2150 1479 2216 litteras
1501 2151 1643 2217 hortatus

321 2266 407 2318 sum,
429 2246 472 2310 ita
494 2246 587 2311 velim
610 2245 667 2310 tibi
687 2244 896 2331 persuadeas,
927 2245 1012 2309 teia
1034 2243 1091 2310 bac
1112 2266 1204 2310 causa
1227 2245 1302 2310 nibil
1324 2243 1456 2321 habere,
1478 2245 1565 2332 quod
1585 2243 1644 2310 tibi

321 2338 493 2403 timendum
514 2339 570 2412 sit,
599 2348 726 2424 praeter
746 2358 942 2403 communem
965 2359 1070 2403 casum
1092 2339 1240 2404 civitatis:
1274 2339 1329 2425 qui
1350 2339 1408 2404 etsi
1430 2346 1478 2404 est
1497 2339 1643 2424 gravissi-

284 2453 408 2507 snmus,
445 2439 548 2496 tamen
569 2433 612 2498 ita
633 2433 769 2498 viximus
791 2439 822 2495 et
843 2430 875 2496 id
896 2432 1004 2496 aetatis
1026 2432 1088 2496 iam
1110 2453 1232 2506 sumus,
1268 2441 1304 2498 ut
1324 2433 1444 2504 omnia,
1474 2455 1553 2521 quae
1580 2454 1643 2499 nou

323 2535 430 2591 nostra
460 2526 551 2611 culpa
583 2524 674 2591 nobis
701 2525 858 2599 accidant,
893 2525 1018 2590 sortiter
1043 2526 1129 2591 lerre
1156 2525 1335 2593 debeamus.
1387 2528 1447 2592 Hic
1467 2528 1513 2593 tui
1534 2549 1642 2594 omues

263 2665 271 2680 .
323 2621 426 2685 valent
458 2640 640 2706 summaque
672 2619 786 2706 pietate
814 2627 845 2684 te
873 2618 1052 2686 desiderant
1080 2631 1111 2685 et
1132 2621 1264 2706 diligunt
1288 2631 1320 2686 et
1340 2622 1456 2688 colunt.
1499 2626 1546 2686 Tu
1568 2642 1643 2688 cura

321 2723 357 2781 ut
377 2713 481 2782 valcas
503 2723 535 2779 ct
555 2722 587 2778 te
609 2713 701 2778 istinc
722 2734 762 2778 ue
784 2721 902 2779 temere
923 2735 1133 2781 commoveas.
1570 2741 1576 2750 ·

783 2854 1181 2940 mmmmm

285 3009 313 3050 sa
792 2979 934 3045 CICERO
958 2979 1172 3043 THORANIO.

408 3094 436 3155 1.
458 3089 538 3166 Etsi,
561 3111 633 3155 cum
654 3090 731 3154 baec
752 3087 791 3155 ad
813 3098 843 3154 te
865 3087 1055 3165 scribebam,
1078 3099 1131 3156 aut
1152 3091 1404 3178 appropinquare
1426 3091 1528 3158 exitus
1549 3089 1642 3156 buius

322 3183 581 3250 calamitosissimi
610 3183 686 3250 belli
714 3193 767 3249 aut
798 3183 860 3249 iam
888 3183 1005 3271 aliquid
1042 3195 1144 3249 actum
1181 3193 1211 3249 et
1246 3185 1420 3250 conlectum
1456 3184 1640 3260 videbatur,

321 3287 425 3344 tanmn
452 3279 592 3366 quotidie
621 3276 904 3343 commemorabam
933 3288 963 3342 te
991 3301 1087 3344 unum
1114 3280 1253 3344 intanto
1281 3279 1422 3344 exercitu
1449 3279 1524 3344 mibi
1546 3279 1642 3344 luisse

322 3394 517 3439 assensorem
540 3381 572 3438 et
592 3393 642 3436 me
664 3371 721 3437 tibi
742 3372 889 3457 solosque
911 3393 968 3436 nos
991 3373 1122 3446 vidisse,
1160 3382 1310 3459 quantum
1339 3381 1420 3436 esset
1442 3373 1473 3436 in
1496 3393 1535 3437 eo
1556 3371 1641 3438 bello

285 3467 411 3542 niuali,
447 3468 479 3532 in
507 3487 570 3554 quo
598 3486 652 3551 spe
680 3465 765 3551 pacis
793 3465 919 3530 exclusa
944 3466 1012 3551 ipsa
1040 3466 1170 3531 victoria
1193 3466 1297 3532 lutura
1319 3476 1399 3531 esset
1420 3465 1640 3542 acerbissima,

323 3582 404 3648 quae
426 3570 479 3626 aut
499 3559 659 3625 interitum
681 3559 811 3625 allatura
833 3567 929 3634 esset,
965 3560 993 3625 si
1014 3561 1113 3626 victus
1136 3581 1236 3635 esses,
1266 3571 1335 3636 aut,
1358 3561 1385 3625 si
1406 3559 1553 3632 vicisses,
1576 3579 1642 3624 ser-

322 3655 462 3720 vitutem.
505 3658 612 3741 Itaque
645 3672 719 3738 ego,
750 3675 843 3740 quem
865 3664 931 3720 tum
951 3652 1050 3719 fortes
1071 3654 1116 3720 illi
1137 3654 1197 3719 viri
1219 3662 1251 3719 et
1271 3655 1438 3741 sapientes,
1461 3653 1590 3719 Domitii
1611 3663 1643 3719 et

323 3749 463 3824 Lentuli,
493 3748 635 3815 timidum
657 3771 725 3816 esse
747 3749 891 3816 dicebant
913 3780 950 3792 -
974 3769 1062 3813 eram
1082 3749 1190 3835 plane;
1214 3748 1360 3814 timebam
1383 3749 1482 3822 enim,
1505 3767 1544 3811 nc
1571 3767 1642 3811 eve-

324 3845 427 3909 nirent
446 3853 498 3918 'ea,
522 3864 602 3929 quae
624 3844 803 3909 acciderunt
823 3879 881 3918 -,
902 3841 986 3908 idem
1009 3863 1091 3907 nunc
1112 3842 1189 3907 nibil
1203 3843 1298 3908 timeo
1313 3851 1344 3906 et
1358 3841 1397 3907 ad
1412 3861 1537 3906 omnem
1549 3861 1643 3904 even-

286 3947 390 4017 „tum
411 3944 537 4024 paratus
558 3958 637 4003 sum.
691 3942 769 4005 Cum
790 3936 907 4025 aliquid
928 3935 1093 4001 videbatur
1114 3935 1217 4001 caveri
1239 3957 1351 4021 posse,
1385 3944 1450 4000 tum
1472 3934 1504 3998 id
1526 3932 1642 4018 negligi

326 4030 487 4109 dolebam;
522 4052 605 4096 nunc
625 4052 704 4099 vero
726 4031 843 4097 cversis
873 4029 1018 4096 omnibus
1045 4029 1155 4104 rebus,
1188 4051 1258 4095 cum
1281 4029 1411 4095 consilio
1433 4026 1543 4115 prolici
1565 4027 1642 4093 nibil

325 4126 439 4214 possit,
460 4147 522 4190 una
543 4125 625 4191 ratio
645 4125 786 4202 videtur,
808 4124 960 4213 quidquid
983 4125 1138 4200 evenerit,
1160 4125 1245 4189 serre
1260 4123 1434 4197 moderate,
1456 4123 1641 4210 praesertim

325 4242 396 4287 cum
418 4219 559 4286 omnium
578 4240 686 4284 rerum
707 4240 792 4285 mors
813 4219 854 4284 sit
874 4227 1049 4284 extremum
1072 4227 1102 4282 et
1123 4219 1199 4282 mibi
1216 4218 1274 4283 sim
1293 4217 1435 4283 conscius
1450 4237 1514 4293 me,
1537 4215 1642 4302 quoad

325 4315 464 4389 licuerit,
486 4313 629 4398 dignitati
650 4313 696 4378 rei
718 4312 861 4400 publicae
883 4313 1076 4378 consuluisse
1098 4322 1130 4376 et
1150 4311 1207 4376 bac
1229 4311 1340 4376 amissa
1355 4311 1482 4376 salutem
1504 4309 1641 4375 retinere

288 4409 473 4487 incoluisse.
526 4411 556 4472 2.
588 4411 673 4472 Haec
694 4407 820 4494 scripsi,
842 4428 906 4473 non
927 4415 962 4472 ut
983 4406 1022 4472 de
1044 4428 1093 4471 me
1115 4407 1182 4493 ipsc
1204 4405 1354 4480 dicerem,
1378 4403 1434 4470 sed
1454 4412 1489 4468 ut
1510 4413 1564 4476 tu,
1587 4401 1641 4489 qui

325 4502 577 4571 coniunctissima
608 4501 695 4566 luisti
723 4521 845 4568 mecum
867 4509 898 4566 et
924 4501 1073 4566 sententia
1096 4509 1127 4566 et
1149 4500 1323 4575 voluntate,
1346 4498 1454 4564 eadem
1476 4495 1640 4582 cogitares.

326 4603 436 4684 Magna
456 4597 540 4661 euim
561 4595 733 4661 consolatio
755 4607 815 4670 est,
844 4616 915 4661 cum
936 4594 1123 4669 recordare,
1152 4595 1245 4659 etiam
1267 4594 1293 4659 si
1315 4615 1404 4658 secus
1425 4591 1588 4665 acciderit,
1611 4597 1641 4654 te

396 4785 422 4834 t.
450 4787 562 4836 adturoa
579 4786 617 4837 bl.
638 4812 667 4822 -
696 4786 758 4836 bet
775 4787 819 4836 25.
841 4787 973 4838 Tboronto
990 4785 1106 4836 Orelltua
1127 4784 1192 4850 (vid.
1213 4786 1405 4836 Onomastlcou
1425 4799 1447 4836 s.
1468 4786 1495 4835 b.
1515 4779 1572 4846 v.)=
1593 4782 1642 4832 To·

327 4856 404 4904 renio
422 4855 481 4905 llll.
508 4880 539 4891 -
574 4857 601 4908 a.
621 4857 739 4920 quumvis
757 4857 795 4906 bl.
824 4883 852 4893 -
892 4859 935 4907 11.
954 4858 1106 4907 adventibus
1124 4856 1170 4907 bl:
1192 4857 1384 4907 advenientibus
1402 4856 1432 4906 E.
1453 4881 1484 4892 -
1522 4855 1566 4904 12.
1585 4853 1642 4902 cnt-

328 4925 385 4973 lonc
403 4938 457 4986 mg.
477 4925 681 4977 Cratandrinae.
712 4953 742 4962 -
779 4926 822 4976 tt.
846 4929 990 4992 confeceras
1007 4928 1042 4978 bl.
1075 4951 1106 4962 -
1143 4928 1185 4976 15.
1206 4927 1308 4990 atinum
1326 4928 1362 4978 bl.
1395 4951 1419 4960 -
1457 4927 1502 4975 22.
1523 4925 1642 4973 Tacere

329 4993 376 5043 u:
399 4995 559 5046 Tuetcnrn
580 4997 610 5046 E.
638 5023 668 5033 -
705 4997 748 5046 ³0.
768 4993 829 5060 quo]
849 5010 878 5047 ao
896 4999 933 5048 Μ.
965 5023 994 5034 -
1032 4997 1075 5048 39.
1096 4997 1294 5048 bacmtrrobl.
1326 5021 1355 5032 -
1392 4995 1566 5046 ttbooluim
1585 5006 1639 5055 mg.

328 5064 538 5116 tlratandriuaer
558 5067 668 5116 volutare
686 5065 745 5118 ltu.
784 5093 812 5102 -
850 5067 895 5116 42.
915 5069 1047 5118 recordere
1066 5067 1223 5118 Lambinus.
