3662 5892
320 456 383 518 roo
615 437 618 443 '
829 450 889 512 ue.
910 451 962 512 sn
985 448 1159 512 smmuu

197 668 205 688 ,Δ
319 615 349 678 4.
372 615 447 676 Nam
470 606 508 673 de
529 627 630 692 puero
652 603 762 671 Clodio
785 615 853 672 tuas
874 615 979 714 partes
995 625 1064 670 esse
1079 603 1234 678 arbitror,
1255 614 1292 670 ut
1312 604 1381 672 eius
1402 605 1549 671 animum
1580 613 1684 669 tene-

199 689 203 702 ’
319 726 406 780 rum,
430 700 708 792 quemadmodum
716 699 843 777 scribis,
881 700 919 765 iis
941 697 1144 786 opinionibus
1161 699 1299 773 imbuas,
1330 708 1365 764 ut
1385 720 1426 764 ne
1447 713 1526 785 quas
1554 698 1684 762 inimi-

320 797 407 864 citias
435 795 617 863 residere
608 817 640 859 ιιι
669 784 795 860 familiis
824 793 941 860 nostris
963 792 1143 862 arbitretur.
1189 791 1341 859 Contendi
1364 797 1492 858 cumP.
1515 790 1682 865 Clodio,

167 951 187 982 ὃ
202 905 229 946 ⁴³⁴
304 881 392 972 (cum
425 911 484 976 ego
514 889 670 977 publicam
698 909 840 965 eausam,
872 888 925 953 ille
947 908 1035 952 suam
1057 887 1266 980 defenderet.)
1294 891 1420 951 Nostrae
1442 885 1685 952 concertatio·
1797 953 1798 970 p

198 969 213 991 ³
297 1008 377 1054 snas
404 1007 456 1050 res
484 983 608 1070 publiea
638 981 831 1050 diiudicarit
890 982 924 1049 si
946 982 1082 1056 viveret,
1116 969 1192 1058 inubi
1214 1002 1284 1046 eum
1308 980 1362 1046 illo
1384 979 1468 1045 nulla
1490 979 1683 1045 contentio

320 1082 381 1146 iam
403 1088 556 1144 maneret.
613 1081 643 1145 5.
673 1080 796 1156 Quare,
833 1077 981 1164 quoniam
1004 1078 1064 1142 boe
1087 1063 1104 1140 a
1126 1097 1178 1140 me
1199 1075 1246 1140 sie
1266 1076 1371 1157 petis,
1407 1085 1457 1146 ut,
1494 1095 1586 1159 quae
1616 1085 1681 1137 tua

320 1183 456 1262 potestas
479 1185 541 1247 est,
579 1194 614 1238 ea
636 1193 732 1257 neges
755 1182 785 1236 te
806 1192 858 1236 me
880 1171 979 1236 invito
1003 1192 1151 1244 usurum,
1188 1190 1289 1255 puero
1321 1189 1448 1256 quoque
1477 1169 1537 1234 boc
1561 1191 1587 1234 a
1617 1188 1680 1230 me

320 1267 425 1341 dabis,
448 1268 474 1333 si
497 1265 553 1332 tibi
575 1265 750 1331 videbitur:
782 1285 845 1330 non
868 1286 931 1373 quo
954 1273 1008 1330 aut
1030 1275 1114 1328 aetas
1137 1275 1245 1330 nostra
1266 1261 1307 1327 ab
1329 1263 1412 1328 illius
1435 1272 1536 1327 aetate
1560 1261 1681 1348 quid-

320 1384 413 1448 quarn
445 1361 557 1426 debeat
586 1360 717 1446 periculi
751 1359 906 1468 suspicari
934 1368 988 1423 aut
1020 1357 1153 1442 dignitas
1190 1377 1259 1422 mea
1288 1357 1383 1423 ullam
1416 1357 1678 1422 contentionem

222 1481 234 1514 s
284 1456 517 1529 pertimescat,
539 1454 594 1520 sed
616 1465 651 1521 ut
672 1465 795 1519 nosmet
815 1453 875 1540 ipsi
897 1454 979 1518 inter
1000 1473 1058 1517 nos
1080 1452 1310 1517 coniunctiores
1333 1452 1448 1524 simus,
1478 1471 1575 1536 quam
1607 1449 1679 1514 ad-

322 1550 383 1614 buc
408 1549 534 1614 suimus.
577 1546 849 1634 Interpellantibns
878 1548 960 1611 enim
990 1547 1036 1612 bis
1070 1545 1261 1618 inimicitiis,
1300 1544 1421 1610 animus
1450 1553 1520 1610 tuus
1551 1544 1676 1628 magis

320 1643 420 1728 patuit
441 1663 534 1729 qnam
556 1642 678 1709 domus.
736 1641 798 1707 Sed
819 1640 896 1706 haee
918 1641 1076 1706 hactenus.
1131 1639 1212 1704 lllud
1233 1649 1426 1704 extremum:
1465 1658 1540 1722 ego,
1569 1661 1675 1724 quae

321 1736 454 1801 terelle
484 1757 627 1824 quaeque
655 1736 695 1802 ad
724 1747 754 1802 te
782 1735 942 1822 pertinere
970 1734 1170 1807 arbitrabor,
1207 1754 1333 1820 semper
1354 1733 1421 1798 sine
1444 1732 1506 1798 ulla
1528 1731 1674 1798 dubita-

322 1833 408 1898 tione
428 1853 552 1898 summo
574 1831 679 1898 studio
701 1829 823 1896 faciam.
860 1833 934 1895 -Hoc
954 1830 1048 1932 uelim
1071 1828 1128 1894 tibi
1148 1827 1493 1914 penitus-persuadeas.

289 2014 315 2051 o
786 2003 867 2066 ιιι.
910 1999 960 2080 (a.
987 2003 1019 2064 u.
1042 2001 1185 2078 c.710.)

807 2124 950 2188 ercnno
973 2123 1117 2187 ammo
1140 2123 1171 2185 e.

409 2254 437 2314 1.
459 2248 612 2312 Iteradum
634 2247 815 2310 redemistis
842 2247 927 2312 milti.
986 2247 1160 2309 Coronatus
1188 2241 1321 2319 Quintus
1343 2252 1450 2308 noster
1471 2241 1663 2310 Parilibus?

322 2339 486 2409 Parilibus
530 2338 682 2404 Solusnel
705 2338 807 2403 Solus.
849 2337 916 2402 Etsi
937 2335 1024 2401 addis
1040 2335 1195 2415 Lamiam;
1218 2337 1304 2422 quod
1326 2335 1467 2402 demiror
1486 2336 1657 2422 equidem;

324 2435 380 2500 sed
406 2435 488 2498 scire
515 2434 625 2517 cupio,
662 2433 715 2516 qui
738 2431 855 2494 fuerint
884 2430 955 2494 alii:
992 2450 1180 2515 quamquam
1203 2431 1276 2494 satis
1299 2431 1365 2495 scio
1387 2431 1447 2496 nisi
1467 2431 1654 2516 improbum

286 2528 490 2593 aoneminem.
547 2524 737 2610 Explanabis
759 2523 855 2610 igitur
876 2523 936 2588 hoc
958 2522 1145 2606 diligentius.
1188 2527 1255 2608 Ego
1277 2533 1381 2588 autern
1404 2545 1478 2590 casu
1501 2547 1574 2590 cum
1596 2525 1657 2591 de·

323 2621 438 2687 dissem
472 2619 511 2685 ad
540 2630 571 2685 te
603 2619 724 2685 litteras
745 2638 793 2684 vr.
816 2616 944 2683 Kalend
967 2616 1041 2681 satis
1063 2617 1168 2682 multis
1191 2617 1317 2692 verbis,
1352 2603 1453 2684 tribus
1474 2618 1541 2684 lere
1563 2620 1655 2686 boris

323 2725 395 2802 post
417 2714 521 2800 accepi
545 2723 612 2779 tuas
635 2724 665 2779 et
686 2713 792 2797 magni
814 2712 940 2800 quidem
956 2710 1115 2798 ponderis.
1158 2716 1297 2798 ltaqne'
1288 2733 1358 2778 roca
1380 2723 1432 2778 tna
1454 2713 1547 2798 plena
1568 2713 1653 2778 iace-

323 2809 437 2874 tiarum
466 2809 505 2875 de
535 2809 657 2874 baeresi
687 2809 872 2875 Vestoriann
901 2815 932 2870 et
959 2806 998 2870 de
1026 2804 1215 2870 Pberionnm
1237 2826 1326 2871 more
1349 2807 1569 2871 Puteolano'
1542 2807 1652 2872 risisse

323 2925 374 2968 me
413 2904 488 2968 satis
523 2902 598 2968 nibil
632 2911 679 2968 est
711 2923 838 2967 necesse
870 2901 1057 2968 rescribere.
1116 2902 1364 2985 Πολιτικώτερα
1395 2901 1446 2965 illa
1477 2900 1649 2966 videamus.

286 3003 355 3062 asi.
377 3002 422 3064 Ita
445 3004 558 3064 Brutos
581 2997 783 3083 Cassiumque
814 2995 972 3070 defendis,
1004 3003 1092 3083 quasi
1123 3016 1178 3063 eos
1207 3017 1267 3081 ego
1288 2994 1537 3082 reprehendam,
1570 3015 1652 3082 quos

324 3091 397 3156 setis
426 3091 554 3157 laudare
584 3113 647 3156 non
676 3111 816 3175 possum.
872 3097 990 3157 Rerum
1017 3111 1077 3175 ego
1107 3091 1179 3157 vitia
1207 3090 1342 3175 collegi,
1379 3110 1443 3155 non
1476 3089 1648 3155 bominum.

326 3183 454 3250 Sublato
477 3186 561 3250 enim
585 3194 717 3273 tyranno
740 3184 902 3272 tyrannide
926 3177 1054 3250 manere
1070 3184 1173 3250 video.
1217 3189 1313 3257 Nam,
1336 3205 1417 3269 quae
1438 3183 1490 3248 ille
1513 3184 1649 3249 facturus

325 3299 387 3343 non
412 3279 485 3353 luit,
508 3300 544 3344 ea
567 3278 660 3353 liunt,
684 3287 718 3342 ut
740 3277 778 3342 de
802 3278 926 3356 Clodi0;
950 3279 989 3344 de
1012 3300 1075 3366 quo
1098 3279 1175 3344 mibi
1190 3279 1391 3364 exploratum
1414 3286 1461 3342 est
1482 3278 1567 3345 illum
1587 3299 1648 3342 non

325 3373 420 3438 modo
446 3395 509 3439 non
531 3373 685 3438 sucturum
704 3371 868 3437 sedetiam
891 3393 931 3438 ne
946 3393 1112 3458 passurum
1127 3372 1253 3458 quidem
1266 3372 1371 3438 luisse.
1396 3375 1550 3458 Sequetur
1561 3371 1650 3440 Bulio

289 3467 545 3540 anestorianus,
568 3467 696 3542 Victor,
725 3487 883 3550 nunquam
906 3467 1062 3551 scriptus,
1092 3468 1206 3542 ceteri,
1234 3467 1305 3553 quis
1328 3472 1414 3532 non?
1452 3465 1508 3531 Cui
1531 3465 1646 3531 servire

324 3560 384 3645 ipsi
407 3581 468 3626 non
491 3561 664 3645 potuimus,
703 3559 771 3625 eius
791 3559 905 3625 libellis
927 3580 1083 3646 paremus.
1138 3567 1213 3626 Nam
1236 3558 1431 3626 Liberalibus
1457 3559 1528 3645 quis
1550 3559 1646 3645 potnit

324 3654 356 3718 in
379 3662 518 3718 senatum
541 3675 604 3718 non
626 3653 756 3718 venire?
785 3659 845 3718 Fac
867 3653 898 3718 id
920 3655 1060 3739 potuisse
1083 3654 1189 3742 aliquo
1215 3654 1323 3721 modo:
1351 3675 1442 3726 num,
1465 3655 1558 3719 etiam
1580 3675 1645 3719 cum

324 3747 534 3819 venissemus,
568 3747 667 3812 libere
695 3748 853 3833 potuimus
890 3749 1073 3813 sententiam
1102 3749 1230 3814 diceret
1265 3754 1373 3813 Nonne
1408 3748 1493 3812 omni
1529 3752 1648 3814 ratione

324 3841 480 3914 veterani,
503 3845 557 3927 qui
579 3841 690 3906 armati
713 3841 857 3916 aderant,
881 3863 952 3906 cum
976 3841 1124 3927 praesidii
1147 3863 1203 3907 nos
1225 3841 1303 3907 nihil
1318 3840 1522 3916 haberemus,
1546 3841 1648 3908 delen-

290 3933 419 4001 :udcndi
441 3935 589 4000 luerunt?
623 3935 708 4000 illam
732 3936 903 4000 sessionem
926 3936 1130 4019 Capitolinam
1153 3935 1230 4001 mibi
1254 3956 1317 4001 non
1338 3934 1493 4020 placuisse
1516 3944 1550 4002 tu
1564 3934 1649 4000 testis

325 4050 369 4094 es.
424 4029 508 4107 Quid
539 4035 642 4114 ergo?
671 4034 731 4094 ista
760 4030 851 4115 eulpa
879 4035 1070 4094 Brutorum?
1106 4029 1233 4096 Minime
1264 4030 1390 4094 illorum
1424 4027 1567 4114 quidem;
1596 4028 1649 4094 sed

395 4250 420 4299 1.
440 4263 494 4300 esse
511 4261 567 4300 orn.
587 4251 619 4300 B.
642 4274 672 4286 -
709 4251 853 4301 2·iisBa
874 4251 913 4299 bis
931 4250 1005 4301 Mill.
1037 4275 1067 4286 -
1105 4249 1131 4300 4.
1152 4250 1394 4300 contentionum.
1418 4273 1447 4283 -
1484 4250 1510 4300 B.
1531 4249 1647 4299 Boram

326 4321 356 4370 B.
379 4346 409 4356 —
447 4321 473 4370 3.
493 4321 646 4380 oideBitur,
676 4327 706 4369 ut
726 4323 845 4370 animum
864 4323 920 4371 eius
940 4321 1109 4372 conciliatum
1128 4322 1246 4370 reddas:
1265 4335 1320 4370 ιιοιι
1340 4321 1361 4369 1.
1383 4343 1414 4355 -
1454 4321 1495 4368 11.
1516 4321 1549 4368 iis
1567 4321 1598 4369 B.
1618 4343 1649 4355 -

324 4397 386 4440 tures
403 4394 486 4456 mapis
504 4391 571 4441 Mil:
592 4397 654 4440 tuus
672 4391 736 4439 milri
753 4393 839 4455 mepta
857 4392 901 4441 lli.
923 4417 953 4427 -
993 4393 1035 4441 13.
1056 4394 1171 4441 attinere
1190 4392 1220 4440 B.
1244 4414 1272 4424 -
1310 4392 1353 4440 17.
1374 4390 1534 4440 iterandum
1552 4390 1598 4439 Bl.
1621 4413 1647 4424 -

325 4460 367 4509 18.
400 4461 531 4510 Solusne?
562 4461 639 4510 Solus
657 4460 822 4511 Lambinus:
860 4461 988 4511 solusne?
1019 4461 1115 4512 muln.
1161 4461 1215 4511 Cir.
1242 4461 1352 4510 Terent.
1382 4461 1528 4510 Heautont.
1555 4461 1589 4514 5.
1618 4461 1648 4518 1,

325 4532 369 4580 3⁶2.
397 4554 429 4567 -
465 4533 508 4582 13.
528 4531 639 4593 sumunt
658 4531 679 4580 1.
714 4556 744 4566 -
782 4531 1008 4594 boemiorum
1035 4533 1133 4594 «prisci
1163 4532 1303 4581 Codices.»
1324 4531 1396 4581 Pius.
1430 4555 1457 4566 -
1497 4531 1541 4579 23.
1565 4529 1652 4579 Vesto-

325 4603 386 4649 rino
405 4602 418 4651 l
438 4608 463 4652 et
482 4601 547 4652 Cori.
569 4603 597 4651 in
617 4615 671 4664 mg.
700 4601 805 4664 Bepett.
831 4602 926 4651 Lamb.
957 4627 988 4638 -
1024 4601 1193 4665 Pierionuml
1220 4602 1381 4663 pitorioaum
1399 4600 1457 4650 sive
1475 4599 1613 4663 somonam
1631 4599 1650 4648 t.

326 4671 354 4720 B.
375 4669 547 4729 Gronovius,
575 4673 747 4722 Pbetriormm
766 4673 819 4721 lac.
839 4672 1001 4722 Gronovius.
1023 4673 1067 4731 (Ut
1087 4685 1153 4732 nos,
1180 4673 1240 4722 libri
1260 4672 1347 4720 adhuc
1368 4671 1457 4724 noti).
1480 4695 1508 4706 -
1547 4671 1591 4720 nt.
1610 4683 1652 4719 m·

325 4753 394 4789 cesse
416 4743 558 4792 rescribere
581 4741 650 4791 illlis
681 4754 783 4791 necesse
806 4755 846 4790 ms
865 4742 1007 4793 rescribere
1025 4743 1056 4803 1,
1084 4755 1186 4793 necesse
1205 4757 1245 4792 me
1271 4743 1382 4792 scribere
1401 4754 1463 4789 eum
1484 4739 1546 4789 Αιο.
1567 4753 1607 4802 pr.
1627 4745 1652 4788 et

325 4811 440 4862 Grutero
454 4813 483 4862 B.
501 4837 531 4847 -
552 4813 596 4862 25.
617 4813 759 4876 Curiosque
774 4813 795 4863 1.
815 4836 841 4846 -
856 4825 904 4876 epo
922 4826 965 4863 eos
983 4812 1015 4862 tt.
1031 4838 1061 4848 -
1080 4812 1126 4862 28.
1142 4811 1244 4876 Clodio]
1265 4812 1342 4862 Cielio
1356 4826 1395 4874 pr.
1411 4810 1448 4860 M.
1463 4833 1496 4844 -
1515 4811 1559 4860 13.
1573 4811 1653 4860 stiam

325 4880 443 4930 deletum
456 4882 557 4932 mavolt
577 4882 656 4932 Beier
674 4883 707 4931 ad
726 4882 805 4932 Ollio.
828 4882 863 4931 ll.
884 4897 909 4946 p,
930 4883 991 4931 322.
1013 4907 1041 4919 -
1063 4881 1133 4944 liufo
1146 4883 1205 4943 Mi,
1221 4881 1336 4946 Ruffoli.
1351 4881 1437 4939 (Corr.
1448 4879 1610 4943 Manutius.)
1621 4906 1649 4916 -

324 4949 366 4999 30.
394 4949 516 5014 sceptus]
545 4953 616 5002 Bort.
645 4957 785 5014 spectatus.
823 4952 879 5002 Cir.
903 4953 1040 5015 inscriptt.
1068 4953 1137 5004 Lati.
1167 4954 1201 5003 ll.
1233 4967 1258 5015 p.
1287 4952 1348 5002 377.
1369 4951 1419 5003 On.
1443 4973 1471 4985 -
1509 4951 1553 5000 BB.
1572 4949 1651 5000 modo
1797 4979 1798 4982 =

323 5019 397 5083 peri:
428 5035 492 5070 nom
512 5022 534 5070 l.
569 5045 599 5057 -
636 5023 679 5072 ³5.
699 5025 865 5073 secessionem
885 5023 1042 5073 Beroaldus.
1071 5047 1102 5059 -
1140 5023 1184 5074 34.
1213 5023 1283 5085 Quid
1312 5035 1376 5086 erpo
1401 5024 1454 5071 isto
1479 5021 1560 5082 culpo
1583 5021 1651 5071 Bru·

324 5092 435 5139 torum?
461 5091 540 5142 iland
561 5092 640 5142 Ture.
661 5093 698 5142 11.
719 5107 746 5157 p.
766 5092 827 5144 453.
848 5117 881 5129 -
919 5095 999 5157 arripe
1016 5093 1069 5142 isto
1087 5093 1109 5143 l.
