3662 5908
656 400 729 462 LlE.
752 399 834 463 xlv.
876 399 935 462 ΕΡ.
957 400 987 462 5.
1009 399 1039 462 6.
1062 399 1092 462 7.
1470 401 1532 464 269

211 556 385 644 perscripta
407 555 535 633 omnia;
568 554 663 642 idque
685 555 761 621 mibi
784 553 995 640 gratissimum
1024 553 1092 620 fuit.
1147 560 1254 642 Neque
1275 577 1344 624 snm
1365 556 1534 624 admiratus

211 651 292 716 banc
312 649 490 736 epistolam,
513 670 608 734 quam
627 655 757 715 Acastus
774 648 889 722 attulit,
911 648 1039 713 brevem
1055 648 1169 726 fuisse;
1191 649 1254 714 iam
1268 650 1352 716 enim
1366 656 1534 736 meipsum

213 753 375 830 exspectas
397 743 463 808 sive
485 763 542 808 nos
564 743 665 828 ipsos,
688 742 887 830 quiquidem
908 765 1002 830 quam
1023 743 1160 828 primum
1183 743 1222 808 ad
1243 764 1300 809 vos
1322 744 1430 809 venire
1449 745 1535 830 cupi-

213 860 296 911 mus,
326 836 401 910 etsi,
430 836 462 901 in
488 857 581 922 quam
611 836 855 922 rempublicam
885 837 1061 910 veniamus,
1089 837 1238 922 intelligo.
1289 838 1428 923 Cognovi
1450 839 1533 904 enim

214 954 254 997 ex
269 932 439 996 multorum
460 930 632 996 amicorum
654 931 785 1005 litteris,
819 951 896 1017 quas
913 931 1014 996 attulit
1034 937 1182 1007 Acastus,
1205 930 1244 996 ad
1265 953 1352 996 arma
1374 953 1442 996 rem
1464 951 1560 1017 spe-a

212 1037 316 1099 ctare,
339 1036 374 1090 ut
395 1025 487 1098 mibi,
510 1045 581 1090 cum
605 1045 739 1100 venero,
761 1024 957 1090 dissimulare
975 1046 1037 1090 non
1060 1025 1166 1098 liceat,
1189 1024 1265 1112 quid
1287 1025 1427 1090 sentiam.
1462 1025 1533 1102 Sed,

213 1121 359 1208 quoniam
381 1116 542 1184 subeunda
564 1117 689 1184 fortuna
711 1129 777 1192 est,
801 1141 840 1184 eo
862 1119 953 1184 citius
975 1117 1118 1184 dabimus
1133 1140 1284 1206 operam,
1305 1128 1341 1184 ut
1362 1119 1533 1190 veniamus,

212 1234 275 1300 quo
290 1212 411 1278 facilius
432 1212 471 1277 de
494 1220 558 1278 tota
580 1233 616 1276 re
637 1211 859 1278 deliberemus.
917 1217 963 1278 Tu
986 1212 1096 1286 velim,
1120 1212 1205 1299 quod
1226 1213 1394 1278 commodo
1415 1214 1534 1278 valetu-

212 1307 293 1372 dinis
315 1316 386 1371 tuae
408 1305 476 1380 liat,
509 1327 601 1392 quam
624 1306 804 1391 longissime
825 1307 964 1393 poteris,
987 1304 1112 1371 obviam
1135 1305 1226 1371 nobis
1248 1306 1392 1391 prodeas.
1436 1311 1466 1371 2.
1488 1311 1534 1370 De

211 1399 382 1464 hereditate
403 1400 568 1472 Preciana,
591 1421 671 1485 quae
693 1399 820 1486 quidem
841 1399 917 1465 mibi
940 1420 1053 1485 magno
1075 1398 1179 1465 dolori
1200 1408 1248 1464 est
1270 1435 1308 1448 -
1338 1399 1428 1465 valde
1450 1400 1533 1465 enim
1547 1416 1572 1456 ιο

212 1495 300 1560 illum
328 1494 429 1559 amavi
459 1527 515 1566 -,
538 1490 593 1557 scd
619 1491 680 1558 boc
702 1493 795 1558 velim
825 1514 933 1559 cures:
966 1493 993 1558 si
1015 1495 1118 1558 auctio
1146 1503 1217 1558 ante
1238 1515 1344 1560 meum
1366 1493 1533 1558 adventum

212 1587 337 1684 fiel,(lrt
357 1588 548 1671 Pomponius
569 1589 642 1682 aut)
670 1585 697 1650 si
718 1586 745 1651 is
767 1587 869 1653 minus
891 1587 1196 1688 poterit(Camillus
1216 1596 1359 1652 nostrum
1373 1587 1534 1672 negotium

211 1685 325 1778 auget.)
359 1685 422 1746 Nos
444 1701 515 1744 cum
536 1679 614 1745 salvi
640 1680 833 1754 venerimus,
862 1680 983 1766 reliqua
1010 1701 1071 1766 per
1091 1701 1149 1746 nos
1170 1701 1313 1765 agemus;
1346 1681 1394 1745 sin
1417 1689 1449 1746 lu
1471 1680 1534 1745 iam
1569 1663 1663 1746 fil*

211 1781 308 1840 Roma
331 1773 470 1859 profecta
492 1773 572 1846 eris,
595 1783 697 1838 tamen
719 1773 860 1848 curabis,
882 1783 917 1839 nt
938 1774 998 1838 boc
1019 1779 1061 1838 ita
1083 1773 1144 1838 fiat.
1187 1779 1265 1847 Nos,
1292 1779 1319 1839 si
1342 1775 1384 1840 dii
1406 1775 1533 1840 adiuva-

211 1867 302 1941 bant,
336 1869 461 1934 circiter
480 1867 552 1934 ldus
574 1865 766 1934 Novembres
780 1871 813 1934 in
835 1869 920 1935 ltalia
940 1889 1102 1954 speramus
1124 1867 1204 1934 fore.
1258 1875 1342 1942 Vos,
1372 1891 1441 1934 mea
1463 1891 1533 1935 sua·
1549 1887 1575 1924 ¹⁶

212 1961 337 2026 sissima
358 1971 389 2026 et
406 1962 598 2049 optatissima
621 1963 783 2038 Terentia,
806 1962 831 2028 si
853 1984 910 2028 nos
931 1961 1055 2037 amatis,
1079 1973 1185 2027 curate
1208 1971 1243 2028 ut
1264 1962 1402 2028 valeatis.
1446 1962 1532 2028 Vale.

210 2054 357 2132 Athenis,
379 2077 407 2120 a.
429 2054 459 2121 d.
481 2075 541 2122 xv.
562 2057 715 2123 Kalendas
736 2056 939 2141 Novembres.

694 2195 1054 2282 mmmmm

773 2323 855 2384 SUlS
879 2323 910 2384 S.
931 2324 968 2385 D.

293 2436 356 2496 Nec
378 2451 471 2516 saepe
494 2441 560 2506 est,
594 2433 644 2498 cui
666 2432 783 2498 litteras
805 2431 933 2506 demus,
963 2453 1021 2497 nec
1042 2453 1111 2497 rem
1132 2430 1283 2497 babemus
1299 2432 1415 2505 ullam,
1438 2445 1572 2519 quamw

209 2523 350 2590 scribere
371 2525 512 2590 velimus.
555 2531 601 2590 Ex
631 2526 692 2592 tuis
713 2527 841 2600 litteris,
878 2547 955 2613 quas
978 2527 1122 2612 proxime
1144 2526 1265 2612 accepi,
1288 2526 1422 2611 cognovi
1443 2547 1533 2612 prae·

209 2618 296 2683 dium
318 2618 438 2683 nullum
461 2620 569 2684 venire
590 2620 739 2704 potuisse.
770 2621 876 2698 Quare
898 2618 1029 2685 videatis
1052 2620 1155 2694 velim,
1175 2619 1336 2707 quomodo
1351 2619 1477 2685 satisfiat
1493 2621 1533 2693 ei,

210 2716 260 2777 cui
283 2711 367 2777 scitis
388 2735 439 2778 me
461 2713 605 2779 satisfieri
626 2715 718 2780 velle.
770 2712 864 2791 Quod
888 2722 994 2778 nostra
1018 2713 1074 2779 tibi
1096 2714 1212 2799 gratias
1234 2717 1314 2797 agit,
1337 2713 1369 2777 id
1388 2735 1448 2799 ego
1471 2735 1533 2779 non

209 2807 310 2870 miror
336 2809 517 2881 temerari,
554 2818 589 2873 ut
611 2830 647 2872 aa
668 2807 725 2873 tibi
748 2809 861 2872 merito
883 2815 938 2872 tuo
959 2808 1074 2892 gratias
1101 2829 1196 2892 agere
1218 2805 1327 2892 possit.
1370 2809 1532 2879 Pollicem,

209 2899 235 2963 si
257 2898 360 2964 adbuc
382 2921 445 2964 non
468 2911 515 2966 esi
536 2901 717 2986 profectus,
754 2921 849 2986 quam
871 2899 1008 2986 primum
1031 2901 1078 2966 fac
1100 2900 1259 2966 extrudas.
1303 2903 1400 2972 Cura,
1423 2909 1458 2964 ut
1479 2915 1572 2963 va-se

209 2992 284 3056 leas.
327 2992 434 3059 ldibus
457 2993 675 3072 Quinctilibus.

685 3137 747 3198 ur.
790 3135 840 3214 (A.
869 3137 901 3200 o.
922 3137 954 3199 o.
977 3136 1063 3216 705.)

557 3259 719 3322 TULLIUS
742 3260 963 3322 TERENTIAE
986 3259 1085 3321 SUAE
1106 3259 1138 3320 S.
1163 3259 1196 3321 P.

296 3371 325 3432 1.
355 3369 471 3432 Omnes
500 3369 659 3434 molestias
682 3378 713 3434 et
734 3367 972 3443 sollicitudines,
1009 3365 1124 3455 qulbus
1144 3376 1176 3432 et
1198 3378 1227 3432 te
1249 3367 1458 3432 miserrimam
1481 3365 1534 3431 ba-

209 3459 264 3526 bui
287 3471 333 3537 et,
363 3461 396 3526 id
418 3462 502 3548 quod
524 3462 601 3527 mibi
622 3463 877 3528 molestissimum
904 3471 974 3536 est,
997 3462 1176 3536 Tulliolam,
1213 3482 1293 3546 quae
1314 3460 1406 3526 nobis
1427 3471 1571 3526 nostran

211 3555 271 3620 vita
294 3553 416 3620 dulcior
437 3565 498 3630 est,
535 3555 667 3642 deposui
690 3567 721 3622 et
741 3558 830 3622 eieci.
875 3557 958 3635 Quid
981 3577 1092 3621 causae
1113 3564 1217 3620 autem
1239 3553 1352 3629 fuerit,
1382 3554 1532 3642 postridie

208 3649 364 3724 intellexi,
387 3672 480 3738 quam
503 3671 521 3715 a
543 3649 633 3716 vobis
655 3651 793 3716 discessi.
836 3652 948 3730 Χολῆν
972 3651 1119 3734 ἄκρατον
1133 3657 1228 3714 noctu
1250 3648 1344 3728 eieci;
1367 3654 1469 3714 statim
1492 3649 1532 3713 ita

209 3765 279 3810 sum
301 3744 435 3819 levatus,
457 3754 493 3810 ut
514 3745 591 3809 mibi
612 3744 689 3810 deus
712 3745 824 3831 aliquis
851 3744 1035 3809 medicinam
1058 3743 1167 3808 fecisse
1188 3741 1343 3809 videatur.
1386 3744 1441 3810 Cui
1465 3748 1534 3830 qui-

209 3837 281 3902 dem
311 3847 344 3903 tu
370 3837 451 3913 deo,
485 3837 748 3923 quemadmodum
782 3838 885 3913 soles,
918 3838 969 3924 pie
1003 3847 1035 3903 et
1063 3846 1146 3902 caste
1179 3835 1365 3909 satisfacies,
1404 3835 1531 3920 [idest.
1615 3799 1632 3883 f

208 3931 344 4016 Apollini
374 3941 406 3997 et
432 3931 641 4017 Aesculapiol.
693 3937 723 3997 2.
746 3938 861 3998 Navem
884 3952 978 4017 spero
1001 3953 1058 3997 nos
1081 3931 1172 3996 valde
1195 3929 1311 3995 bonam
1334 3928 1467 4007 babere;
1501 3931 1572 3994 inan

210 4045 279 4089 cam
303 4025 488 4112 simulatque
509 4026 696 4101 conscendi,
730 4026 806 4091 baec
827 4026 947 4112 scripsi.
991 4026 1110 4092 Deinde
1130 4023 1325 4089 conscribam
1348 4022 1533 4089 adnostros

210 4116 379 4183 familiares
400 4120 511 4184 multas
534 4120 696 4206 epistolas,
719 4119 833 4208 quibus
856 4131 885 4186 te
908 4131 938 4184 et
960 4119 1123 4185 Tulliolam
1146 4127 1284 4182 nostram
1299 4116 1534 4201 diligentissime

209 4212 447 4278 commendabo.
501 4215 691 4280 Cohortarer
713 4235 789 4289 vos,
828 4213 937 4300 [quod]
961 4214 1065 4278 animo
1088 4213 1220 4278 fortiore
1244 4216 1366 4290 essetis,
1396 4211 1455 4275 nisi
1478 4232 1534 4276 vos

209 4307 358 4373 fortiores
380 4329 564 4394 cognossem
595 4329 687 4396 quam
716 4331 905 4396 quemquam
934 4308 1045 4373 virum.
1089 4312 1127 4371 Et
1150 4317 1250 4370 tamen
1266 4305 1420 4370 eiusmodi
1439 4325 1533 4391 spero

279 4481 303 4530 l.
330 4483 477 4543 perscripta
496 4482 543 4532 nt:
569 4484 717 4545 perscripta
734 4490 796 4532 suat
815 4482 844 4532 ll.
873 4505 904 4516 -
940 4483 968 4530 id
986 4495 1053 4544 ossae
1069 4481 1133 4530 mibi
1151 4479 1188 4530 Μ.
1218 4505 1250 4514 -
1287 4480 1313 4528 2.
1341 4493 1420 4542 qaam
1449 4485 1535 4528 castas

210 4549 247 4600 Μ.
280 4575 309 4586 -
345 4551 372 4599 3.
401 4552 535 4612 cupiamus
565 4552 600 4600 Μ.
635 4576 665 4587 -
702 4553 729 4602 l.
756 4555 871 4602 velimus
896 4551 933 4601 Μ.
959 4576 992 4584 -
1028 4552 1053 4600 ’1.
1083 4552 1208 4614 quoniam
1231 4549 1279 4602 ii:
1309 4549 1414 4614 quondo
1442 4549 1472 4598 E.
1502 4573 1534 4583 -

209 4620 234 4669 a.
252 4621 367 4682 prodeas
386 4621 539 4671 Victorius:
565 4635 679 4684 propeas
697 4621 742 4681 Μ,
759 4635 883 4685 properas
901 4621 954 4671 BE.
984 4646 1013 4656 -
1054 4620 1095 4670 ii.
1115 4621 1277 4671 adiuuabant
1296 4618 1331 4668 Μ.
1353 4642 1383 4653 -
1421 4618 1463 4668 in.
1490 4618 1535 4667 Ts-

208 4695 297 4740 reutia
314 4689 359 4740 si:
383 4691 503 4741 Terentia
520 4698 545 4740 et
566 4691 679 4741 Tulliola
698 4692 728 4742 E.
751 4716 781 4727 -
821 4691 899 4752 Vols,
920 4691 993 4754 quod
1010 4696 1051 4740 est
1071 4691 1098 4740 in
1118 4690 1166 4748 Μ,
1186 4689 1270 4740 omli
1299 4713 1329 4724 -·
1369 4689 1408 4738 lii.
1429 4689 1487 4738 Sais
1507 4687 1533 4738 S.

209 4759 244 4810 fl.
264 4761 309 4812 ni:
330 4761 366 4811 Μ.
388 4763 419 4811 Τ.
439 4761 468 4811 C.
485 4762 619 4812 Tarauna
636 4769 660 4811 et
681 4763 781 4812 Tulliae
799 4760 827 4812 S.
846 4761 970 4811 aaa.
991 4785 1021 4796 -
1040 4762 1083 4810 aa.
1103 4760 1182 4810 babai
1200 4769 1223 4811 et
1242 4758 1461 4810 id--Tulliolam
1481 4759 1533 4808 Vs:

209 4829 289 4880 babai
305 4832 334 4880 id
350 4855 361 4866 ·
379 4856 390 4868 ·
409 4832 551 4882 Tulliolam
569 4831 614 4890 Μ,
634 4832 730 4890 babai,
749 4833 779 4882 id
795 4857 806 4870 ·
823 4859 838 4870 -
858 4831 1044 4895 Tulliolanmuc
1063 4831 1092 4881 E.
1119 4855 1153 4864 —
1189 4833 1232 4880 aa.
1252 4831 1397 4893 satisfacias
1415 4829 1460 4878 bl:
1489 4843 1535 4878 sn-

209 4901 328 4963 iisfocias
343 4899 373 4950 E.
396 4927 424 4938 ·-
444 4903 473 4951 id
490 4909 544 4960 asi,
564 4901 680 4964 Apollini
697 4909 722 4952 et
733 4902 885 4964 Aesculapio
903 4907 1013 4951 auclore
1025 4901 1147 4952 Munatio
1160 4901 1330 4950 seclusimus.
1351 4923 1384 4932 -
1402 4897 1446 4948 ³8.
1465 4900 1535 4963 quod

208 4974 256 5024 M:
276 4971 383 5038 quc-E·
421 4971 537 5022 Secluslt
554 4971 673 5022 Orellins
692 4973 757 5024 call.
776 4972 836 5023 Lib.
856 4972 912 5022 XV.
932 4985 976 5036 ap.
995 4973 1022 5023 ἓ.
1041 4968 1071 5034 b.
1091 4972 1115 5023 8.
1136 4996 1169 5006 -
1204 4971 1328 5036 sortione
1346 4971 1432 5020 metis
1446 4969 1481 5020 Μ.
1503 4995 1535 5006 -

208 5045 253 5094 39.
290 5056 437 5109 cognoscem
455 5055 496 5106 pr.
516 5041 555 5094 ii.
1452 5079 1461 5095 .
