<?xml version="1.0" encoding="UTF-8"?>
<!DOCTYPE html PUBLIC "-//W3C//DTD XHTML 1.0 Transitional//EN"
    "http://www.w3.org/TR/xhtml1/DTD/xhtml1-transitional.dtd">
<html xmlns="http://www.w3.org/1999/xhtml" xml:lang="en" lang="en">
 <head>
  <title>
</title>
<meta http-equiv="Content-Type" content="text/html;charset=utf-8" />
  <meta name='ocr-system' content='tesseract 3.04.00' />
  <meta name='ocr-capabilities' content='ocr_page ocr_carea ocr_par ocr_line ocrx_word'/>
</head>
<body>
  <div class='ocr_page' id='page_1' title='image "./mtulliiciceroni06baitgoog_0827.png"; bbox 0 0 3662 5892; ppageno 0'>
   <div class='ocr_carea' id='block_1_1' title="bbox 301 421 1129 486">
    <p class='ocr_par' dir='ltr' id='par_1_1' title="bbox 301 421 1129 486">
     <span class='ocr_line' id='line_1_1' title="bbox 301 421 1129 486; baseline 0 -2"><span class='ocrx_word' id='word_1_1' title='bbox 301 422 363 484; x_wconf 82' lang='grc'>768</span> <span class='ocrx_word' id='word_1_2' title='bbox 796 421 854 483; x_wconf 83' lang='grc' dir='ltr'>ΕΡ.</span> <span class='ocrx_word' id='word_1_3' title='bbox 897 423 949 484; x_wconf 82' lang='grc' dir='ltr'>ΑΙ)</span> <span class='ocrx_word' id='word_1_4' title='bbox 971 421 1129 486; x_wconf 83' lang='lat' dir='ltr'>BRUTUhl</span> 
     </span>
    </p>
   </div>
   <div class='ocr_carea' id='block_1_2' title="bbox 264 577 1650 3560">
    <p class='ocr_par' dir='ltr' id='par_1_2' title="bbox 264 577 1650 3560">
     <span class='ocr_line' id='line_1_2' title="bbox 302 577 1650 666; baseline 0.002 -22"><span class='ocrx_word' id='word_1_5' title='bbox 302 579 361 644; x_wconf 90' lang='lat' dir='ltr'>nisi</span> <span class='ocrx_word' id='word_1_6' title='bbox 384 578 548 666; x_wconf 78' lang='lat' dir='ltr'>sapienter.</span> <span class='ocrx_word' id='word_1_7' title='bbox 590 577 652 642; x_wconf 90' lang='lat' dir='ltr'>Sed</span> <span class='ocrx_word' id='word_1_8' title='bbox 673 579 799 644; x_wconf 91' lang='lat' dir='ltr'>sceleris</span> <span class='ocrx_word' id='word_1_9' title='bbox 820 597 954 664; x_wconf 90' lang='lat' dir='ltr'>poenam</span> <span class='ocrx_word' id='word_1_10' title='bbox 975 578 1226 664; x_wconf 76' lang='lat' dir='ltr'>praetermittere</span> <span class='ocrx_word' id='word_1_11' title='bbox 1241 613 1280 628; x_wconf 91' lang='lat'>-·</span> <span class='ocrx_word' id='word_1_12' title='bbox 1295 578 1328 645; x_wconf 91' lang='lat' dir='ltr'>id</span> <span class='ocrx_word' id='word_1_13' title='bbox 1349 585 1433 646; x_wconf 89' lang='lat' dir='ltr'>enim</span> <span class='ocrx_word' id='word_1_14' title='bbox 1457 589 1523 654; x_wconf 88' lang='lat' dir='ltr'>est,</span> <span class='ocrx_word' id='word_1_15' title='bbox 1551 580 1650 666; x_wconf 87' lang='lat' dir='ltr'>quod</span> 
     </span>
     <span class='ocr_line' id='line_1_3' title="bbox 303 670 1648 758; baseline 0.004 -23"><span class='ocrx_word' id='word_1_16' title='bbox 303 683 433 739; x_wconf 84' lang='lat' dir='ltr'>vocatur</span> <span class='ocrx_word' id='word_1_17' title='bbox 453 674 616 758; x_wconf 82' lang='lat' dir='ltr'>ignoscere</span> <span class='ocrx_word' id='word_1_18' title='bbox 631 705 672 733; x_wconf 61' lang='grc' dir='ltr'>-τ</span> <span class='ocrx_word' id='word_1_19' title='bbox 693 673 812 738; x_wconf 88' lang='lat' dir='ltr'>etiamsi</span> <span class='ocrx_word' id='word_1_20' title='bbox 835 672 867 736; x_wconf 94' lang='lat' dir='ltr'>in</span> <span class='ocrx_word' id='word_1_21' title='bbox 889 673 1001 738; x_wconf 91' lang='lat' dir='ltr'>ceteris</span> <span class='ocrx_word' id='word_1_22' title='bbox 1022 670 1119 738; x_wconf 91' lang='lat' dir='ltr'>rebus</span> <span class='ocrx_word' id='word_1_23' title='bbox 1140 673 1304 741; x_wconf 82' lang='lat' dir='ltr'>tolerabile</span> <span class='ocrx_word' id='word_1_24' title='bbox 1325 683 1386 747; x_wconf 87' lang='lat' dir='ltr'>est,</span> <span class='ocrx_word' id='word_1_25' title='bbox 1406 675 1442 741; x_wconf 92' lang='lat' dir='ltr'>iu</span> <span class='ocrx_word' id='word_1_26' title='bbox 1461 675 1527 740; x_wconf 92' lang='lat' dir='ltr'>hoc</span> <span class='ocrx_word' id='word_1_27' title='bbox 1553 673 1648 741; x_wconf 89' lang='lat' dir='ltr'>bello</span> 
     </span>
     <span class='ocr_line' id='line_1_4' title="bbox 301 764 1647 856; baseline 0.001 -24"><span class='ocrx_word' id='word_1_28' title='bbox 301 767 512 854; x_wconf 88' lang='lat' dir='ltr'>perniciosum</span> <span class='ocrx_word' id='word_1_29' title='bbox 534 775 620 853; x_wconf 88' lang='lat' dir='ltr'>puto.</span> <span class='ocrx_word' id='word_1_30' title='bbox 675 767 799 832; x_wconf 85' lang='lat' dir='ltr'>Nullum</span> <span class='ocrx_word' id='word_1_31' title='bbox 821 767 904 831; x_wconf 90' lang='lat' dir='ltr'>enim</span> <span class='ocrx_word' id='word_1_32' title='bbox 926 764 1041 832; x_wconf 89' lang='lat' dir='ltr'>bellum</span> <span class='ocrx_word' id='word_1_33' title='bbox 1071 767 1162 832; x_wconf 82' lang='lat' dir='ltr'>civile</span> <span class='ocrx_word' id='word_1_34' title='bbox 1183 767 1242 834; x_wconf 86' lang='lat' dir='ltr'>tuit</span> <span class='ocrx_word' id='word_1_35' title='bbox 1266 769 1299 833; x_wconf 93' lang='lat' dir='ltr'>iu</span> <span class='ocrx_word' id='word_1_36' title='bbox 1322 777 1429 832; x_wconf 90' lang='lat' dir='ltr'>nostra</span> <span class='ocrx_word' id='word_1_37' title='bbox 1449 789 1488 834; x_wconf 90' lang='lat' dir='ltr'>re</span> <span class='ocrx_word' id='word_1_38' title='bbox 1509 767 1647 856; x_wconf 82' lang='lat' dir='ltr'>publiea</span> 
     </span>
     <span class='ocr_line' id='line_1_5' title="bbox 302 860 1647 949; baseline 0.001 -23"><span class='ocrx_word' id='word_1_39' title='bbox 302 862 460 936; x_wconf 89' lang='lat' dir='ltr'>omnium,</span> <span class='ocrx_word' id='word_1_40' title='bbox 483 882 563 949; x_wconf 86' lang='lat' dir='ltr'>quae</span> <span class='ocrx_word' id='word_1_41' title='bbox 579 861 731 926; x_wconf 89' lang='lat' dir='ltr'>memoria</span> <span class='ocrx_word' id='word_1_42' title='bbox 746 881 816 925; x_wconf 88' lang='lat' dir='ltr'>mea</span> <span class='ocrx_word' id='word_1_43' title='bbox 831 860 973 936; x_wconf 88' lang='lat' dir='ltr'>luerunt,</span> <span class='ocrx_word' id='word_1_44' title='bbox 996 862 1028 926; x_wconf 93' lang='lat' dir='ltr'>in</span> <span class='ocrx_word' id='word_1_45' title='bbox 1050 883 1114 946; x_wconf 85' lang='lat' dir='ltr'>quo</span> <span class='ocrx_word' id='word_1_46' title='bbox 1134 861 1218 928; x_wconf 88' lang='lat' dir='ltr'>hello</span> <span class='ocrx_word' id='word_1_47' title='bbox 1239 882 1319 936; x_wconf 89' lang='lat' dir='ltr'>non,</span> <span class='ocrx_word' id='word_1_48' title='bbox 1342 870 1539 948; x_wconf 68' lang='lat' dir='ltr'>unocunque</span> <span class='ocrx_word' id='word_1_49' title='bbox 1561 883 1647 948; x_wconf 87' lang='lat' dir='ltr'>pars</span> 
     </span>
     <span class='ocr_line' id='line_1_6' title="bbox 277 951 1647 1043; baseline 0.002 -24"><span class='ocrx_word' id='word_1_50' title='bbox 277 955 442 1030; x_wconf 76' lang='lat' dir='ltr'>evicisset,</span> <span class='ocrx_word' id='word_1_51' title='bbox 465 965 567 1020; x_wconf 86' lang='lat' dir='ltr'>tamen</span> <span class='ocrx_word' id='word_1_52' title='bbox 589 954 693 1036; x_wconf 78' lang='lat' dir='ltr'>aliqua</span> <span class='ocrx_word' id='word_1_53' title='bbox 714 951 818 1020; x_wconf 87' lang='lat' dir='ltr'>lorma</span> <span class='ocrx_word' id='word_1_54' title='bbox 839 965 922 1021; x_wconf 89' lang='lat' dir='ltr'>esset</span> <span class='ocrx_word' id='word_1_55' title='bbox 943 953 1048 1021; x_wconf 88' lang='lat' dir='ltr'>lutura</span> <span class='ocrx_word' id='word_1_56' title='bbox 1070 955 1119 1021; x_wconf 87' lang='lat' dir='ltr'>rei</span> <span class='ocrx_word' id='word_1_57' title='bbox 1140 955 1294 1043; x_wconf 88' lang='lat' dir='ltr'>publicae.</span> <span class='ocrx_word' id='word_1_58' title='bbox 1336 959 1406 1022; x_wconf 86' lang='lat' dir='ltr'>Hoc</span> <span class='ocrx_word' id='word_1_59' title='bbox 1425 954 1511 1022; x_wconf 91' lang='lat' dir='ltr'>bello</span> <span class='ocrx_word' id='word_1_60' title='bbox 1531 958 1647 1023; x_wconf 83' lang='lat' dir='ltr'>victo-</span> 
     </span>
     <span class='ocr_line' id='line_1_7' title="bbox 303 1047 1644 1136; baseline 0.001 -22"><span class='ocrx_word' id='word_1_61' title='bbox 303 1069 355 1114; x_wconf 90' lang='lat' dir='ltr'>res</span> <span class='ocrx_word' id='word_1_62' title='bbox 384 1071 476 1136; x_wconf 88' lang='lat' dir='ltr'>quam</span> <span class='ocrx_word' id='word_1_63' title='bbox 505 1069 574 1114; x_wconf 89' lang='lat' dir='ltr'>rem</span> <span class='ocrx_word' id='word_1_64' title='bbox 604 1047 761 1135; x_wconf 87' lang='lat' dir='ltr'>publicam</span> <span class='ocrx_word' id='word_1_65' title='bbox 790 1049 888 1114; x_wconf 91' lang='lat' dir='ltr'>simus</span> <span class='ocrx_word' id='word_1_66' title='bbox 917 1047 1068 1124; x_wconf 90' lang='lat' dir='ltr'>habituri,</span> <span class='ocrx_word' id='word_1_67' title='bbox 1101 1070 1164 1115; x_wconf 92' lang='lat' dir='ltr'>non</span> <span class='ocrx_word' id='word_1_68' title='bbox 1193 1049 1283 1114; x_wconf 87' lang='lat' dir='ltr'>lacile</span> <span class='ocrx_word' id='word_1_69' title='bbox 1311 1049 1511 1126; x_wconf 70' lang='lat' dir='ltr'>affirmarim</span> <span class='ocrx_word' id='word_1_70' title='bbox 1540 1051 1644 1117; x_wconf 85' lang='lat' dir='ltr'>victis</span> 
     </span>
     <span class='ocr_line' id='line_1_8' title="bbox 302 1142 1641 1229; baseline 0.002 -22"><span class='ocrx_word' id='word_1_71' title='bbox 302 1153 388 1209; x_wconf 90' lang='lat' dir='ltr'>certe</span> <span class='ocrx_word' id='word_1_72' title='bbox 410 1143 494 1208; x_wconf 90' lang='lat' dir='ltr'>nulla</span> <span class='ocrx_word' id='word_1_73' title='bbox 514 1163 651 1229; x_wconf 89' lang='lat' dir='ltr'>unquam</span> <span class='ocrx_word' id='word_1_74' title='bbox 673 1142 744 1208; x_wconf 90' lang='lat' dir='ltr'>erit.</span> <span class='ocrx_word' id='word_1_75' title='bbox 779 1143 852 1208; x_wconf 82' lang='lat' dir='ltr'>Dixi</span> <span class='ocrx_word' id='word_1_76' title='bbox 873 1143 971 1227; x_wconf 89' lang='lat' dir='ltr'>igitur</span> <span class='ocrx_word' id='word_1_77' title='bbox 991 1143 1159 1209; x_wconf 89' lang='lat' dir='ltr'>sententias</span> <span class='ocrx_word' id='word_1_78' title='bbox 1181 1144 1213 1208; x_wconf 92' lang='lat' dir='ltr'>in</span> <span class='ocrx_word' id='word_1_79' title='bbox 1227 1144 1411 1217; x_wconf 79' lang='lat' dir='ltr'>Antonium,</span> <span class='ocrx_word' id='word_1_80' title='bbox 1434 1142 1501 1210; x_wconf 86' lang='lat' dir='ltr'>dixi</span> <span class='ocrx_word' id='word_1_81' title='bbox 1522 1145 1559 1209; x_wconf 92' lang='lat' dir='ltr'>in</span> <span class='ocrx_word' id='word_1_82' title='bbox 1576 1149 1641 1210; x_wconf 83' lang='lat' dir='ltr'>Le-</span> 
     </span>
     <span class='ocr_line' id='line_1_9' title="bbox 302 1237 1642 1325; baseline 0.002 -23"><span class='ocrx_word' id='word_1_83' title='bbox 302 1237 410 1323; x_wconf 91' lang='lat' dir='ltr'>pidum</span> <span class='ocrx_word' id='word_1_84' title='bbox 432 1257 575 1313; x_wconf 77' lang='lat' dir='ltr'>severas3</span> <span class='ocrx_word' id='word_1_85' title='bbox 597 1257 699 1321; x_wconf 86' lang='lat' dir='ltr'>neque</span> <span class='ocrx_word' id='word_1_86' title='bbox 721 1246 783 1301; x_wconf 88' lang='lat' dir='ltr'>tam</span> <span class='ocrx_word' id='word_1_87' title='bbox 798 1237 969 1303; x_wconf 90' lang='lat' dir='ltr'>ulciscendi</span> <span class='ocrx_word' id='word_1_88' title='bbox 991 1257 1099 1312; x_wconf 84' lang='lat' dir='ltr'>eausa,</span> <span class='ocrx_word' id='word_1_89' title='bbox 1122 1260 1216 1324; x_wconf 88' lang='lat' dir='ltr'>quam</span> <span class='ocrx_word' id='word_1_90' title='bbox 1237 1247 1273 1304; x_wconf 89' lang='lat' dir='ltr'>ut</span> <span class='ocrx_word' id='word_1_91' title='bbox 1295 1248 1327 1304; x_wconf 91' lang='lat' dir='ltr'>et</span> <span class='ocrx_word' id='word_1_92' title='bbox 1346 1238 1381 1303; x_wconf 91' lang='lat' dir='ltr'>in</span> <span class='ocrx_word' id='word_1_93' title='bbox 1394 1245 1543 1325; x_wconf 89' lang='lat' dir='ltr'>praesens</span> <span class='ocrx_word' id='word_1_94' title='bbox 1566 1260 1642 1305; x_wconf 84' lang='lat' dir='ltr'>see·</span> 
     </span>
     <span class='ocr_line' id='line_1_10' title="bbox 302 1329 1639 1418; baseline 0.004 -24"><span class='ocrx_word' id='word_1_95' title='bbox 302 1331 418 1395; x_wconf 86' lang='lat' dir='ltr'>leratos</span> <span class='ocrx_word' id='word_1_96' title='bbox 447 1337 530 1396; x_wconf 87' lang='lat' dir='ltr'>cives</span> <span class='ocrx_word' id='word_1_97' title='bbox 559 1331 672 1397; x_wconf 89' lang='lat' dir='ltr'>timore</span> <span class='ocrx_word' id='word_1_98' title='bbox 700 1329 739 1396; x_wconf 90' lang='lat' dir='ltr'>ab</span> <span class='ocrx_word' id='word_1_99' title='bbox 761 1331 973 1417; x_wconf 88' lang='lat' dir='ltr'>impugnanda</span> <span class='ocrx_word' id='word_1_100' title='bbox 993 1332 1093 1418; x_wconf 88' lang='lat' dir='ltr'>patria</span> <span class='ocrx_word' id='word_1_101' title='bbox 1114 1332 1325 1410; x_wconf 71' lang='lat' dir='ltr'>deterrerem</span> <span class='ocrx_word' id='word_1_102' title='bbox 1355 1342 1388 1397; x_wconf 91' lang='lat' dir='ltr'>et</span> <span class='ocrx_word' id='word_1_103' title='bbox 1413 1333 1446 1398; x_wconf 94' lang='lat' dir='ltr'>in</span> <span class='ocrx_word' id='word_1_104' title='bbox 1466 1342 1639 1417; x_wconf 89' lang='lat' dir='ltr'>posterum</span> 
     </span>
     <span class='ocr_line' id='line_1_11' title="bbox 266 1424 1640 1511; baseline 0.006 -26"><span class='ocrx_word' id='word_1_105' title='bbox 266 1443 292 1486; x_wconf 83' lang='lat' dir='ltr'>ro</span> <span class='ocrx_word' id='word_1_106' title='bbox 304 1424 525 1491; x_wconf 83' lang='lat' dir='ltr'>documentum</span> <span class='ocrx_word' id='word_1_107' title='bbox 541 1435 725 1496; x_wconf 88' lang='lat' dir='ltr'>statuerem,</span> <span class='ocrx_word' id='word_1_108' title='bbox 742 1447 781 1489; x_wconf 89' lang='lat' dir='ltr'>ue</span> <span class='ocrx_word' id='word_1_109' title='bbox 795 1426 866 1511; x_wconf 86' lang='lat' dir='ltr'>quis</span> <span class='ocrx_word' id='word_1_110' title='bbox 881 1426 975 1491; x_wconf 89' lang='lat' dir='ltr'>talem</span> <span class='ocrx_word' id='word_1_111' title='bbox 988 1426 1155 1492; x_wconf 84' lang='lat' dir='ltr'>amentiam</span> <span class='ocrx_word' id='word_1_112' title='bbox 1170 1425 1264 1492; x_wconf 83' lang='lat' dir='ltr'>vellet</span> <span class='ocrx_word' id='word_1_113' title='bbox 1278 1426 1405 1492; x_wconf 90' lang='lat' dir='ltr'>imitari.</span> <span class='ocrx_word' id='word_1_114' title='bbox 1440 1431 1488 1491; x_wconf 92' lang='grc'>11.</span> <span class='ocrx_word' id='word_1_115' title='bbox 1512 1429 1640 1504; x_wconf 86' lang='lat' dir='ltr'>Quam-</span> 
     </span>
     <span class='ocr_line' id='line_1_12' title="bbox 303 1517 1637 1608; baseline 0.003 -26"><span class='ocrx_word' id='word_1_116' title='bbox 303 1539 398 1604; x_wconf 90' lang='lat' dir='ltr'>quam</span> <span class='ocrx_word' id='word_1_117' title='bbox 421 1517 498 1582; x_wconf 89' lang='lat' dir='ltr'>haec</span> <span class='ocrx_word' id='word_1_118' title='bbox 519 1519 645 1604; x_wconf 87' lang='lat' dir='ltr'>quidem</span> <span class='ocrx_word' id='word_1_119' title='bbox 669 1520 820 1584; x_wconf 88' lang='lat' dir='ltr'>sententia</span> <span class='ocrx_word' id='word_1_120' title='bbox 843 1541 906 1585; x_wconf 91' lang='lat' dir='ltr'>non</span> <span class='ocrx_word' id='word_1_121' title='bbox 929 1520 1027 1605; x_wconf 89' lang='lat' dir='ltr'>magis</span> <span class='ocrx_word' id='word_1_122' title='bbox 1048 1541 1118 1585; x_wconf 92' lang='lat' dir='ltr'>mea</span> <span class='ocrx_word' id='word_1_123' title='bbox 1139 1519 1200 1586; x_wconf 88' lang='lat' dir='ltr'>luit</span> <span class='ocrx_word' id='word_1_124' title='bbox 1220 1541 1313 1606; x_wconf 91' lang='lat' dir='ltr'>quam</span> <span class='ocrx_word' id='word_1_125' title='bbox 1335 1519 1491 1598; x_wconf 88' lang='lat' dir='ltr'>omnium;</span> <span class='ocrx_word' id='word_1_126' title='bbox 1513 1520 1548 1586; x_wconf 90' lang='lat' dir='ltr'>iu</span> <span class='ocrx_word' id='word_1_127' title='bbox 1570 1543 1637 1608; x_wconf 88' lang='lat' dir='ltr'>qna</span> 
     </span>
     <span class='ocr_line' id='line_1_13' title="bbox 303 1610 1635 1702; baseline 0.004 -26"><span class='ocrx_word' id='word_1_128' title='bbox 303 1610 429 1677; x_wconf 88' lang='lat' dir='ltr'>videtur</span> <span class='ocrx_word' id='word_1_129' title='bbox 450 1611 527 1678; x_wconf 92' lang='lat' dir='ltr'>illud</span> <span class='ocrx_word' id='word_1_130' title='bbox 549 1633 617 1678; x_wconf 90' lang='lat' dir='ltr'>esse</span> <span class='ocrx_word' id='word_1_131' title='bbox 639 1613 781 1686; x_wconf 88' lang='lat' dir='ltr'>cmdele‚</span> <span class='ocrx_word' id='word_1_132' title='bbox 804 1613 889 1700; x_wconf 88' lang='lat' dir='ltr'>quod</span> <span class='ocrx_word' id='word_1_133' title='bbox 911 1613 950 1678; x_wconf 90' lang='lat' dir='ltr'>ad</span> <span class='ocrx_word' id='word_1_134' title='bbox 972 1613 1106 1688; x_wconf 91' lang='lat' dir='ltr'>liberos,</span> <span class='ocrx_word' id='word_1_135' title='bbox 1129 1614 1183 1702; x_wconf 87' lang='lat' dir='ltr'>qui</span> <span class='ocrx_word' id='word_1_136' title='bbox 1205 1613 1282 1680; x_wconf 93' lang='lat' dir='ltr'>nihil</span> <span class='ocrx_word' id='word_1_137' title='bbox 1304 1623 1504 1688; x_wconf 89' lang='lat' dir='ltr'>meruerunt,</span> <span class='ocrx_word' id='word_1_138' title='bbox 1527 1633 1635 1700; x_wconf 83' lang='lat' dir='ltr'>poena</span> 
     </span>
     <span class='ocr_line' id='line_1_14' title="bbox 303 1706 1635 1794; baseline 0.003 -24"><span class='ocrx_word' id='word_1_139' title='bbox 303 1706 456 1790; x_wconf 83' lang='lat' dir='ltr'>pervenit.</span> <span class='ocrx_word' id='word_1_140' title='bbox 500 1706 561 1772; x_wconf 88' lang='lat' dir='ltr'>Sed</span> <span class='ocrx_word' id='word_1_141' title='bbox 583 1706 614 1771; x_wconf 93' lang='lat' dir='ltr'>id</span> <span class='ocrx_word' id='word_1_142' title='bbox 638 1715 669 1771; x_wconf 89' lang='lat' dir='ltr'>ot</span> <span class='ocrx_word' id='word_1_143' title='bbox 690 1708 850 1793; x_wconf 88' lang='lat' dir='ltr'>antiquum</span> <span class='ocrx_word' id='word_1_144' title='bbox 872 1716 971 1773; x_wconf 89' lang='lat' dir='ltr'>estet</span> <span class='ocrx_word' id='word_1_145' title='bbox 993 1709 1133 1774; x_wconf 89' lang='lat' dir='ltr'>omnium</span> <span class='ocrx_word' id='word_1_146' title='bbox 1155 1709 1334 1786; x_wconf 84' lang='lat' dir='ltr'>civitatum;</span> <span class='ocrx_word' id='word_1_147' title='bbox 1357 1707 1512 1794; x_wconf 88' lang='lat' dir='ltr'>siquidem</span> <span class='ocrx_word' id='word_1_148' title='bbox 1534 1709 1635 1774; x_wconf 88' lang='lat' dir='ltr'>etiam</span> 
     </span>
     <span class='ocr_line' id='line_1_15' title="bbox 304 1797 1637 1889; baseline 0.007 -27"><span class='ocrx_word' id='word_1_149' title='bbox 304 1797 504 1864; x_wconf 83' lang='lat' dir='ltr'>Themistocli</span> <span class='ocrx_word' id='word_1_150' title='bbox 531 1799 623 1865; x_wconf 91' lang='lat' dir='ltr'>liberi</span> <span class='ocrx_word' id='word_1_151' title='bbox 651 1811 816 1886; x_wconf 86' lang='lat' dir='ltr'>eguerunt.</span> <span class='ocrx_word' id='word_1_152' title='bbox 860 1804 913 1875; x_wconf 89' lang='lat' dir='ltr'>Et,</span> <span class='ocrx_word' id='word_1_153' title='bbox 945 1803 970 1868; x_wconf 92' lang='lat' dir='ltr'>si</span> <span class='ocrx_word' id='word_1_154' title='bbox 992 1801 1111 1868; x_wconf 91' lang='lat' dir='ltr'>iudicio</span> <span class='ocrx_word' id='word_1_155' title='bbox 1139 1802 1300 1867; x_wconf 88' lang='lat' dir='ltr'>damnatos</span> <span class='ocrx_word' id='word_1_156' title='bbox 1328 1801 1437 1867; x_wconf 91' lang='lat' dir='ltr'>eadem</span> <span class='ocrx_word' id='word_1_157' title='bbox 1459 1823 1561 1889; x_wconf 86' lang='lat' dir='ltr'>poena</span> <span class='ocrx_word' id='word_1_158' title='bbox 1584 1825 1637 1871; x_wconf 85' lang='lat' dir='ltr'>se-</span> 
     </span>
     <span class='ocr_line' id='line_1_16' title="bbox 268 1894 1635 1985; baseline 0.009 -33"><span class='ocrx_word' id='word_1_159' title='bbox 268 1894 411 1980; x_wconf 75' lang='lat' dir='ltr'>oquitur</span> <span class='ocrx_word' id='word_1_160' title='bbox 432 1895 532 1968; x_wconf 89' lang='lat' dir='ltr'>cives,</span> <span class='ocrx_word' id='word_1_161' title='bbox 562 1903 615 1980; x_wconf 88' lang='lat' dir='ltr'>qut</span> <span class='ocrx_word' id='word_1_162' title='bbox 645 1896 805 1981; x_wconf 91' lang='lat' dir='ltr'>potuimus</span> <span class='ocrx_word' id='word_1_163' title='bbox 826 1895 963 1961; x_wconf 85' lang='lat' dir='ltr'>leniores</span> <span class='ocrx_word' id='word_1_164' title='bbox 990 1917 1059 1962; x_wconf 89' lang='lat' dir='ltr'>esse</span> <span class='ocrx_word' id='word_1_165' title='bbox 1088 1897 1121 1961; x_wconf 93' lang='lat' dir='ltr'>in</span> <span class='ocrx_word' id='word_1_166' title='bbox 1142 1896 1271 1962; x_wconf 85' lang='lat' dir='ltr'>hostes‘t</span> <span class='ocrx_word' id='word_1_167' title='bbox 1307 1895 1393 1972; x_wconf 88' lang='lat' dir='ltr'>Quid</span> <span class='ocrx_word' id='word_1_168' title='bbox 1414 1905 1518 1962; x_wconf 88' lang='lat' dir='ltr'>autem</span> <span class='ocrx_word' id='word_1_169' title='bbox 1540 1904 1635 1985; x_wconf 89' lang='lat' dir='ltr'>queri</span> 
     </span>
     <span class='ocr_line' id='line_1_17' title="bbox 303 1988 1633 2075; baseline 0.003 -21"><span class='ocrx_word' id='word_1_170' title='bbox 303 1989 468 2074; x_wconf 89' lang='lat' dir='ltr'>quisquam</span> <span class='ocrx_word' id='word_1_171' title='bbox 490 1999 593 2075; x_wconf 90' lang='lat' dir='ltr'>potest</span> <span class='ocrx_word' id='word_1_172' title='bbox 616 1988 655 2053; x_wconf 92' lang='lat' dir='ltr'>de</span> <span class='ocrx_word' id='word_1_173' title='bbox 677 2011 743 2062; x_wconf 91' lang='lat' dir='ltr'>me,</span> <span class='ocrx_word' id='word_1_174' title='bbox 772 1988 840 2074; x_wconf 88' lang='lat' dir='ltr'>qui,</span> <span class='ocrx_word' id='word_1_175' title='bbox 870 1989 897 2053; x_wconf 91' lang='lat' dir='ltr'>si</span> <span class='ocrx_word' id='word_1_176' title='bbox 919 1989 1059 2062; x_wconf 82' lang='lat' dir='ltr'>vicisset,</span> <span class='ocrx_word' id='word_1_177' title='bbox 1088 1988 1284 2056; x_wconf 89' lang='lat' dir='ltr'>acerbiorem</span> <span class='ocrx_word' id='word_1_178' title='bbox 1306 2009 1341 2054; x_wconf 89' lang='lat' dir='ltr'>se</span> <span class='ocrx_word' id='word_1_179' title='bbox 1361 1993 1394 2053; x_wconf 92' lang='lat' dir='ltr'>in</span> <span class='ocrx_word' id='word_1_180' title='bbox 1416 2011 1469 2054; x_wconf 92' lang='lat' dir='ltr'>me</span> <span class='ocrx_word' id='word_1_181' title='bbox 1490 1989 1633 2057; x_wconf 83' lang='lat' dir='ltr'>futurum</span> 
     </span>
     <span class='ocr_line' id='line_1_18' title="bbox 302 2081 1632 2160; baseline 0.004 -14"><span class='ocrx_word' id='word_1_182' title='bbox 302 2081 399 2148; x_wconf 88' lang='lat' dir='ltr'>luisse</span> <span class='ocrx_word' id='word_1_183' title='bbox 421 2081 606 2149; x_wconf 86' lang='lat' dir='ltr'>confiteatur</span> <span class='ocrx_word' id='word_1_184' title='bbox 626 2104 754 2149; x_wconf 88' lang='lat' dir='ltr'>necesse</span> <span class='ocrx_word' id='word_1_185' title='bbox 776 2089 843 2148; x_wconf 78' lang='lat' dir='ltr'>est?</span> <span class='ocrx_word' id='word_1_186' title='bbox 865 2082 969 2148; x_wconf 87' lang='lat' dir='ltr'>Habes</span> <span class='ocrx_word' id='word_1_187' title='bbox 990 2085 1145 2150; x_wconf 91' lang='lat' dir='ltr'>rationem</span> <span class='ocrx_word' id='word_1_188' title='bbox 1168 2105 1310 2150; x_wconf 88' lang='lat' dir='ltr'>mearum</span> <span class='ocrx_word' id='word_1_189' title='bbox 1327 2089 1568 2160; x_wconf 85' lang='lat' dir='ltr'>sententiarum,</span> <span class='ocrx_word' id='word_1_190' title='bbox 1591 2085 1632 2151; x_wconf 91' lang='lat' dir='ltr'>de</span> 
     </span>
     <span class='ocr_line' id='line_1_19' title="bbox 303 2175 1629 2265; baseline 0.002 -24"><span class='ocrx_word' id='word_1_191' title='bbox 303 2175 364 2242; x_wconf 91' lang='lat' dir='ltr'>hoc</span> <span class='ocrx_word' id='word_1_192' title='bbox 390 2197 506 2262; x_wconf 89' lang='lat' dir='ltr'>genere</span> <span class='ocrx_word' id='word_1_193' title='bbox 535 2179 696 2244; x_wconf 82' lang='lat' dir='ltr'>dumtaxat</span> <span class='ocrx_word' id='word_1_194' title='bbox 723 2176 854 2244; x_wconf 90' lang='lat' dir='ltr'>honoris</span> <span class='ocrx_word' id='word_1_195' title='bbox 882 2186 913 2242; x_wconf 87' lang='lat' dir='ltr'>et</span> <span class='ocrx_word' id='word_1_196' title='bbox 940 2199 1072 2264; x_wconf 86' lang='lat' dir='ltr'>poenae.</span> <span class='ocrx_word' id='word_1_197' title='bbox 1116 2185 1191 2245; x_wconf 89' lang='lat' dir='ltr'>Nam</span> <span class='ocrx_word' id='word_1_198' title='bbox 1222 2177 1261 2243; x_wconf 88' lang='lat' dir='ltr'>de</span> <span class='ocrx_word' id='word_1_199' title='bbox 1289 2177 1403 2242; x_wconf 87' lang='lat' dir='ltr'>ceteris</span> <span class='ocrx_word' id='word_1_200' title='bbox 1432 2176 1528 2244; x_wconf 92' lang='lat' dir='ltr'>rebus</span> <span class='ocrx_word' id='word_1_201' title='bbox 1554 2179 1629 2265; x_wconf 83' lang='lat' dir='ltr'>quid</span> 
     </span>
     <span class='ocr_line' id='line_1_20' title="bbox 304 2269 1625 2360; baseline 0.002 -26"><span class='ocrx_word' id='word_1_202' title='bbox 304 2272 456 2337; x_wconf 87' lang='lat' dir='ltr'>senserim</span> <span class='ocrx_word' id='word_1_203' title='bbox 478 2271 617 2360; x_wconf 86' lang='lat' dir='ltr'>quidque</span> <span class='ocrx_word' id='word_1_204' title='bbox 639 2272 831 2346; x_wconf 87' lang='lat' dir='ltr'>censuerim,</span> <span class='ocrx_word' id='word_1_205' title='bbox 855 2271 979 2337; x_wconf 89' lang='lat' dir='ltr'>audisse</span> <span class='ocrx_word' id='word_1_206' title='bbox 1001 2281 1032 2337; x_wconf 94' lang='lat' dir='ltr'>te</span> <span class='ocrx_word' id='word_1_207' title='bbox 1054 2271 1203 2337; x_wconf 88' lang='lat' dir='ltr'>arbitror.</span> <span class='ocrx_word' id='word_1_208' title='bbox 1248 2274 1298 2336; x_wconf 92' lang='grc'>12.</span> <span class='ocrx_word' id='word_1_209' title='bbox 1321 2269 1383 2336; x_wconf 89' lang='lat' dir='ltr'>Sed</span> <span class='ocrx_word' id='word_1_210' title='bbox 1405 2269 1484 2336; x_wconf 88' lang='lat' dir='ltr'>haec</span> <span class='ocrx_word' id='word_1_211' title='bbox 1504 2271 1625 2358; x_wconf 86' lang='lat' dir='ltr'>quidem</span> 
     </span>
     <span class='ocr_line' id='line_1_21' title="bbox 264 2364 1622 2442; baseline 0.003 -16"><span class='ocrx_word' id='word_1_212' title='bbox 264 2380 367 2429; x_wconf 78' lang='lat' dir='ltr'>eonon</span> <span class='ocrx_word' id='word_1_213' title='bbox 394 2369 437 2429; x_wconf 89' lang='lat' dir='ltr'>ita</span> <span class='ocrx_word' id='word_1_214' title='bbox 466 2365 657 2442; x_wconf 73' lang='lat' dir='ltr'>necessaria:</span> <span class='ocrx_word' id='word_1_215' title='bbox 686 2366 763 2431; x_wconf 92' lang='lat' dir='ltr'>illud</span> <span class='ocrx_word' id='word_1_216' title='bbox 790 2365 881 2430; x_wconf 83' lang='lat' dir='ltr'>valde</span> <span class='ocrx_word' id='word_1_217' title='bbox 910 2367 1138 2440; x_wconf 88' lang='lat' dir='ltr'>necessarium,</span> <span class='ocrx_word' id='word_1_218' title='bbox 1167 2371 1279 2439; x_wconf 91' lang='lat' dir='ltr'>Brute,</span> <span class='ocrx_word' id='word_1_219' title='bbox 1311 2373 1342 2430; x_wconf 87' lang='lat' dir='ltr'>te</span> <span class='ocrx_word' id='word_1_220' title='bbox 1363 2364 1399 2429; x_wconf 90' lang='lat' dir='ltr'>in</span> <span class='ocrx_word' id='word_1_221' title='bbox 1418 2365 1535 2430; x_wconf 84' lang='lat' dir='ltr'>ltaliam</span> <span class='ocrx_word' id='word_1_222' title='bbox 1555 2385 1622 2430; x_wconf 89' lang='lat' dir='ltr'>cum</span> 
     </span>
     <span class='ocr_line' id='line_1_22' title="bbox 304 2457 1620 2545; baseline 0 -23"><span class='ocrx_word' id='word_1_223' title='bbox 304 2457 446 2524; x_wconf 84' lang='lat' dir='ltr'>exercitu</span> <span class='ocrx_word' id='word_1_224' title='bbox 476 2459 583 2523; x_wconf 85' lang='lat' dir='ltr'>venire</span> <span class='ocrx_word' id='word_1_225' title='bbox 605 2479 700 2544; x_wconf 89' lang='lat' dir='ltr'>quam</span> <span class='ocrx_word' id='word_1_226' title='bbox 722 2457 870 2544; x_wconf 91' lang='lat' dir='ltr'>primum.</span> <span class='ocrx_word' id='word_1_227' title='bbox 914 2463 1040 2524; x_wconf 87' lang='lat' dir='ltr'>Summa</span> <span class='ocrx_word' id='word_1_228' title='bbox 1063 2468 1110 2524; x_wconf 94' lang='lat' dir='ltr'>est</span> <span class='ocrx_word' id='word_1_229' title='bbox 1132 2457 1324 2545; x_wconf 85' lang='lat' dir='ltr'>exspectatio</span> <span class='ocrx_word' id='word_1_230' title='bbox 1345 2457 1407 2538; x_wconf 82' lang='lat' dir='ltr'>tui3</span> <span class='ocrx_word' id='word_1_231' title='bbox 1439 2458 1544 2544; x_wconf 78' lang='lat' dir='ltr'>quodsi</span> <span class='ocrx_word' id='word_1_232' title='bbox 1562 2463 1620 2522; x_wconf 82' lang='lat' dir='ltr'>lta·</span> 
     </span>
     <span class='ocr_line' id='line_1_23' title="bbox 304 2549 1612 2637; baseline -0.001 -21"><span class='ocrx_word' id='word_1_233' title='bbox 304 2550 377 2616; x_wconf 89' lang='lat' dir='ltr'>liam</span> <span class='ocrx_word' id='word_1_234' title='bbox 407 2552 563 2637; x_wconf 89' lang='lat' dir='ltr'>attigeris,</span> <span class='ocrx_word' id='word_1_235' title='bbox 591 2550 631 2616; x_wconf 90' lang='lat' dir='ltr'>ad</span> <span class='ocrx_word' id='word_1_236' title='bbox 659 2560 691 2616; x_wconf 90' lang='lat' dir='ltr'>te</span> <span class='ocrx_word' id='word_1_237' title='bbox 719 2570 890 2616; x_wconf 90' lang='lat' dir='ltr'>concursus</span> <span class='ocrx_word' id='word_1_238' title='bbox 918 2549 972 2616; x_wconf 88' lang='lat' dir='ltr'>fiet</span> <span class='ocrx_word' id='word_1_239' title='bbox 999 2552 1149 2617; x_wconf 89' lang='lat' dir='ltr'>omnium.</span> <span class='ocrx_word' id='word_1_240' title='bbox 1193 2555 1265 2618; x_wconf 88' lang='lat' dir='ltr'>Sive</span> <span class='ocrx_word' id='word_1_241' title='bbox 1294 2551 1379 2618; x_wconf 87' lang='lat' dir='ltr'>euim</span> <span class='ocrx_word' id='word_1_242' title='bbox 1400 2551 1556 2618; x_wconf 79' lang='lat' dir='ltr'>vicerimus</span> <span class='ocrx_word' id='word_1_243' title='bbox 1575 2583 1612 2596; x_wconf 93' lang='lat'><em>-</em></span> 
     </span>
     <span class='ocr_line' id='line_1_24' title="bbox 304 2643 1613 2733; baseline -0.002 -23"><span class='ocrx_word' id='word_1_244' title='bbox 304 2643 359 2728; x_wconf 82' lang='lat' dir='ltr'>qui</span> <span class='ocrx_word' id='word_1_245' title='bbox 387 2644 513 2730; x_wconf 90' lang='lat' dir='ltr'>quidem</span> <span class='ocrx_word' id='word_1_246' title='bbox 534 2643 746 2732; x_wconf 84' lang='lat' dir='ltr'>pulcherrime</span> <span class='ocrx_word' id='word_1_247' title='bbox 767 2648 957 2719; x_wconf 78' lang='lat' dir='ltr'>viceramus,</span> <span class='ocrx_word' id='word_1_248' title='bbox 981 2645 1041 2710; x_wconf 90' lang='lat' dir='ltr'>nisi</span> <span class='ocrx_word' id='word_1_249' title='bbox 1061 2645 1198 2732; x_wconf 87' lang='lat' dir='ltr'>Lepidus</span> <span class='ocrx_word' id='word_1_250' title='bbox 1218 2645 1355 2733; x_wconf 90' lang='lat' dir='ltr'>perdere</span> <span class='ocrx_word' id='word_1_251' title='bbox 1378 2645 1477 2712; x_wconf 85' lang='lat' dir='ltr'>omnia</span> <span class='ocrx_word' id='word_1_252' title='bbox 1495 2653 1526 2710; x_wconf 90' lang='lat' dir='ltr'>et</span> <span class='ocrx_word' id='word_1_253' title='bbox 1544 2663 1613 2729; x_wconf 89' lang='lat' dir='ltr'>per-</span> 
     </span>
     <span class='ocr_line' id='line_1_25' title="bbox 303 2735 1622 2826; baseline -0.002 -22"><span class='ocrx_word' id='word_1_254' title='bbox 303 2739 352 2804; x_wconf 90' lang='lat' dir='ltr'>ire</span> <span class='ocrx_word' id='word_1_255' title='bbox 378 2741 447 2825; x_wconf 88' lang='lat' dir='ltr'>ipse</span> <span class='ocrx_word' id='word_1_256' title='bbox 475 2759 545 2805; x_wconf 86' lang='lat' dir='ltr'>cum</span> <span class='ocrx_word' id='word_1_257' title='bbox 568 2740 632 2806; x_wconf 90' lang='lat' dir='ltr'>suis</span> <span class='ocrx_word' id='word_1_258' title='bbox 660 2738 890 2825; x_wconf 86' lang='lat' dir='ltr'>concupivisset</span> <span class='ocrx_word' id='word_1_259' title='bbox 910 2775 968 2814; x_wconf 94' lang='lat'>-,</span> <span class='ocrx_word' id='word_1_260' title='bbox 997 2745 1052 2804; x_wconf 87' lang='lat' dir='ltr'>tua</span> <span class='ocrx_word' id='word_1_261' title='bbox 1078 2738 1170 2805; x_wconf 91' lang='lat' dir='ltr'>nohis</span> <span class='ocrx_word' id='word_1_262' title='bbox 1198 2739 1383 2805; x_wconf 88' lang='lat' dir='ltr'>auctoritate</span> <span class='ocrx_word' id='word_1_263' title='bbox 1411 2759 1489 2826; x_wconf 91' lang='lat' dir='ltr'>opus</span> <span class='ocrx_word' id='word_1_264' title='bbox 1515 2747 1561 2803; x_wconf 85' lang='lat' dir='ltr'>est</span> <span class='ocrx_word' id='word_1_265' title='bbox 1582 2735 1622 2801; x_wconf 90' lang='lat' dir='ltr'>ad</span> 
     </span>
     <span class='ocr_line' id='line_1_26' title="bbox 265 2831 1619 2920; baseline 0.002 -26"><span class='ocrx_word' id='word_1_266' title='bbox 265 2832 521 2899; x_wconf 82' lang='lat' dir='ltr'>ascodocandum</span> <span class='ocrx_word' id='word_1_267' title='bbox 542 2832 678 2920; x_wconf 88' lang='lat' dir='ltr'>aliquem</span> <span class='ocrx_word' id='word_1_268' title='bbox 700 2832 832 2897; x_wconf 83' lang='lat' dir='ltr'>civitatis</span> <span class='ocrx_word' id='word_1_269' title='bbox 854 2841 983 2898; x_wconf 86' lang='lat' dir='ltr'>statum:</span> <span class='ocrx_word' id='word_1_270' title='bbox 1005 2833 1072 2898; x_wconf 87' lang='lat' dir='ltr'>sive</span> <span class='ocrx_word' id='word_1_271' title='bbox 1094 2833 1271 2902; x_wconf 87' lang='lat' dir='ltr'>etiamnunc</span> <span class='ocrx_word' id='word_1_272' title='bbox 1292 2840 1451 2899; x_wconf 87' lang='lat' dir='ltr'>certamen</span> <span class='ocrx_word' id='word_1_273' title='bbox 1473 2831 1619 2918; x_wconf 88' lang='lat' dir='ltr'>reliquum</span> 
     </span>
     <span class='ocr_line' id='line_1_27' title="bbox 304 2927 1622 3014; baseline -0.001 -21"><span class='ocrx_word' id='word_1_274' title='bbox 304 2937 365 3003; x_wconf 92' lang='lat' dir='ltr'>est,</span> <span class='ocrx_word' id='word_1_275' title='bbox 393 2928 530 2994; x_wconf 81' lang='lat' dir='ltr'>maxima</span> <span class='ocrx_word' id='word_1_276' title='bbox 551 2949 623 3014; x_wconf 90' lang='lat' dir='ltr'>spes</span> <span class='ocrx_word' id='word_1_277' title='bbox 645 2938 692 2993; x_wconf 89' lang='lat' dir='ltr'>est</span> <span class='ocrx_word' id='word_1_278' title='bbox 714 2947 786 2992; x_wconf 92' lang='lat' dir='ltr'>cum</span> <span class='ocrx_word' id='word_1_279' title='bbox 808 2927 840 2992; x_wconf 90' lang='lat' dir='ltr'>in</span> <span class='ocrx_word' id='word_1_280' title='bbox 862 2928 1046 2994; x_wconf 87' lang='lat' dir='ltr'>anctoritate</span> <span class='ocrx_word' id='word_1_281' title='bbox 1068 2937 1137 3003; x_wconf 86' lang='lat' dir='ltr'>tua,</span> <span class='ocrx_word' id='word_1_282' title='bbox 1165 2937 1231 2993; x_wconf 90' lang='lat' dir='ltr'>tum</span> <span class='ocrx_word' id='word_1_283' title='bbox 1252 2928 1285 2993; x_wconf 90' lang='lat' dir='ltr'>in</span> <span class='ocrx_word' id='word_1_284' title='bbox 1308 2928 1467 2995; x_wconf 86' lang='lat' dir='ltr'>exercitus</span> <span class='ocrx_word' id='word_1_285' title='bbox 1488 2928 1535 2994; x_wconf 90' lang='lat' dir='ltr'>tui</span> <span class='ocrx_word' id='word_1_286' title='bbox 1554 2927 1622 2992; x_wconf 80' lang='lat' dir='ltr'>riri·</span> 
     </span>
     <span class='ocr_line' id='line_1_28' title="bbox 303 3021 1625 3110; baseline 0 -24"><span class='ocrx_word' id='word_1_287' title='bbox 303 3021 373 3088; x_wconf 89' lang='lat' dir='ltr'>hus.</span> <span class='ocrx_word' id='word_1_288' title='bbox 410 3021 473 3087; x_wconf 84' lang='lat' dir='ltr'>Sed</span> <span class='ocrx_word' id='word_1_289' title='bbox 486 3043 639 3108; x_wconf 87' lang='lat' dir='ltr'>propera,</span> <span class='ocrx_word' id='word_1_290' title='bbox 661 3041 720 3108; x_wconf 90' lang='lat' dir='ltr'>per</span> <span class='ocrx_word' id='word_1_291' title='bbox 741 3021 831 3086; x_wconf 90' lang='lat' dir='ltr'>deosi</span> <span class='ocrx_word' id='word_1_292' title='bbox 854 3021 937 3095; x_wconf 89' lang='lat' dir='ltr'>Seis,</span> <span class='ocrx_word' id='word_1_293' title='bbox 960 3031 1110 3109; x_wconf 87' lang='lat' dir='ltr'>quantum</span> <span class='ocrx_word' id='word_1_294' title='bbox 1132 3022 1225 3087; x_wconf 91' lang='lat' dir='ltr'>sitin</span> <span class='ocrx_word' id='word_1_295' title='bbox 1246 3021 1459 3108; x_wconf 89' lang='lat' dir='ltr'>temporibus,</span> <span class='ocrx_word' id='word_1_296' title='bbox 1481 3031 1625 3110; x_wconf 86' lang='lat' dir='ltr'>qnantum</span> 
     </span>
     <span class='ocr_line' id='line_1_29' title="bbox 303 3115 1629 3202; baseline -0.001 -21"><span class='ocrx_word' id='word_1_297' title='bbox 303 3119 336 3181; x_wconf 94' lang='lat' dir='ltr'>in</span> <span class='ocrx_word' id='word_1_298' title='bbox 358 3115 526 3181; x_wconf 89' lang='lat' dir='ltr'>celeritate.</span> <span class='ocrx_word' id='word_1_299' title='bbox 572 3121 621 3181; x_wconf 86' lang='grc'>13.</span> <span class='ocrx_word' id='word_1_300' title='bbox 644 3116 771 3181; x_wconf 88' lang='lat' dir='ltr'>Sororis</span> <span class='ocrx_word' id='word_1_301' title='bbox 793 3125 866 3180; x_wconf 91' lang='lat' dir='ltr'>tuae</span> <span class='ocrx_word' id='word_1_302' title='bbox 887 3115 959 3182; x_wconf 90' lang='lat' dir='ltr'>filiis</span> <span class='ocrx_word' id='word_1_303' title='bbox 981 3137 1075 3202; x_wconf 89' lang='lat' dir='ltr'>quam</span> <span class='ocrx_word' id='word_1_304' title='bbox 1097 3116 1264 3202; x_wconf 83' lang='lat' dir='ltr'>diligenter</span> <span class='ocrx_word' id='word_1_305' title='bbox 1284 3117 1463 3190; x_wconf 90' lang='lat' dir='ltr'>consulam,</span> <span class='ocrx_word' id='word_1_306' title='bbox 1486 3137 1580 3202; x_wconf 92' lang='lat' dir='ltr'>spero</span> <span class='ocrx_word' id='word_1_307' title='bbox 1599 3124 1629 3180; x_wconf 89' lang='lat' dir='ltr'>te</span> 
     </span>
     <span class='ocr_line' id='line_1_30' title="bbox 304 3209 1630 3294; baseline 0 -20"><span class='ocrx_word' id='word_1_308' title='bbox 304 3231 346 3274; x_wconf 83' lang='lat' dir='ltr'>ex</span> <span class='ocrx_word' id='word_1_309' title='bbox 366 3210 476 3275; x_wconf 90' lang='lat' dir='ltr'>matris</span> <span class='ocrx_word' id='word_1_310' title='bbox 498 3219 530 3275; x_wconf 92' lang='lat' dir='ltr'>et</span> <span class='ocrx_word' id='word_1_311' title='bbox 551 3231 591 3274; x_wconf 81' lang='lat' dir='ltr'>ex</span> <span class='ocrx_word' id='word_1_312' title='bbox 613 3210 734 3275; x_wconf 91' lang='lat' dir='ltr'>sororis</span> <span class='ocrx_word' id='word_1_313' title='bbox 755 3209 869 3275; x_wconf 91' lang='lat' dir='ltr'>litteris</span> <span class='ocrx_word' id='word_1_314' title='bbox 891 3211 1099 3294; x_wconf 89' lang='lat' dir='ltr'>cogniturum.</span> <span class='ocrx_word' id='word_1_315' title='bbox 1144 3213 1214 3288; x_wconf 89' lang='lat' dir='ltr'>Qua</span> <span class='ocrx_word' id='word_1_316' title='bbox 1236 3210 1269 3276; x_wconf 93' lang='lat' dir='ltr'>iu</span> <span class='ocrx_word' id='word_1_317' title='bbox 1289 3230 1382 3276; x_wconf 88' lang='lat' dir='ltr'>causa</span> <span class='ocrx_word' id='word_1_318' title='bbox 1404 3211 1557 3277; x_wconf 87' lang='lat' dir='ltr'>maiorem</span> <span class='ocrx_word' id='word_1_319' title='bbox 1579 3210 1630 3275; x_wconf 90' lang='lat' dir='ltr'>ha-</span> 
     </span>
     <span class='ocr_line' id='line_1_31' title="bbox 266 3302 1631 3390; baseline 0.004 -28"><span class='ocrx_word' id='word_1_320' title='bbox 266 3302 365 3369; x_wconf 85' lang='lat' dir='ltr'>sobeo</span> <span class='ocrx_word' id='word_1_321' title='bbox 393 3303 546 3370; x_wconf 90' lang='lat' dir='ltr'>rationem</span> <span class='ocrx_word' id='word_1_322' title='bbox 574 3312 647 3369; x_wconf 88' lang='lat' dir='ltr'>tuae</span> <span class='ocrx_word' id='word_1_323' title='bbox 669 3303 850 3378; x_wconf 85' lang='lat' dir='ltr'>voluntatis,</span> <span class='ocrx_word' id='word_1_324' title='bbox 880 3323 961 3390; x_wconf 90' lang='lat' dir='ltr'>quae</span> <span class='ocrx_word' id='word_1_325' title='bbox 989 3303 1065 3368; x_wconf 87' lang='lat' dir='ltr'>milri</span> <span class='ocrx_word' id='word_1_326' title='bbox 1094 3303 1254 3370; x_wconf 88' lang='lat' dir='ltr'>carissima</span> <span class='ocrx_word' id='word_1_327' title='bbox 1276 3314 1337 3379; x_wconf 89' lang='lat' dir='ltr'>est,</span> <span class='ocrx_word' id='word_1_328' title='bbox 1367 3324 1477 3390; x_wconf 69' lang='lat' dir='ltr'>quarm</span> <span class='ocrx_word' id='word_1_329' title='bbox 1505 3314 1543 3371; x_wconf 93' lang='lat' dir='ltr'>ut</span> <span class='ocrx_word' id='word_1_330' title='bbox 1563 3303 1631 3390; x_wconf 88' lang='lat' dir='ltr'>qui-</span> 
     </span>
     <span class='ocr_line' id='line_1_32' title="bbox 304 3396 1630 3486; baseline -0.001 -25"><span class='ocrx_word' id='word_1_331' title='bbox 304 3396 437 3462; x_wconf 88' lang='lat' dir='ltr'>busdam</span> <span class='ocrx_word' id='word_1_332' title='bbox 462 3396 588 3470; x_wconf 83' lang='lat' dir='ltr'>videor,</span> <span class='ocrx_word' id='word_1_333' title='bbox 617 3397 807 3464; x_wconf 85' lang='lat' dir='ltr'>constantiae</span> <span class='ocrx_word' id='word_1_334' title='bbox 829 3417 927 3466; x_wconf 88' lang='lat' dir='ltr'>meae.</span> <span class='ocrx_word' id='word_1_335' title='bbox 970 3397 1033 3464; x_wconf 89' lang='lat' dir='ltr'>Sed</span> <span class='ocrx_word' id='word_1_336' title='bbox 1054 3417 1114 3482; x_wconf 90' lang='lat' dir='ltr'>ego</span> <span class='ocrx_word' id='word_1_337' title='bbox 1143 3397 1229 3464; x_wconf 87' lang='lat' dir='ltr'>nulla</span> <span class='ocrx_word' id='word_1_338' title='bbox 1256 3397 1289 3463; x_wconf 91' lang='lat' dir='ltr'>iu</span> <span class='ocrx_word' id='word_1_339' title='bbox 1310 3419 1347 3464; x_wconf 88' lang='lat' dir='ltr'>re</span> <span class='ocrx_word' id='word_1_340' title='bbox 1372 3397 1456 3464; x_wconf 90' lang='lat' dir='ltr'>malo</span> <span class='ocrx_word' id='word_1_341' title='bbox 1484 3419 1578 3486; x_wconf 88' lang='lat' dir='ltr'>quam</span> <span class='ocrx_word' id='word_1_342' title='bbox 1600 3405 1630 3460; x_wconf 90' lang='lat' dir='ltr'>te</span> 
     </span>
     <span class='ocr_line' id='line_1_33' title="bbox 303 3489 934 3560; baseline 0.005 -3"><span class='ocrx_word' id='word_1_343' title='bbox 303 3489 438 3557; x_wconf 87' lang='lat' dir='ltr'>amando</span> <span class='ocrx_word' id='word_1_344' title='bbox 459 3499 603 3556; x_wconf 87' lang='lat' dir='ltr'>constans</span> <span class='ocrx_word' id='word_1_345' title='bbox 625 3499 657 3555; x_wconf 89' lang='lat' dir='ltr'>et</span> <span class='ocrx_word' id='word_1_346' title='bbox 678 3511 746 3556; x_wconf 88' lang='lat' dir='ltr'>esse</span> <span class='ocrx_word' id='word_1_347' title='bbox 768 3499 799 3555; x_wconf 92' lang='lat' dir='ltr'>et</span> <span class='ocrx_word' id='word_1_348' title='bbox 821 3490 934 3560; x_wconf 83' lang='lat' dir='ltr'>videri.</span> 
     </span>
    </p>
   </div>
   <div class='ocr_carea' id='block_1_3' title="bbox 702 3615 1239 3681">
    <p class='ocr_par' dir='ltr' id='par_1_3' title="bbox 702 3615 1239 3681">
     <span class='ocr_line' id='line_1_34' title="bbox 702 3615 1239 3681; baseline 0.002 -3"><span class='ocrx_word' id='word_1_349' title='bbox 702 3615 782 3678; x_wconf 81' lang='lat' dir='ltr'>XVI.</span> <span class='ocrx_word' id='word_1_350' title='bbox 824 3615 975 3679; x_wconf 86' lang='lat' dir='ltr'>BRUTUS</span> <span class='ocrx_word' id='word_1_351' title='bbox 998 3615 1182 3681; x_wconf 85' lang='lat' dir='ltr'>CICERONl</span> <span class='ocrx_word' id='word_1_352' title='bbox 1207 3617 1239 3680; x_wconf 88' lang='lat' dir='ltr'>S.</span> 
     </span>
    </p>
   </div>
   <div class='ocr_carea' id='block_1_4' title="bbox 267 3724 1631 4566">
    <p class='ocr_par' dir='ltr' id='par_1_4' title="bbox 393 3724 1630 3813">
     <span class='ocr_line' id='line_1_35' title="bbox 393 3724 1630 3813; baseline -0.002 -21"><span class='ocrx_word' id='word_1_353' title='bbox 393 3732 421 3792; x_wconf 91' lang='lat'>1.</span> <span class='ocrx_word' id='word_1_354' title='bbox 443 3724 629 3792; x_wconf 87' lang='lat' dir='ltr'>Particulam</span> <span class='ocrx_word' id='word_1_355' title='bbox 651 3724 826 3791; x_wconf 90' lang='lat' dir='ltr'>litterarum</span> <span class='ocrx_word' id='word_1_356' title='bbox 847 3735 988 3799; x_wconf 92' lang='lat' dir='ltr'>tuarum,</span> <span class='ocrx_word' id='word_1_357' title='bbox 1011 3747 1089 3813; x_wconf 89' lang='lat' dir='ltr'>quas</span> <span class='ocrx_word' id='word_1_358' title='bbox 1110 3726 1223 3792; x_wconf 91' lang='lat' dir='ltr'>misisti</span> <span class='ocrx_word' id='word_1_359' title='bbox 1237 3725 1382 3802; x_wconf 86' lang='lat' dir='ltr'>Octavio,</span> <span class='ocrx_word' id='word_1_360' title='bbox 1403 3727 1480 3813; x_wconf 89' lang='lat' dir='ltr'>legi,</span> <span class='ocrx_word' id='word_1_361' title='bbox 1502 3729 1630 3792; x_wconf 91' lang='lat' dir='ltr'>missam</span> 
     </span>
    </p>

    <p class='ocr_par' dir='ltr' id='par_1_5' title="bbox 267 3818 1631 4566">
     <span class='ocr_line' id='line_1_36' title="bbox 267 3818 1629 3905; baseline -0.004 -18"><span class='ocrx_word' id='word_1_362' title='bbox 267 3819 344 3888; x_wconf 71' lang='lat' dir='ltr'>asab</span> <span class='ocrx_word' id='word_1_363' title='bbox 367 3820 468 3884; x_wconf 84' lang='lat' dir='ltr'>Attico</span> <span class='ocrx_word' id='word_1_364' title='bbox 497 3818 584 3882; x_wconf 91' lang='lat' dir='ltr'>mihi.</span> <span class='ocrx_word' id='word_1_365' title='bbox 627 3818 771 3884; x_wconf 86' lang='lat' dir='ltr'>Studium</span> <span class='ocrx_word' id='word_1_366' title='bbox 799 3828 887 3884; x_wconf 91' lang='lat' dir='ltr'>tuum</span> <span class='ocrx_word' id='word_1_367' title='bbox 915 3839 1054 3905; x_wconf 89' lang='lat' dir='ltr'>curaque</span> <span class='ocrx_word' id='word_1_368' title='bbox 1082 3819 1122 3885; x_wconf 91' lang='lat' dir='ltr'>de</span> <span class='ocrx_word' id='word_1_369' title='bbox 1150 3819 1249 3885; x_wconf 91' lang='lat' dir='ltr'>salute</span> <span class='ocrx_word' id='word_1_370' title='bbox 1271 3841 1340 3886; x_wconf 88' lang='lat' dir='ltr'>mea</span> <span class='ocrx_word' id='word_1_371' title='bbox 1366 3819 1446 3885; x_wconf 89' lang='lat' dir='ltr'>nulla</span> <span class='ocrx_word' id='word_1_372' title='bbox 1473 3839 1523 3882; x_wconf 90' lang='lat' dir='ltr'>me</span> <span class='ocrx_word' id='word_1_373' title='bbox 1544 3836 1629 3882; x_wconf 87' lang='lat' dir='ltr'>nova</span> 
     </span>
     <span class='ocr_line' id='line_1_37' title="bbox 304 3911 1631 4000; baseline -0.003 -22"><span class='ocrx_word' id='word_1_374' title='bbox 304 3915 463 4000; x_wconf 80' lang='lat' dir='ltr'>voluptate</span> <span class='ocrx_word' id='word_1_375' title='bbox 491 3911 604 3977; x_wconf 78' lang='lat' dir='ltr'>affecit.</span> <span class='ocrx_word' id='word_1_376' title='bbox 646 3916 714 3978; x_wconf 86' lang='lat' dir='ltr'>Non</span> <span class='ocrx_word' id='word_1_377' title='bbox 742 3913 843 3978; x_wconf 90' lang='lat' dir='ltr'>solum</span> <span class='ocrx_word' id='word_1_378' title='bbox 873 3913 956 3978; x_wconf 90' lang='lat' dir='ltr'>enim</span> <span class='ocrx_word' id='word_1_379' title='bbox 978 3913 1124 3978; x_wconf 87' lang='lat' dir='ltr'>usitatum</span> <span class='ocrx_word' id='word_1_380' title='bbox 1154 3913 1324 3979; x_wconf 89' lang='lat' dir='ltr'>sedetiam</span> <span class='ocrx_word' id='word_1_381' title='bbox 1345 3911 1558 4000; x_wconf 88' lang='lat' dir='ltr'>quotidianum</span> <span class='ocrx_word' id='word_1_382' title='bbox 1579 3919 1631 3975; x_wconf 91' lang='lat' dir='ltr'>est</span> 
     </span>
     <span class='ocr_line' id='line_1_38' title="bbox 305 4003 1631 4094; baseline -0.002 -22"><span class='ocrx_word' id='word_1_383' title='bbox 305 4008 422 4094; x_wconf 88' lang='lat' dir='ltr'>aliquid</span> <span class='ocrx_word' id='word_1_384' title='bbox 445 4006 555 4072; x_wconf 89' lang='lat' dir='ltr'>audire</span> <span class='ocrx_word' id='word_1_385' title='bbox 578 4007 616 4073; x_wconf 91' lang='lat' dir='ltr'>de</span> <span class='ocrx_word' id='word_1_386' title='bbox 631 4018 679 4081; x_wconf 93' lang='lat' dir='ltr'>te,</span> <span class='ocrx_word' id='word_1_387' title='bbox 702 4007 788 4094; x_wconf 90' lang='lat' dir='ltr'>quod</span> <span class='ocrx_word' id='word_1_388' title='bbox 809 4028 869 4093; x_wconf 94' lang='lat' dir='ltr'>pro</span> <span class='ocrx_word' id='word_1_389' title='bbox 891 4016 999 4072; x_wconf 90' lang='lat' dir='ltr'>nostra</span> <span class='ocrx_word' id='word_1_390' title='bbox 1022 4006 1170 4092; x_wconf 81' lang='lat' dir='ltr'>dignitate</span> <span class='ocrx_word' id='word_1_391' title='bbox 1192 4006 1327 4074; x_wconf 88' lang='lat' dir='ltr'>fideliter</span> <span class='ocrx_word' id='word_1_392' title='bbox 1346 4015 1437 4093; x_wconf 89' lang='lat' dir='ltr'>atque</span> <span class='ocrx_word' id='word_1_393' title='bbox 1451 4003 1631 4071; x_wconf 89' lang='lat' dir='ltr'>honorilice</span> 
     </span>
     <span class='ocr_line' id='line_1_39' title="bbox 305 4100 1629 4188; baseline -0.002 -20"><span class='ocrx_word' id='word_1_394' title='bbox 305 4101 425 4168; x_wconf 87' lang='lat' dir='ltr'>dixeris</span> <span class='ocrx_word' id='word_1_395' title='bbox 451 4112 504 4166; x_wconf 88' lang='lat' dir='ltr'>aut</span> <span class='ocrx_word' id='word_1_396' title='bbox 532 4101 655 4166; x_wconf 88' lang='lat' dir='ltr'>loceris.</span> <span class='ocrx_word' id='word_1_397' title='bbox 699 4110 737 4167; x_wconf 81' lang='lat' dir='ltr'>At</span> <span class='ocrx_word' id='word_1_398' title='bbox 765 4101 893 4178; x_wconf 91' lang='lat' dir='ltr'>dolore,</span> <span class='ocrx_word' id='word_1_399' title='bbox 923 4110 1072 4188; x_wconf 88' lang='lat' dir='ltr'>quantum</span> <span class='ocrx_word' id='word_1_400' title='bbox 1100 4101 1271 4167; x_wconf 82' lang='lat' dir='ltr'>maximum</span> <span class='ocrx_word' id='word_1_401' title='bbox 1296 4121 1407 4188; x_wconf 88' lang='lat' dir='ltr'>capere</span> <span class='ocrx_word' id='word_1_402' title='bbox 1428 4100 1535 4166; x_wconf 87' lang='lat' dir='ltr'>animo</span> <span class='ocrx_word' id='word_1_403' title='bbox 1557 4121 1629 4186; x_wconf 94' lang='lat' dir='ltr'>pos·</span> 
     </span>
     <span class='ocr_line' id='line_1_40' title="bbox 305 4194 1630 4283; baseline -0.003 -21"><span class='ocrx_word' id='word_1_404' title='bbox 305 4217 391 4270; x_wconf 91' lang='lat' dir='ltr'>sum,</span> <span class='ocrx_word' id='word_1_405' title='bbox 414 4195 524 4260; x_wconf 90' lang='lat' dir='ltr'>eadem</span> <span class='ocrx_word' id='word_1_406' title='bbox 545 4195 598 4260; x_wconf 87' lang='lat' dir='ltr'>illa</span> <span class='ocrx_word' id='word_1_407' title='bbox 620 4217 693 4280; x_wconf 91' lang='lat' dir='ltr'>pars</span> <span class='ocrx_word' id='word_1_408' title='bbox 712 4197 862 4282; x_wconf 88' lang='lat' dir='ltr'>epistolae</span> <span class='ocrx_word' id='word_1_409' title='bbox 882 4197 997 4283; x_wconf 89' lang='lat' dir='ltr'>scripta</span> <span class='ocrx_word' id='word_1_410' title='bbox 1019 4196 1059 4262; x_wconf 84' lang='lat' dir='ltr'>ad</span> <span class='ocrx_word' id='word_1_411' title='bbox 1075 4197 1238 4262; x_wconf 87' lang='lat' dir='ltr'>Octavium</span> <span class='ocrx_word' id='word_1_412' title='bbox 1260 4197 1299 4262; x_wconf 91' lang='lat' dir='ltr'>de</span> <span class='ocrx_word' id='word_1_413' title='bbox 1316 4194 1408 4261; x_wconf 91' lang='lat' dir='ltr'>nobis</span> <span class='ocrx_word' id='word_1_414' title='bbox 1428 4194 1543 4261; x_wconf 83' lang='lat' dir='ltr'>allecit.</span> <span class='ocrx_word' id='word_1_415' title='bbox 1579 4197 1630 4259; x_wconf 88' lang='lat' dir='ltr'>Sic</span> 
     </span>
     <span class='ocr_line' id='line_1_41' title="bbox 268 4285 1628 4377; baseline -0.004 -20"><span class='ocrx_word' id='word_1_416' title='bbox 268 4291 389 4358; x_wconf 77' lang='lat' dir='ltr'>snenim</span> <span class='ocrx_word' id='word_1_417' title='bbox 410 4291 456 4355; x_wconf 96' lang='lat' dir='ltr'>illi</span> <span class='ocrx_word' id='word_1_418' title='bbox 477 4290 592 4376; x_wconf 86' lang='lat' dir='ltr'>gratias</span> <span class='ocrx_word' id='word_1_419' title='bbox 614 4291 682 4376; x_wconf 91' lang='lat' dir='ltr'>agis</span> <span class='ocrx_word' id='word_1_420' title='bbox 703 4290 742 4356; x_wconf 92' lang='lat' dir='ltr'>de</span> <span class='ocrx_word' id='word_1_421' title='bbox 764 4312 801 4356; x_wconf 90' lang='lat' dir='ltr'>re</span> <span class='ocrx_word' id='word_1_422' title='bbox 815 4290 954 4377; x_wconf 88' lang='lat' dir='ltr'>puhhca,</span> <span class='ocrx_word' id='word_1_423' title='bbox 977 4301 1039 4357; x_wconf 90' lang='lat' dir='ltr'>tam</span> <span class='ocrx_word' id='word_1_424' title='bbox 1061 4291 1243 4377; x_wconf 90' lang='lat' dir='ltr'>suppliciter</span> <span class='ocrx_word' id='word_1_425' title='bbox 1263 4313 1300 4357; x_wconf 88' lang='lat' dir='ltr'>ac</span> <span class='ocrx_word' id='word_1_426' title='bbox 1317 4290 1467 4363; x_wconf 88' lang='lat' dir='ltr'>demisse,</span> <span class='ocrx_word' id='word_1_427' title='bbox 1492 4325 1531 4336; x_wconf 91' lang='lat'>-</span> <span class='ocrx_word' id='word_1_428' title='bbox 1553 4285 1628 4374; x_wconf 89' lang='lat' dir='ltr'>quid</span> 
     </span>
     <span class='ocr_line' id='line_1_42' title="bbox 306 4383 1624 4469; baseline -0.006 -19"><span class='ocrx_word' id='word_1_429' title='bbox 306 4383 461 4450; x_wconf 74' lang='lat' dir='ltr'>scribam?</span> <span class='ocrx_word' id='word_1_430' title='bbox 492 4383 589 4469; x_wconf 92' lang='lat' dir='ltr'>pudet</span> <span class='ocrx_word' id='word_1_431' title='bbox 610 4383 803 4450; x_wconf 90' lang='lat' dir='ltr'>condicionis</span> <span class='ocrx_word' id='word_1_432' title='bbox 825 4406 861 4451; x_wconf 89' lang='lat' dir='ltr'>ac</span> <span class='ocrx_word' id='word_1_433' title='bbox 882 4385 1044 4463; x_wconf 81' lang='lat' dir='ltr'>fortunae3</span> <span class='ocrx_word' id='word_1_434' title='bbox 1074 4384 1129 4450; x_wconf 93' lang='lat' dir='ltr'>sed</span> <span class='ocrx_word' id='word_1_435' title='bbox 1150 4395 1253 4451; x_wconf 73' lang='lat' dir='ltr'>umen</span> <span class='ocrx_word' id='word_1_436' title='bbox 1281 4383 1482 4450; x_wconf 87' lang='lat' dir='ltr'>scribendum</span> <span class='ocrx_word' id='word_1_437' title='bbox 1505 4391 1551 4448; x_wconf 91' lang='lat' dir='ltr'>est</span> <span class='ocrx_word' id='word_1_438' title='bbox 1574 4402 1624 4442; x_wconf 89' lang='lat'>-:</span> 
     </span>
     <span class='ocr_line' id='line_1_43' title="bbox 305 4477 1625 4566; baseline -0.008 -20"><span class='ocrx_word' id='word_1_439' title='bbox 305 4477 506 4546; x_wconf 87' lang='lat' dir='ltr'>commendas</span> <span class='ocrx_word' id='word_1_440' title='bbox 527 4487 665 4543; x_wconf 88' lang='lat' dir='ltr'>nostram</span> <span class='ocrx_word' id='word_1_441' title='bbox 691 4478 821 4545; x_wconf 89' lang='lat' dir='ltr'>salutem</span> <span class='ocrx_word' id='word_1_442' title='bbox 843 4480 904 4558; x_wconf 95' lang='lat' dir='ltr'>illi;</span> <span class='ocrx_word' id='word_1_443' title='bbox 934 4500 1014 4566; x_wconf 88' lang='lat' dir='ltr'>quae</span> <span class='ocrx_word' id='word_1_444' title='bbox 1036 4485 1139 4545; x_wconf 90' lang='lat' dir='ltr'>morte</span> <span class='ocrx_word' id='word_1_445' title='bbox 1168 4500 1230 4564; x_wconf 84' lang='lat' dir='ltr'>qua</span> <span class='ocrx_word' id='word_1_446' title='bbox 1250 4500 1314 4545; x_wconf 91' lang='lat' dir='ltr'>uon</span> <span class='ocrx_word' id='word_1_447' title='bbox 1335 4477 1565 4564; x_wconf 76' lang='lat' dir='ltr'>perniciosior?</span> <span class='ocrx_word' id='word_1_448' title='bbox 1590 4480 1625 4537; x_wconf 93' lang='lat' dir='ltr'>ut</span> 
     </span>
    </p>
   </div>
   <div class='ocr_carea' id='block_1_5' title="bbox 305 4620 1631 5109">
    <p class='ocr_par' dir='ltr' id='par_1_6' title="bbox 305 4620 1631 5109">
     <span class='ocr_line' id='line_1_44' title="bbox 374 4620 1625 4687; baseline -0.007 -13"><span class='ocrx_word' id='word_1_449' title='bbox 374 4624 401 4674; x_wconf 84' lang='grc'>6.</span> <span class='ocrx_word' id='word_1_450' title='bbox 417 4635 509 4672; x_wconf 80' lang='lat' dir='ltr'>sumus</span> <span class='ocrx_word' id='word_1_451' title='bbox 526 4623 539 4672; x_wconf 92' lang='lat'>1</span> <span class='ocrx_word' id='word_1_452' title='bbox 557 4627 584 4673; x_wconf 90' lang='lat' dir='ltr'>et</span> <span class='ocrx_word' id='word_1_453' title='bbox 602 4636 642 4686; x_wconf 86' lang='lat' dir='ltr'>pr.</span> <span class='ocrx_word' id='word_1_454' title='bbox 663 4623 701 4676; x_wconf 88' lang='grc'>11.</span> <span class='ocrx_word' id='word_1_455' title='bbox 722 4649 752 4660; x_wconf 96' lang='grc'>-</span> <span class='ocrx_word' id='word_1_456' title='bbox 781 4625 825 4674; x_wconf 87' lang='grc'>10.</span> <span class='ocrx_word' id='word_1_457' title='bbox 846 4625 1046 4676; x_wconf 77' lang='lat' dir='ltr'>«documentum</span> <span class='ocrx_word' id='word_1_458' title='bbox 1064 4629 1218 4687; x_wconf 87' lang='lat' dir='ltr'>suspectum</span> <span class='ocrx_word' id='word_1_459' title='bbox 1236 4622 1351 4673; x_wconf 86' lang='lat' dir='ltr'>Grutero</span> <span class='ocrx_word' id='word_1_460' title='bbox 1370 4621 1492 4672; x_wconf 80' lang='lat' dir='ltr'>defendit</span> <span class='ocrx_word' id='word_1_461' title='bbox 1509 4620 1625 4671; x_wconf 83' lang='lat' dir='ltr'>Gronov.</span> 
     </span>
     <span class='ocr_line' id='line_1_45' title="bbox 305 4689 1629 4758; baseline -0.004 -13"><span class='ocrx_word' id='word_1_462' title='bbox 305 4693 384 4746; x_wconf 85' lang='lat' dir='ltr'>Ohss.</span> <span class='ocrx_word' id='word_1_463' title='bbox 404 4693 452 4745; x_wconf 86' lang='lat' dir='ltr'>IV.</span> <span class='ocrx_word' id='word_1_464' title='bbox 471 4694 515 4744; x_wconf 90' lang='lat'>11.</span> <span class='ocrx_word' id='word_1_465' title='bbox 535 4707 561 4757; x_wconf 87' lang='lat' dir='ltr'>p.</span> <span class='ocrx_word' id='word_1_466' title='bbox 580 4692 661 4744; x_wconf 71' lang='grc'><strong>618.»</strong></span> <span class='ocrx_word' id='word_1_467' title='bbox 689 4692 864 4746; x_wconf 82' lang='lat' dir='ltr'>Scuusrzms.</span> <span class='ocrx_word' id='word_1_468' title='bbox 890 4719 920 4732; x_wconf 91' lang='lat'><em>-</em></span> <span class='ocrx_word' id='word_1_469' title='bbox 957 4695 1000 4746; x_wconf 83' lang='lat' dir='ltr'>ts.</span> <span class='ocrx_word' id='word_1_470' title='bbox 1023 4701 1129 4746; x_wconf 81' lang='lat' dir='ltr'>stante</span> <span class='ocrx_word' id='word_1_471' title='bbox 1148 4695 1362 4758; x_wconf 64' lang='lat' dir='ltr'>cormeumom.</span> <span class='ocrx_word' id='word_1_472' title='bbox 1382 4693 1406 4741; x_wconf 93' lang='lat'>1.</span> <span class='ocrx_word' id='word_1_473' title='bbox 1436 4715 1467 4728; x_wconf 92' lang='lat'>-</span> <span class='ocrx_word' id='word_1_474' title='bbox 1505 4691 1549 4742; x_wconf 79' lang='grc'>11.</span> <span class='ocrx_word' id='word_1_475' title='bbox 1570 4689 1629 4740; x_wconf 70' lang='lat' dir='ltr'>sae</span> 
     </span>
     <span class='ocr_line' id='line_1_46' title="bbox 305 4759 1628 4828; baseline -0.003 -14"><span class='ocrx_word' id='word_1_476' title='bbox 305 4765 430 4815; x_wconf 72' lang='lat' dir='ltr'>mistoch&#39;s</span> <span class='ocrx_word' id='word_1_477' title='bbox 448 4764 470 4814; x_wconf 92' lang='lat'>1.</span> <span class='ocrx_word' id='word_1_478' title='bbox 490 4787 522 4800; x_wconf 90' lang='lat'>·-</span> <span class='ocrx_word' id='word_1_479' title='bbox 558 4764 602 4814; x_wconf 80' lang='lat' dir='ltr'>to.</span> <span class='ocrx_word' id='word_1_480' title='bbox 622 4765 760 4827; x_wconf 64' lang='lat' dir='ltr'>qumquam</span> <span class='ocrx_word' id='word_1_481' title='bbox 774 4769 862 4826; x_wconf 80' lang='lat' dir='ltr'>potest</span> <span class='ocrx_word' id='word_1_482' title='bbox 878 4765 944 4818; x_wconf 82' lang='lat' dir='ltr'>MR:</span> <span class='ocrx_word' id='word_1_483' title='bbox 962 4770 1049 4828; x_wconf 81' lang='lat' dir='ltr'>potest</span> <span class='ocrx_word' id='word_1_484' title='bbox 1067 4766 1206 4828; x_wconf 68' lang='lat' dir='ltr'>quoquam</span> <span class='ocrx_word' id='word_1_485' title='bbox 1225 4763 1269 4814; x_wconf 78' lang='lat' dir='ltr'>le„</span> <span class='ocrx_word' id='word_1_486' title='bbox 1289 4787 1321 4799; x_wconf 91' lang='lat'>-</span> <span class='ocrx_word' id='word_1_487' title='bbox 1357 4763 1390 4812; x_wconf 87' lang='lat' dir='ltr'>de</span> <span class='ocrx_word' id='word_1_488' title='bbox 1407 4775 1435 4812; x_wconf 86' lang='lat' dir='ltr'>se</span> <span class='ocrx_word' id='word_1_489' title='bbox 1453 4774 1525 4812; x_wconf 90' lang='lat' dir='ltr'>corr.</span> <span class='ocrx_word' id='word_1_490' title='bbox 1543 4759 1582 4811; x_wconf 93' lang='grc'>11.</span> <span class='ocrx_word' id='word_1_491' title='bbox 1597 4783 1628 4795; x_wconf 91' lang='lat'>-</span> 
     </span>
     <span class='ocr_line' id='line_1_47' title="bbox 307 4831 1630 4900; baseline 0.001 -16"><span class='ocrx_word' id='word_1_492' title='bbox 307 4837 395 4896; x_wconf 75' lang='lat' dir='ltr'>putas</span> <span class='ocrx_word' id='word_1_493' title='bbox 412 4835 557 4884; x_wconf 74' lang='lat' dir='ltr'>sinuessa</span> <span class='ocrx_word' id='word_1_494' title='bbox 574 4834 781 4885; x_wconf 72' lang='lat' dir='ltr'>acerbioremto</span> <span class='ocrx_word' id='word_1_495' title='bbox 799 4835 821 4886; x_wconf 93' lang='grc'>1.</span> <span class='ocrx_word' id='word_1_496' title='bbox 843 4859 873 4871; x_wconf 94' lang='grc'>-</span> <span class='ocrx_word' id='word_1_497' title='bbox 899 4836 944 4886; x_wconf 90' lang='grc'>21.</span> <span class='ocrx_word' id='word_1_498' title='bbox 963 4835 1060 4900; x_wconf 77' lang='lat' dir='ltr'>quodsi</span> <span class='ocrx_word' id='word_1_499' title='bbox 1076 4836 1143 4886; x_wconf 80' lang='lat' dir='ltr'>Mu:</span> <span class='ocrx_word' id='word_1_500' title='bbox 1164 4835 1210 4897; x_wconf 80' lang='lat' dir='ltr'>qut</span> <span class='ocrx_word' id='word_1_501' title='bbox 1226 4835 1249 4883; x_wconf 80' lang='lat' dir='ltr'>sa·</span> <span class='ocrx_word' id='word_1_502' title='bbox 1269 4833 1312 4882; x_wconf 85' lang='lat' dir='ltr'>lE.</span> <span class='ocrx_word' id='word_1_503' title='bbox 1333 4855 1364 4868; x_wconf 89' lang='lat'>·-</span> <span class='ocrx_word' id='word_1_504' title='bbox 1389 4832 1434 4882; x_wconf 87' lang='grc'>27.</span> <span class='ocrx_word' id='word_1_505' title='bbox 1454 4831 1528 4885; x_wconf 74' lang='lat' dir='ltr'>Scia.</span> <span class='ocrx_word' id='word_1_506' title='bbox 1547 4842 1630 4895; x_wconf 63' lang='lat' dir='ltr'>cumr</span> 
     </span>
     <span class='ocr_line' id='line_1_48' title="bbox 306 4901 1630 4967; baseline -0.001 -15"><span class='ocrx_word' id='word_1_507' title='bbox 306 4905 444 4956; x_wconf 75' lang='lat' dir='ltr'>tumult:</span> <span class='ocrx_word' id='word_1_508' title='bbox 466 4903 522 4954; x_wconf 77' lang='lat' dir='ltr'>Scis</span> <span class='ocrx_word' id='word_1_509' title='bbox 539 4905 623 4964; x_wconf 67' lang='lat' dir='ltr'>enan,</span> <span class='ocrx_word' id='word_1_510' title='bbox 643 4910 771 4967; x_wconf 76' lang='lat' dir='ltr'>quantum</span> <span class='ocrx_word' id='word_1_511' title='bbox 789 4905 836 4956; x_wconf 85' lang='grc'><strong>111.</strong></span> <span class='ocrx_word' id='word_1_512' title='bbox 866 4929 897 4942; x_wconf 91' lang='grc'><strong>-</strong></span> <span class='ocrx_word' id='word_1_513' title='bbox 932 4903 976 4956; x_wconf 81' lang='grc'>32.</span> <span class='ocrx_word' id='word_1_514' title='bbox 997 4913 1022 4956; x_wconf 84' lang='lat' dir='ltr'>et</span> <span class='ocrx_word' id='word_1_515' title='bbox 1039 4911 1103 4956; x_wconf 86' lang='lat' dir='ltr'>ante</span> <span class='ocrx_word' id='word_1_516' title='bbox 1120 4905 1203 4955; x_wconf 77' lang='lat' dir='ltr'>videri</span> <span class='ocrx_word' id='word_1_517' title='bbox 1220 4917 1275 4954; x_wconf 86' lang='lat' dir='ltr'>om.</span> <span class='ocrx_word' id='word_1_518' title='bbox 1295 4903 1318 4952; x_wconf 90' lang='lat'>1.</span> <span class='ocrx_word' id='word_1_519' title='bbox 1344 4926 1378 4936; x_wconf 89' lang='lat'><em>-</em></span> <span class='ocrx_word' id='word_1_520' title='bbox 1415 4901 1460 4952; x_wconf 85' lang='lat'>38.</span> <span class='ocrx_word' id='word_1_521' title='bbox 1485 4903 1630 4952; x_wconf 65' lang='lat' dir='ltr'>mabam</span> 
     </span>
     <span class='ocr_line' id='line_1_49' title="bbox 306 4971 1631 5040; baseline -0.002 -16"><span class='ocrx_word' id='word_1_522' title='bbox 306 4987 398 5036; x_wconf 78' lang='lat' dir='ltr'>copore</span> <span class='ocrx_word' id='word_1_523' title='bbox 415 4975 506 5026; x_wconf 78' lang='lat' dir='ltr'>catoso</span> <span class='ocrx_word' id='word_1_524' title='bbox 523 4973 590 5025; x_wconf 74' lang='lat' dir='ltr'>utu:</span> <span class='ocrx_word' id='word_1_525' title='bbox 614 4975 704 5025; x_wconf 71' lang='lat' dir='ltr'>cnunc</span> <span class='ocrx_word' id='word_1_526' title='bbox 722 4977 868 5027; x_wconf 70' lang='lat' dir='ltr'>monimum</span> <span class='ocrx_word' id='word_1_527' title='bbox 886 4988 979 5040; x_wconf 80' lang='lat' dir='ltr'>cepere</span> <span class='ocrx_word' id='word_1_528' title='bbox 995 4975 1041 5027; x_wconf 86' lang='grc'><strong>111.</strong></span> <span class='ocrx_word' id='word_1_529' title='bbox 1064 4998 1091 5010; x_wconf 90' lang='grc'><strong>-</strong></span> <span class='ocrx_word' id='word_1_530' title='bbox 1130 4975 1173 5026; x_wconf 81' lang='grc'>39.</span> <span class='ocrx_word' id='word_1_531' title='bbox 1192 4975 1295 5038; x_wconf 75' lang='lat' dir='ltr'>scripto</span> <span class='ocrx_word' id='word_1_532' title='bbox 1311 4972 1378 5024; x_wconf 77' lang='lat' dir='ltr'>MR:</span> <span class='ocrx_word' id='word_1_533' title='bbox 1397 4974 1514 5036; x_wconf 73' lang='lat' dir='ltr'>scriptos</span> <span class='ocrx_word' id='word_1_534' title='bbox 1532 4971 1578 5022; x_wconf 79' lang='grc'><strong>111.</strong></span> <span class='ocrx_word' id='word_1_535' title='bbox 1596 4994 1631 5006; x_wconf 93' lang='grc'><strong>-</strong></span> 
     </span>
     <span class='ocr_line' id='line_1_50' title="bbox 305 5045 657 5109; baseline -0.003 -14"><span class='ocrx_word' id='word_1_536' title='bbox 305 5045 350 5095; x_wconf 78' lang='lat' dir='ltr'>te.</span> <span class='ocrx_word' id='word_1_537' title='bbox 369 5057 437 5107; x_wconf 77' lang='lat' dir='ltr'>quos</span> <span class='ocrx_word' id='word_1_538' title='bbox 454 5059 507 5109; x_wconf 76' lang='lat' dir='ltr'>quo</span> <span class='ocrx_word' id='word_1_539' title='bbox 524 5050 608 5096; x_wconf 84' lang='lat' dir='ltr'>morte</span> <span class='ocrx_word' id='word_1_540' title='bbox 626 5045 657 5095; x_wconf 83' lang='grc'>11.</span> 
     </span>
    </p>
   </div>
   <div class='ocr_carea' id='block_1_6' title="bbox 1823 1446 1830 1676">
    <p class='ocr_par' dir='ltr' id='par_1_7' title="bbox 1823 1446 1830 1676">
     <span class='ocr_line' id='line_1_51' title="bbox 1823 1446 1830 1676; baseline 0 0"><span class='ocrx_word' id='word_1_541' title='bbox 1823 1446 1830 1676; x_wconf 89' lang='lat' dir='ltr'>l</span> 
     </span>
    </p>
   </div>
   <div class='ocr_carea' id='block_1_7' title="bbox 1826 1698 1830 1779">
    <p class='ocr_par' dir='ltr' id='par_1_8' title="bbox 1826 1698 1830 1779">
     <span class='ocr_line' id='line_1_52' title="bbox 1826 1698 1830 1779; baseline 0 0"><span class='ocrx_word' id='word_1_542' title='bbox 1826 1698 1830 1779; x_wconf 89' lang='lat' dir='ltr'>l</span> 
     </span>
    </p>
   </div>
   <div class='ocr_carea' id='block_1_8' title="bbox 0 0 1834 5892">
    <p class='ocr_par' dir='ltr' id='par_1_9' title="bbox 0 0 1834 5892">
     <span class='ocr_line' id='line_1_53' title="bbox 0 0 1834 5892; baseline 0 1"><span class='ocrx_word' id='word_1_543' title='bbox 0 0 1834 5892; x_wconf 95' lang='lat' dir='ltr'> </span> 
     </span>
    </p>
   </div>
  </div>
 </body>
</html>
