3668 5924
644 427 716 488 uo.
739 427 762 487 Ι.
805 425 863 489 ΕΡ.
885 428 915 488 7.
937 426 966 488 8.
988 427 1017 494 a.
1043 428 1090 489 1⁰.
1467 431 1528 492 373

210 603 293 657 mas,
324 581 499 668 dequibus
521 581 561 647 ad
581 601 631 646 me
653 580 818 667 scripsisti,
841 580 1040 648 vehementer
1061 592 1219 668 exspecto.
1263 584 1425 671 Quidquid
1446 591 1528 652 eius·

210 677 281 742 dem
309 675 434 761 generis
461 673 609 748 babebis,
645 674 772 760 dignum
795 675 959 742 Academia
989 675 1045 742 tibi
1066 676 1152 763 qnod
1173 675 1346 752 videbitur,
1375 701 1415 744 ne
1437 680 1527 747 dubi-

209 775 285 836 taris
316 769 456 843 mittere,
495 775 526 833 et
553 789 644 833 areae
680 777 806 834 nostrae
841 768 998 835 confidito.
1054 775 1158 836 (lenus
1190 770 1250 836 boc
1282 783 1328 839 est
1360 776 1526 864 voluptatis

209 885 313 930 meae:
337 883 416 950 quae
438 858 644 948 γυμνασιώδη
667 863 802 928 maxime
823 871 908 940 sunt,
942 885 978 929 ea
999 885 1127 950 quaero.
1169 864 1317 931 Lentulus
1339 891 1433 935 naves
1455 893 1527 938 suas

208 959 383 1047 pollicetur.
437 962 515 1024 Peto
535 955 590 1022 abs
611 965 659 1032 te,
687 965 723 1023 ut
742 957 820 1023 baec
841 979 931 1026 cures
953 959 1127 1046 diligenter.
1178 960 1296 1028 Cbilius
1317 970 1347 1027 te
1369 973 1473 1049 rogat,
1496 976 1549 1032 ets

208 1073 268 1138 ego
292 1053 359 1118 eius
380 1053 746 1138 rogalU,Eriprod71sdrdv
768 1047 899 1140 πάτρια.

693 1161 1043 1248 mmucmi

670 1277 811 1342 CICERO
852 1277 1008 1343 ATTICO*
1033 1279 1064 1342 S.

292 1385 321 1446 1.
343 1383 420 1446 Cum
449 1399 550 1446 essem
576 1380 610 1444 in
638 1379 813 1445 Tusculano
841 1415 883 1426 -
912 1379 973 1445 erit
1000 1380 1060 1446 boc
1085 1378 1141 1444 tibi
1167 1399 1227 1466 pro
1256 1382 1312 1448 illo
1332 1394 1389 1452 tuo
1420 1391 1525 1464 „Cum

207 1496 308 1542 essens
330 1474 363 1540 in
386 1473 548 1540 Ceramico
556 1478 573 1504 ”
595 1511 649 1546 —,
672 1482 889 1539 verumtamen
910 1494 982 1538 cum
1002 1473 1048 1540 ibi
1070 1495 1187 1550 essem,
1216 1481 1313 1544 Roma
1334 1499 1415 1566 puer
1435 1504 1453 1547 a
1474 1505 1562 1554 so-ic

206 1591 281 1638 rore
310 1577 363 1634 tua
391 1567 505 1633 missus
532 1565 695 1654 epistolam
725 1567 802 1632 mibi
831 1567 886 1633 abs
914 1577 944 1632 te
976 1567 1098 1634 allatam
1126 1567 1212 1635 dedit
1238 1571 1454 1662 nuntiavitque
1486 1599 1525 1644 eo

206 1665 275 1752 ipso
304 1661 355 1728 die
382 1669 454 1748 post
482 1660 648 1727 meridiem
675 1661 793 1727 iturum
824 1682 913 1738 eum,
949 1662 1003 1746 qui
1031 1661 1072 1728 ad
1101 1672 1130 1727 te
1163 1663 1422 1749 proficisceretur.
1478 1676 1525 1738 Eo

204 1756 320 1824 lactum
351 1763 411 1829 est,
443 1763 479 1821 ut
505 1754 655 1841 epistolae
684 1765 754 1822 tuae
782 1755 991 1820 rescriberem
1020 1755 1157 1842 aliquid,
1194 1757 1346 1826 brevitate
1375 1767 1525 1852 temporis

205 1861 269 1918 tam
289 1870 388 1938 pauca
415 1868 549 1935 cogerer
569 1848 718 1916 scribere.
770 1853 800 1916 2.
822 1850 960 1916 Primum
982 1847 1040 1914 tibi
1061 1849 1100 1915 de
1122 1860 1231 1918 nostro
1252 1854 1352 1920 amico
1375 1858 1525 1942 placando

205 1953 259 2011 aut
279 1949 371 2010 ctiam
393 1942 484 2030 plane
506 1943 700 2010 restituendo
722 1943 884 2031 polliceor.
939 1942 1033 2022 Quod
1054 1964 1130 2029 ego,
1153 1945 1211 2010 etsi
1231 1967 1302 2012 mea
1322 1959 1432 2035 sponte
1453 1963 1524 2020 ante
1536 1979 1561 2020 rs

204 2037 375 2114 faciebam,
398 2059 437 2104 eo
459 2045 666 2104 cunctamen
687 2045 718 2105 et
738 2058 827 2123 agam
849 2038 1016 2105 studiosius
1038 2047 1069 2104 et
1089 2040 1273 2106 contendam
1294 2043 1410 2110 abillo
1431 2047 1523 2112 vebe-

204 2133 356 2208 mentius,
386 2132 471 2219 quod
500 2140 615 2198 tantm
644 2155 685 2199 ex
713 2131 843 2218 epistola
871 2134 1061 2199 voluntatem
1083 2133 1150 2200 eius
1171 2135 1219 2200 rei
1241 2145 1326 2202 tuam
1346 2142 1524 2227 perspicere

204 2224 325 2292 videor.
374 2229 443 2292 Hoc
463 2235 494 2292 te
515 2226 688 2312 intelligere
710 2226 799 2302 volo,
826 2227 1023 2313 pergraviter
1048 2226 1136 2292 illum
1165 2249 1233 2294 osse
1261 2230 1436 2311 offensum3
1468 2235 1523 2300 sed

204 2320 276 2408 quia
303 2319 420 2386 nullam
449 2319 541 2386 video
563 2341 691 2405 gravem
713 2319 841 2386 subesse
863 2341 1004 2396 causam,
1036 2341 1148 2406 magno
1171 2343 1269 2408 opere
1290 2325 1413 2392 conlido
1434 2328 1522 2395 illum

203 2413 273 2480 lore
295 2419 326 2479 in
348 2413 452 2480 ollicio
479 2422 511 2479 et
537 2413 569 2479 in
591 2423 697 2498 npstra
723 2423 887 2502 potestate.
940 2419 971 2480 3.
994 2413 1088 2501 Signa
1109 2423 1217 2512 nostra
1238 2426 1270 2482 et
1289 2421 1559 2496 Hermeraclas«,
1660 2421 1677 2469 '⁴

203 2517 238 2574 ut
258 2506 386 2582 scribis,
413 2528 484 2574 cum
506 2507 756 2575 commodissime
778 2508 915 2596 poteris,
937 2508 1030 2574 velim
1051 2507 1212 2595 imponas,
1234 2520 1265 2577 et
1285 2512 1313 2577 si
1334 2513 1419 2600 qnod
1440 2515 1524 2582 aliud

203 2611 320 2669 οἰκεῖον
350 2601 418 2668 eius
444 2601 526 2678 loci,
559 2623 653 2689 quom
674 2623 737 2668 non
759 2603 901 2689 ignoras,
934 2602 1091 2689 reperies3
1130 2613 1161 2668 et
1181 2605 1332 2680 maxime,
1364 2629 1445 2695 quae
1466 2608 1523 2675 tibi

203 2696 374 2782 palaestrae
401 2696 616 2784 gymnasiique
645 2695 834 2763 videbuntur
863 2717 940 2763 esse.
993 2697 1117 2762 Etenim
1136 2696 1182 2763 ibi
1203 2699 1313 2764 sedens
1335 2700 1412 2768 baec
1431 2704 1471 2769 ad
1493 2713 1524 2770 te

202 2788 394 2866 scribebam,
429 2799 466 2855 ut
485 2810 535 2854 me
556 2789 644 2856 locus
665 2791 733 2878 ipsc
754 2789 947 2857 admoneret.
1004 2795 1170 2856 Praeterea
1197 2799 1287 2880 typos
1313 2793 1371 2860 tibi
1391 2796 1522 2874 mando,

203 2905 283 2971 quos
314 2884 347 2951 in
380 2885 512 2952 tectorio
547 2885 653 2950 atrioli
687 2886 805 2972 possim
840 2884 1023 2959 includere,
1060 2893 1090 2950 et
1119 2887 1256 2971 putealia
1288 2887 1416 2972 sigillata
1449 2892 1522 2958 duo.
1531 2919 1559 2961 ιο

202 2982 234 3044 b.
255 2977 480 3044 bibliothecam
509 2987 594 3045 tuam
616 2999 691 3044 care
712 2979 856 3064 cuiqnam
878 2977 1087 3063 despondeas,
1118 2979 1261 3065 quamvis
1282 3001 1386 3047 acrem
1407 2994 1525 3050 amato-

201 3095 269 3140 rem
296 3074 454 3140 inveneris
461 3097 470 3152 ;
497 3093 570 3138 nam
598 3093 658 3158 ego
685 3093 795 3139 omues
817 3093 903 3138 meas
924 3071 1128 3138 vindemiolas
1150 3095 1190 3139 eo
1211 3095 1360 3150 reservo,
1389 3077 1523 3144 utillud

202 3167 375 3234 subsidium
402 3168 554 3234 senectuti
582 3187 700 3254 parem.
755 3172 784 3232 5.
806 3171 853 3231 De
874 3167 988 3242 fratre,
1017 3165 1141 3232 confido
1162 3167 1206 3233 ita
1226 3190 1312 3244 esse,
1343 3177 1378 3233 ut
1398 3190 1522 3256 semper

201 3261 288 3329 volui
309 3272 340 3327 et
361 3259 532 3327 elaboravi.
581 3261 676 3326 Multa
698 3260 786 3345 signa
808 3269 879 3326 sunt
900 3260 967 3326 eius
988 3260 1053 3335 rei,
1077 3280 1140 3324 non
1162 3260 1340 3334 minimum,
1365 3261 1450 3349 quod
1471 3284 1523 3329 so-

201 3377 258 3422 ror
286 3376 460 3443 praegnans
489 3363 545 3420 est
604 3359 702 3420 o.1)e
724 3353 859 3418 comitiis
881 3353 959 3419 meis
990 3365 1022 3421 et
1043 3351 1100 3418 tibi
1122 3374 1172 3418 me
1193 3355 1373 3441 permisisse
1395 3357 1558 3424 meminiso

201 3459 233 3515 et
253 3471 313 3535 ego
335 3446 520 3535 iampridem
542 3448 602 3514 boc
623 3446 841 3513 communibus
862 3447 985 3522 amicis,
1014 3447 1068 3534 qni
1089 3456 1119 3512 te
1142 3455 1336 3534 exspectant,
1358 3450 1519 3538 praedico,

200 3553 231 3608 te
259 3564 322 3608 non
350 3542 447 3609 modo
476 3563 540 3609 non
561 3541 676 3609 arcessi
698 3563 716 3606 a
736 3563 787 3607 me
813 3541 868 3608 sed
894 3539 1072 3628 probiberi;
1106 3540 1192 3627 quod
1225 3541 1395 3628 intelligam
1423 3545 1522 3612 multo

200 3641 298 3722 magis
325 3635 475 3703 interesse
503 3645 557 3701 tua
583 3644 613 3701 te
642 3655 752 3720 agere,
786 3634 872 3722 quod
900 3634 1055 3720 agendum
1082 3643 1128 3700 est
1156 3635 1217 3700 boc
1237 3643 1395 3722 tempore,
1429 3659 1523 3724 quam

200 3751 269 3795 mea
295 3738 327 3794 to
354 3729 463 3796 adesse
485 3730 631 3799 comitiis.
687 3729 822 3796 Proinde
853 3749 892 3796 eo
920 3729 1025 3794 animo
1050 3737 1082 3794 te
1109 3729 1203 3794 velim
1230 3750 1314 3808 csse,
1347 3731 1437 3819 quasi
1459 3731 1522 3797 mei

200 3824 318 3909 negotii
344 3844 437 3890 causa
463 3823 497 3889 in
528 3824 587 3891 ista
614 3824 682 3890 loca
715 3824 828 3890 missus
857 3844 952 3890 esses.
1007 3827 1058 3890 lde
1086 3834 1191 3889 antem
1217 3845 1290 3890 eum
1323 3833 1355 3891 et
1380 3825 1559 3894 offendesss

199 3939 273 4003 erga
301 3925 333 3982 te
354 3927 386 3983 et
407 3916 530 3992 audies,
554 3917 644 4004 quasi
665 3917 763 3991 mibi,
786 3918 812 3984 si
834 3939 915 4005 quae
935 3925 1024 4004 parta
1045 3927 1153 3994 erunt,
1175 3937 1240 3984 non
1261 3918 1357 3986 modo
1378 3927 1410 3985 te
1430 3940 1523 4005 prae·

199 4021 285 4077 sente
299 4011 356 4078 sed
370 4032 427 4098 per
442 4021 472 4078 te
485 4020 574 4098 parta
589 4012 660 4078 sint
696 4011 828 4078 Tulliola
843 4011 898 4077 tibi
912 4011 995 4077 diem
1010 4011 1079 4090 dat;
1101 4032 1285 4098 sponsorem
1300 4032 1363 4079 non
1378 4012 1522 4100 appellat.

281 4176 307 4225 2.
336 4175 435 4226 dubites
463 4175 483 4225 l.
515 4201 547 4212 —
592 4176 618 4225 3.
647 4189 707 4225 cras
732 4183 824 4225 nostro
842 4175 864 4225 1.
898 4201 926 4212 -
971 4175 1116 4224 voluntatis
1140 4174 1192 4226 ΜΙ.
1223 4197 1257 4211 -
1300 4175 1326 4225 i.
1354 4177 1523 4240 gammaleria

197 4247 311 4296 summe
338 4253 398 4295 aaut
425 4245 475 4301 Μ,
508 4246 645 4309 pymnost'o
670 4247 783 4295 monime
811 4247 903 4294 desunt
929 4244 973 4304 ll,
1004 4246 1141 4308 gymnasio
1171 4245 1288 4294 marimo
1316 4246 1408 4295 desum
1436 4245 1458 4296 1.
1491 4268 1520 4280 -

197 4317 225 4366 5.
244 4317 382 4381 diligenter
399 4328 473 4365 cures
491 4315 521 4364 n.
541 4339 575 4350 -
612 4315 727 4378 Gbipllus
744 4314 789 4375 Μ,
809 4315 916 4365 tbiuilus
934 4327 988 4376 mg.
1008 4313 1053 4372 Μ.
1074 4313 1193 4376 Citrpllus
1210 4314 1250 4374 a,
1271 4315 1366 4378 Cispius
1383 4315 1405 4364 1.
1426 4341 1456 4352 -
1485 4312 1521 4378 et]

197 4393 227 4438 ot
245 4388 277 4436 ll.
309 4409 341 4422 -
376 4385 403 4436 3.
423 4387 542 4436 tibiom.
562 4385 592 4442 1,
611 4385 784 4435 matineseie
803 4386 849 4448 qni
868 4387 939 4450 apud
958 4383 1147 4448 blslaspinam.
1176 4407 1207 4420 -
1244 4385 1286 4435 10.
1305 4386 1413 4434 Romam
1431 4385 1469 4436 Μ.
1491 4407 1522 4422 -

198 4458 242 4506 12.
261 4459 362 4506 iturum
379 4469 437 4505 suns
454 4455 538 4505 Xer
568 4458 667 4506 iturum
686 4455 722 4518 li,
752 4457 890 4504 missomm
908 4469 964 4505 eum
981 4454 1056 4507 Mitt.
1088 4479 1119 4490 -
1157 4454 1200 4504 td.
1221 4451 1286 4517 ium]
1313 4455 1368 4504 ium
1385 4455 1461 4507 lllltl.
1488 4479 1523 4490 -

196 4527 335 4577 rescribam
351 4539 406 4588 mg.
425 4525 463 4576 Μ.
484 4547 517 4560 ·-
552 4526 594 4575 ta.
615 4525 775 4586 voluptutem
792 4524 852 4574 Μ3.
874 4548 905 4560 -
939 4527 1083 4587 perspicere
1100 4524 1189 4574 uideor
1207 4530 1281 4574 tunm
1298 4525 1331 4574 a.
1353 4549 1384 4560 -
1402 4525 1447 4576 23.
1466 4527 1523 4576 lter·

196 4599 319 4647 modos
337 4595 360 4645 1.
393 4621 422 4632 -
460 4595 511 4644 21.
530 4597 685 4656 interponas
715 4595 746 4644 a.
777 4617 806 4628 -
847 4596 891 4644 22.
910 4593 1046 4644 02131οΝ
1068 4592 1114 4654 Μ,
1147 4589 1251 4645 ὠνεϊον
1278 4595 1368 4645 venale
1393 4609 1449 4658 mg.
1478 4595 1521 4654 Μ,

197 4683 300 4718 messor
318 4666 351 4716 a.
372 4688 405 4702 -·
439 4666 485 4717 23.
504 4667 551 4715 ltoc
568 4666 603 4714 ud
622 4671 646 4714 te
663 4665 756 4726 scripsi
774 4665 795 4715 l.
829 4689 857 4701 -
896 4663 941 4714 23.
961 4665 1035 4727 ippos
1052 4664 1094 4720 Μ,
1114 4665 1199 4728 lippos
1217 4665 1239 4714 l.
1270 4689 1299 4702 -
1337 4665 1524 4728 25.plutecltu

196 4737 311 4857 titt
330 4732 510 4856 “lilii
534 4735 580 4855 ii·
599 4734 906 4866 ⁹“⁰l0‘”,iti'iitl¹i
922 4730 1439 4855 ‘⁹⁰⁰ti'tit.¹ii·..ll.z...²t
1459 4731 1523 4856 “tt

193 4877 337 4940 prohibebo
362 4875 404 4934 Μ,
431 4889 485 4926 nors
503 4887 648 4933 urcessom,
670 4875 715 4923 ssd
730 4874 870 4936 prohibebo
889 4875 928 4930 n,
947 4889 1002 4924 nors
1018 4876 1096 4924 modo
1114 4889 1257 4933 arcessam,
1280 4875 1323 4924 sed
1339 4875 1480 4937 prohibebo
1499 4876 1521 4925 1.

197 4945 395 5008 (Emendatnm
414 4951 455 4995 est
473 4959 504 4996 es
522 4946 545 4995 Y
563 4949 663 5006 etmg.
683 4941 853 5005 Cratandri.)
874 4967 905 4980 ·-
941 4944 985 4994 33.
1005 4942 1052 5008 est]
1072 4945 1220 4996 msetldltl.
1243 4970 1272 4981 -
1310 4945 1354 4994 35.
1372 4945 1421 4996 illo
1438 4946 1470 4998 a.
1491 4969 1523 4982 -

195 5014 248 5081 dle]
268 5018 316 5068 Sisi
332 5015 408 5068 Mlti.
429 5013 559 5078 (blemg.
579 5013 630 5077 Μ.)
662 5037 692 5050 -·
729 5013 773 5064 33.
793 5012 958 5078 quoeldlllr
989 5029 1041 5078 quo
1060 5015 1091 5064 ti.
1124 5039 1155 5050 -
1189 5016 1335 5078 proesentis
1353 5015 1384 5064 a.
1411 5041 1442 5053 -
1478 5017 1520 5069 37.

195 5100 346 5150 sponsorem
361 5099 416 5136 nors
434 5086 550 5150 appellet
569 5085 581 5134 1
600 5091 627 5135 et
644 5097 714 5135 corr.
734 5085 778 5136 M:
797 5097 948 5148 sponsorem
966 5084 1083 5148 appellnt
1101 5084 1145 5134 liti
1164 5089 1190 5134 et
1208 5097 1248 5148 pr.
1268 5083 1304 5134 Μ.
