3662 5908
307 433 372 500 23⁴
741 431 1016 499 El’lSTOLdllllbl
1036 433 1089 496 ab
1111 431 1202 496 ssu.

307 613 401 680 guum
424 611 494 658 esse
518 599 571 658 tua
599 589 758 663 amicitia,
791 609 856 655 non
877 589 999 665 solum,
1036 588 1109 677 quia
1131 587 1207 654 mibi
1229 587 1362 673 Cuspius
1383 587 1478 663 dicit,
1513 587 1632 662 credo,

306 685 429 752 tametsi
450 684 484 751 id
504 685 579 752 satis
600 705 669 750 esse
691 682 843 758 debebat,
866 683 922 749 sed
944 683 1113 770 quie(novi
1135 682 1204 748 eius
1224 681 1374 748 iudicium
1396 682 1430 747 in
1453 681 1635 748 bominibus

115 801 201 913 Y(
308 790 340 846 et
360 779 467 847 amicis
487 777 682 875 deligendis)
716 783 746 845 5.
767 781 887 844 Harum
908 777 1083 844 litterarum
1105 776 1153 842 vis
1175 785 1291 863 quanta
1313 775 1424 849 luerit,
1447 776 1633 862 propediem

306 874 470 951 iudicabo,
492 873 630 961 tibique,
663 880 697 939 ut
723 871 862 949 conlido,
892 871 1008 959 gratias
1030 891 1131 956 agam.
1174 874 1259 956 Ego,
1282 889 1363 956 quae
1383 878 1415 936 te
1436 869 1517 936 velle
1538 890 1636 958 quae·

283 991 369 1056 sque
401 968 441 1034 ad
468 977 499 1034 te
531 967 689 1054 pertinere
718 965 913 1043 arbitrabor,
947 965 1050 1033 omnia
1083 964 1223 1032 studiose
1252 962 1482 1052 diligenterque
1503 963 1634 1030 curabo.

309 1068 406 1139 Cura,
428 1071 464 1130 ut
484 1063 598 1130 valeas.

658 1215 660 1220 ¹
765 1206 812 1269 vr.
834 1222 863 1268 a.
906 1201 955 1288 (s.
982 1205 1015 1268 u.
1037 1203 1070 1266 c.
1092 1197 1179 1285 eos.)

508 1330 550 1394 bl.
573 1327 716 1394 ClCERO
740 1327 778 1403 Q.
801 1325 974 1390 VALERIO
998 1325 1037 1402 Q.
1059 1326 1092 1387 F.
1115 1322 1244 1388 oucsE
1265 1321 1431 1387 PROCOS.

394 1442 428 1504 1³.
458 1437 635 1514 Cornelius,
669 1438 725 1525 qui
757 1436 813 1502 tihi
840 1429 895 1502 bas
922 1435 1041 1502 litteras
1070 1433 1176 1510 dedit,
1213 1443 1260 1499 est
1294 1431 1372 1498 mibi
1403 1454 1420 1498 a
1454 1437 1488 1500 P.
1518 1433 1635 1520 Cuspio

146 1563 170 1582 ω
274 1532 557 1608 recommendntus,
581 1533 670 1598 cuius
692 1553 785 1598 causa
806 1539 924 1618 quanto
946 1550 1045 1618 opere
1067 1549 1216 1616 cuperem
1237 1525 1469 1614 deberemque,
1491 1528 1635 1614 prolecto

308 1649 349 1692 ex
371 1647 421 1690 me
443 1625 533 1692 lacile
555 1626 708 1712 cognosti.
758 1625 968 1694 Vehementer
989 1634 1019 1690 te
1041 1644 1139 1709 rogo,
1161 1631 1328 1698 utrumn,
1350 1631 1386 1687 ut
1406 1644 1447 1689 ex
1470 1623 1527 1688 bae
1549 1643 1634 1688 com·

309 1719 510 1785 mendatione
538 1721 614 1786 mibi
638 1721 770 1806 Cuspius
803 1741 897 1806 quam
919 1719 1072 1785 maximas
1109 1715 1367 1805 quamprimum
1395 1738 1489 1804 quam
1518 1715 1635 1803 saepis-

194 1887 197 1898 ,
312 1815 391 1880 sime
413 1816 529 1902 gratias
551 1825 632 1902 agat.
675 1815 761 1882 Vale.

785 1957 850 2020 Vll.
892 1951 943 2035 (A.
969 1957 1002 2020 U.
1025 1957 1057 2020 C.
1078 1955 1169 2031 709.)

274 2090 299 2130 ¹³
791 2078 934 2143 CICERO
958 2077 1102 2142 CLUVIO
1127 2077 1158 2140 S.

395 2192 423 2254 l.
453 2191 530 2256 Cum
564 2187 596 2253 in
619 2177 759 2254 'Goliam
780 2185 981 2274 proficiscens
1002 2208 1062 2274 pro
1085 2195 1191 2251 nostra
1213 2185 1457 2262 necessitudine,
1481 2207 1561 2273 quae
1582 2195 1635 2251 tua

310 2301 430 2348 summa
451 2281 484 2346 in
506 2303 556 2346 me
579 2279 795 2357 observantia,
829 2281 868 2346 ad
891 2303 941 2346 me
964 2281 1092 2347 domurn
1114 2281 1274 2353 venisses,
1297 2280 1420 2345 loeutus
1441 2300 1511 2344 sum
1532 2288 1635 2344 tecum

163 2373 227 2470 ζμ
309 2374 349 2440 de
371 2395 448 2460 agro
469 2375 611 2461 vectigali
634 2375 795 2461 municipii
811 2374 960 2450 Atellani,
984 2375 1037 2484 qui
1053 2374 1182 2468 essetoin
1199 2374 1314 2448 Gallia,
1337 2382 1516 2460 quantoque
1538 2394 1636 2459 opere

202 2473 206 2484 '
312 2467 379 2532 eius
401 2467 562 2554 municipii
584 2489 677 2534 causa
704 2467 901 2543 laborarem,
934 2467 992 2534 tibr
1014 2468 1147 2534 ostendi.
1189 2473 1263 2534 Post
1283 2477 1368 2533 tuem
1389 2476 1492 2532 autern
1514 2467 1636 2552 profec-

273 2587 302 2626 eo
312 2560 429 2627 tionem
465 2579 536 2626 cum
565 2569 596 2627 et
625 2561 760 2628 maxima
792 2584 844 2628 res
873 2561 1035 2648 municipii
1057 2561 1267 2628 honestissimi
1288 2560 1427 2648 mihique
1449 2561 1637 2628 coniunctis·

311 2653 383 2720 siuri
405 2661 436 2719 et
458 2675 614 2722 summum
636 2677 741 2721 meum
763 2655 899 2722 officium
922 2664 1086 2741 ageretur,
1118 2676 1179 2742 pro
1201 2665 1256 2721 tuo
1277 2655 1383 2721 animo
1403 2655 1436 2720 iu
1457 2675 1509 2719 me
1531 2655 1638 2740 siugu-

147 2741 243 2846 ’.μὶζν
311 2748 369 2814 lari
396 2748 573 2814 existimavi
606 2771 657 2814 me
688 2759 838 2837 oportere
872 2749 910 2815 ad
941 2759 971 2814 te
998 2750 1173 2816 accuratius
1201 2746 1358 2824 seribere,
1394 2747 1452 2814 etsi
1480 2748 1545 2814 non
1566 2769 1636 2814 sum

112 2890 126 2911 .
136 2828 217 2944 td&
312 2841 450 2918 nescius,
473 2845 606 2944 etsqnqe
630 2853 808 2930 temporum
830 2844 912 2910 ratio
935 2851 966 2909 et
987 2865 1068 2930 quae
1088 2851 1143 2909 tua
1164 2852 1302 2929 potestas
1323 2833 1385 2941 sis)
1400 2840 1519 2929 tibique
1541 2862 1638 2927 nego·

313 2936 390 3002 tium
411 2935 520 3001 datum
541 2959 610 3004 esse
632 2959 649 3003 e
672 2942 705 3005 C.
724 2943 871 3014 Caesare,
894 2958 958 3004 non
979 2937 1148 3014 iudicium,
1171 2936 1493 3024 praeclareintclligo.
1531 2939 1637 3014 Quare

273 3052 329 3095 ssa
356 3038 387 3094 te
419 3039 538 3096 tantum
569 3043 661 3118 peto,
693 3043 844 3120 quantum
878 3041 909 3098 et
937 3042 967 3099 te
994 3031 1098 3098 lacere
1130 3051 1223 3118 posse
1246 3041 1277 3096 et
1297 3031 1432 3096 libenter
1453 3051 1523 3096 mea
1544 3051 1637 3096 causa

127 3131 191 3218 ¹17
310 3122 465 3189 iacturum
487 3145 556 3191 esse
577 3126 725 3193 arbitror.
783 3133 813 3193 1.
847 3131 887 3194 Ε1
907 3121 1161 3216 primum(velim
1183 3125 1359 3201 existimes,
1392 3123 1478 3214 quod
1499 3144 1552 3189 res
1574 3111 1649 3200 est.)

310 3217 473 3303 municipii
492 3219 634 3286 fortunas
656 3241 766 3286 omnes
788 3222 820 3287 in
841 3222 903 3288 isto
925 3219 1069 3309 vestigali
1090 3219 1284 3295 consistere,
1312 3218 1488 3285 bisantem
1516 3227 1638 3304 tempo-

310 3309 399 3376 ribus
421 3311 481 3378 boc
501 3313 705 3399 municipium
727 3315 874 3382 maximis
895 3313 1048 3381 oneribus
1070 3333 1230 3398 pressum,
1254 3311 1384 3380 summis
1406 3311 1550 3379 affectum
1568 3331 1636 3378 esse

310 3402 552 3472 difficultatibus.
601 3411 670 3473 Iloc
691 3409 750 3474 etsi
772 3429 939 3474 commune
960 3407 1086 3474 videtur
1108 3427 1177 3472 esse
1198 3428 1270 3472 eum
1292 3406 1413 3483 multis,
1435 3415 1539 3472 tamen
1560 3405 1636 3472 mihi

274 3496 403 3562 succede
425 3498 599 3584 singulares
621 3501 693 3566 huic
713 3501 884 3588 municipio
907 3502 1096 3567 calamitates
1118 3500 1291 3579 accidisse;
1328 3521 1405 3588 quas
1433 3498 1552 3565 idcirco
1572 3519 1635 3564 nou

311 3611 541 3668 commemoro,
565 3614 604 3658 ne
626 3593 665 3660 de
687 3595 824 3661 miseriis
845 3617 989 3662 meorum
1003 3601 1253 3661 necessariorum
1267 3615 1462 3682 conquerens
1484 3592 1636 3668 homines,

311 3705 392 3772 quos
412 3685 503 3760 uolo,
526 3686 636 3752 videar
657 3687 828 3754 ollendere.
872 3693 902 3756 3.
925 3695 1050 3776 ltaque,
1073 3687 1133 3754 nisi
1154 3709 1298 3774 magnam
1320 3710 1408 3775 spem
1431 3685 1579 3752 haberem
1603 3689 1635 3752 C.

312 3777 437 3845 Caesari
458 3800 515 3845 nos
537 3800 662 3846 causam
684 3783 845 3870 municipii
867 3782 1077 3870 probaturos,
1100 3805 1164 3850 non
1186 3793 1253 3848 erat
1274 3805 1383 3858 causa,
1406 3803 1464 3848 cur
1484 3802 1503 3846 a
1524 3789 1555 3844 te
1577 3779 1637 3844 boc

311 3880 454 3960 ternpore
475 3873 592 3960 aliquid
613 3875 845 3943 contenderem.
898 3877 960 3943 Sed
982 3878 1056 3964 quia
1078 3877 1202 3943 conlido
1225 3878 1364 3964 mihique
1385 3876 1527 3964 persuasi
1549 3874 1636 3939 illum

260 3977 343 4040 ,oet
372 3966 531 4052 dignitatis
560 3969 721 4056 municipii
751 3978 782 4036 et
814 3971 978 4058 aequitatis
1001 3978 1033 4036 et
1060 3971 1153 4038 etiem
1175 3972 1343 4038 voluntatis
1364 3991 1439 4056 erga
1461 3991 1494 4034 se
1516 3967 1638 4033 babitu-

310 4081 382 4126 rum
405 4081 473 4126 esse
494 4061 664 4138 rationem,
687 4063 760 4129 ideo
782 4085 800 4130 a
820 4073 851 4130 te
873 4085 937 4131 non
958 4064 1099 4130 dubitavi
1120 4065 1327 4140 contendere,
1356 4071 1391 4129 ut
1412 4064 1492 4129 banc
1512 4081 1636 4127 osusaur

312 4153 355 4220 illi
378 4155 531 4240 integram
559 4176 773 4224 conservares.
826 4163 856 4225 1.
881 4158 975 4237 Quod
996 4159 1055 4225 etsi
1076 4157 1174 4224 nihilo
1196 4159 1298 4225 minus
1321 4180 1337 4223 a
1361 4167 1391 4224 te
1416 4167 1572 4243 peterem,
1610 4152 1637 4220 si

313 4248 391 4314 nihil
412 4249 600 4315 audivissem
623 4261 653 4316 te
674 4252 735 4317 tale
755 4251 882 4327 iecisse,
912 4263 1016 4319 umen
1038 4252 1191 4319 maiorem
1213 4273 1301 4338 spem
1322 4249 1508 4338 impetrandi
1530 4258 1638 4314 nactus

315 4364 400 4419 sum,
422 4353 626 4430 posteaquem
648 4344 726 4410 mibi
747 4345 864 4412 dictum
881 4355 943 4422 est,
966 4346 1027 4413 hoc
1040 4346 1125 4412 idem
1140 4368 1158 4411 a
1172 4355 1203 4411 te
1219 4346 1389 4432 Regienses
1404 4343 1636 4430 impetravisse;

277 4438 370 4525 ⁴⁰qui
393 4437 451 4504 etsi
471 4447 502 4504 te
523 4438 627 4524 aliqua
654 4440 883 4507 necessitudine
908 4441 1079 4526 attingunt,
1108 4451 1212 4506 tamen
1235 4449 1308 4506 tuus
1329 4460 1421 4506 amor
1441 4440 1474 4504 in
1495 4459 1547 4504 me
1568 4457 1640 4524 spe-

314 4549 388 4596 rare
410 4549 462 4597 me
482 4531 566 4618 cogit
588 4541 638 4606 te,
661 4532 748 4619 quod
769 4534 830 4600 tuis
851 4535 1036 4600 necessariis
1057 4533 1228 4610 tribueris,
1250 4532 1335 4598 idem
1357 4552 1426 4599 esse
1448 4531 1638 4614 tributurum

315 4626 413 4700 meis,
445 4625 631 4711 praesertim
663 4647 734 4693 cum
764 4648 824 4714 ego
859 4649 919 4714 pro
950 4629 997 4694 bis
1025 4627 1097 4694 unis
1119 4637 1241 4714 petam,
1271 4626 1404 4694 habeam
1425 4636 1546 4699 antem,
1583 4623 1638 4710 qui

380 4788 407 4838 8.
426 4789 517 4840 llovse
536 4789 667 4853 epistolas
685 4789 750 4840 blnc
768 4792 876 4842 lnltlum
895 4793 1008 4843 lecimus
1027 4806 1088 4842 cum
1108 4791 1192 4842 Codd.
1212 4791 1233 4841 ll
1251 4797 1278 4841 st
1297 4791 1368 4855 Llps.
1399 4813 1432 4827 -
1467 4791 1495 4840 s.
1515 4791 1562 4839 lus
1579 4803 1636 4839 om.

311 4857 348 4910 bl.
385 4859 458 4908 Fort.
477 4859 580 4911 litteras
597 4861 655 4911 bos.
682 4860 733 4913 (lr-
763 4885 794 4897 -
830 4861 875 4912 1o.
901 4865 1102 4920 mestitudine,
1129 4875 1195 4925 quoe
1213 4868 1260 4910 tuo
1278 4861 1322 4911 lle
1341 4861 1639 4924 mordentesque

311 4926 343 4978 ll.
387 4927 429 4982 (lu
456 4929 546 4992 priore
571 4930 690 4980 editlone
718 4930 782 4981 coll.
810 4927 839 4995 δ.
869 4931 895 4984 5.
926 4934 1054 4984 dederam
1080 4931 1264 4982 mmessdtm
1288 4944 1388 4996 proque
1412 4937 1469 4980 tue.
1504 4929 1570 4987 os.)
1605 4955 1638 4966 -

311 4995 354 5048 lt.
382 5009 514 5050 eoesmone
540 5000 564 5050 et
588 4999 747 5052 Lambinus.
776 5023 808 5038 -
848 5001 890 5053 ³5.
909 5010 934 5055 st
952 5005 1032 5054 etium
1048 5001 1194 5052 ootuetutr's
1211 5001 1257 5053 lle
1288 5003 1368 5053 ettam
1385 5001 1529 5052 comatis
1548 4997 1586 5059 R,
1614 5005 1639 5050 st

310 5066 457 5120 comesta
473 5069 554 5121 utem
571 5069 730 5124 Lambinus.
767 5071 819 5124 Sed
838 5070 888 5124 clr.
908 5072 967 5125 Lib.
986 5072 1049 5124 Xll.
1069 5083 1113 5136 ep.
1134 5069 1177 5122 18.
