3662 5908
191 1408 202 1451 s

320 419 383 483 tou
753 417 1029 484 Erlsromntnt
1050 417 1102 482 nl)
1124 417 1214 480 Fam.

320 575 438 652 babeo,
474 573 552 661 quid
573 573 722 649 scribam,
758 595 817 641 nec
839 576 898 642 boe
918 584 1059 662 tempore
1081 573 1252 660 quidquam
1274 572 1430 640 difficilius
1451 575 1544 642 facio.
1596 574 1651 640 dd

320 679 351 736 te
373 690 450 736 vero
472 678 504 735 et
524 667 564 734 ad
581 677 720 734 nostram
738 668 903 735 'lulliolam
915 690 979 736 non
993 691 1075 758 queo
1093 669 1160 736 sina
1179 667 1322 752 plurimis
1342 668 1480 735 lacrimis
1494 669 1649 734 scribere.

320 769 384 830 Vns
406 763 490 829 euim
510 761 606 828 video
628 783 696 829 esse
718 763 923 838 miserrimas,
946 785 1024 850 quas
1037 783 1097 848 ego
1119 761 1312 828 beatissimas
1334 783 1460 850 semper
1473 783 1541 828 esse
1556 764 1649 830 solui

319 857 415 945 idque
426 868 586 943 praestare
597 856 692 923 debui
706 865 751 932 et,
766 858 827 924 nisi
840 867 905 924 tam
914 856 1015 923 timidi
1032 857 1215 929 fuissemus,
1231 857 1465 943 prdestitissem.
1504 861 1535 922 2.
1557 859 1651 924 Pisc-

298 973 392 1017 snem
418 961 561 1018 nostrum
588 951 701 1018 merito
723 951 790 1018 eius
812 973 884 1018 amo
907 951 1087 1039 plurimum.
1140 954 1234 1024 Eum,
1265 959 1299 1016 ut
1319 953 1423 1036 potui,
1445 971 1503 1037 per
1524 951 1647 1016 litteras

320 1043 501 1112 cohortatus
522 1065 591 1112 sum
610 1045 787 1132 gratiasque
807 1047 874 1132 egi,
903 1054 938 1112 ut
959 1043 1064 1111 debui.
1106 1048 1142 1109 ln
1163 1043 1253 1109 novis
1276 1042 1410 1110 bibunis
1431 1045 1474 1130 pl.
1503 1045 1647 1130 intelligo

319 1159 408 1225 spem
429 1149 459 1206 te
478 1137 605 1204 habere.
648 1138 684 1205 ld
705 1139 765 1204 erit
789 1139 932 1215 firmum,
955 1140 982 1206 si
999 1137 1140 1224 Pompeii
1159 1137 1301 1202 voluntas
1323 1137 1402 1216 erit;
1425 1137 1481 1204 sed
1499 1143 1645 1205 Crassum

319 1243 424 1298 mmen
445 1242 561 1299 metuo.
603 1240 630 1298 Α
652 1232 831 1321 tequidem
852 1234 956 1300 omnia
975 1233 1044 1299 lieri
1066 1231 1236 1297 fortissime
1258 1242 1290 1297 et
1310 1231 1519 1297 amantissime
1540 1232 1644 1307 video,

320 1347 378 1392 nec
405 1332 519 1406 miron
556 1328 613 1394 sed
644 1349 772 1394 maereo
799 1349 904 1394 casum
933 1326 1102 1401 eiusmodi,
1137 1332 1171 1390 ut
1197 1325 1289 1390 tantis
1310 1326 1372 1392 tuis
1399 1325 1535 1390 miseriis
1556 1345 1645 1390 meae

179 1461 203 1524 g,
284 1439 311 1482 ιι
321 1420 464 1486 miseriae
493 1420 705 1488 subleventur.
759 1427 835 1487 Nam
867 1421 907 1488 ad
935 1442 986 1486 me
1006 1426 1040 1488 Ρ.
1068 1420 1227 1494 Valerius,
1249 1418 1345 1506 bomo
1366 1419 1543 1494 officiosus,
1566 1419 1645 1484 scri·

319 1513 395 1600 psit,
428 1514 461 1580 id
481 1517 567 1603 quod
594 1537 654 1602 ego
677 1516 816 1582 maximo
841 1537 912 1582 cum
942 1515 1017 1581 fletu
1040 1514 1119 1599 legi,
1141 1497 1406 1600 quemadmodum
1431 1537 1449 1580 a
1470 1520 1583 1582 Vestae
1604 1513 1644 1578 ad

213 1631 230 1708 ι)
319 1607 455 1674 tabulam
476 1611 633 1675 Valeriam
655 1607 747 1676 ducta
769 1631 862 1676 esses.
905 1613 1002 1685 Hem,
1024 1629 1094 1675 mea
1117 1609 1187 1684 lux,
1210 1629 1315 1672 meum
1330 1607 1536 1682 desiderium,
1559 1609 1645 1674 unda

319 1723 428 1768 omnes
460 1725 553 1790 opem
579 1714 688 1791 petere
715 1705 870 1770 solebant!
901 1713 932 1770 te
954 1697 1054 1779 nunc,¹
1087 1724 1157 1768 mea
1178 1701 1339 1777 Terentia,
1371 1703 1416 1768 sic
1438 1704 1567 1778 vexari,
1599 1703 1646 1770 sic

318 1795 422 1863 iacere
443 1798 475 1864 in
497 1799 635 1866 lacrimis
657 1808 689 1865 et
708 1799 873 1866 sordibusl
906 1797 1001 1884 idque
1023 1796 1093 1862 lieri
1114 1817 1182 1860 mea
1213 1795 1321 1882 culpa,
1358 1795 1412 1882 qui
1433 1806 1555 1862 ceteros
1576 1819 1644 1863 sar·

283 1895 405 1966 navari,
438 1903 472 1958 ut
495 1915 553 1959 nos
585 1895 778 1980 periremusl
821 1897 851 1959 3.
875 1892 969 1971 Quod
990 1890 1030 1956 de
1051 1890 1147 1955 domu
1168 1889 1295 1964 scribis,
1317 1888 1378 1955 boc
1404 1898 1466 1965 est,
1490 1890 1529 1957 de
1551 1911 1643 1957 area:

319 2005 379 2070 ego
404 2007 482 2052 vero
512 1997 580 2052 tum
601 1988 737 2076 denique
758 1987 835 2053 mibi
857 1984 989 2052 videbor
1009 1985 1187 2058 restitutus,
1220 1984 1247 2049 si
1267 1983 1320 2049 illa
1349 1983 1441 2048 nobis
1470 1985 1530 2048 erit
1551 1983 1644 2049 resti·

319 2089 393 2146 tuta.
436 2086 554 2148 Verum
576 2081 653 2146 baec
673 2102 737 2148 non
758 2081 879 2147 suntin
901 2089 1007 2145 nostra
1029 2101 1133 2144 manu.
1175 2077 1256 2144 lllud
1277 2078 1386 2151 doleo.
1409 2099 1489 2164 quae
1503 2079 1644 2163 impensa

318 2173 459 2240 iacienda
486 2184 548 2250 est,
582 2175 614 2240 iu
636 2175 704 2240 eius
725 2185 847 2262 partem
869 2185 899 2239 te
927 2176 1074 2242 miseram
1096 2184 1128 2240 et
1150 2174 1354 2261 despoliatam
1376 2173 1494 2238 venire.
1549 2171 1644 2250 Quod

319 2266 346 2331 si
368 2266 531 2333 conficitur
552 2269 730 2354 negotium,
760 2269 863 2334 omnia
883 2289 1126 2356 consequemur;
1149 2268 1198 2334 sin
1217 2268 1325 2334 eadem
1344 2287 1402 2332 nos
1426 2266 1553 2333 fortuna
1569 2285 1643 2351 pre-

281 2375 310 2416 ²⁰
320 2369 397 2434 met,
431 2361 565 2426 etiamne
586 2362 735 2448 reliquias
765 2372 833 2428 tuas
865 2362 981 2429 misera
1009 2363 1178 2449 proiiciesl
1220 2360 1360 2427 Obsecro
1388 2371 1438 2434 te,
1470 2379 1539 2423 mea
1565 2358 1642 2433 vita,

320 2453 405 2540 quod
426 2454 464 2519 ad
484 2465 642 2541 sumptum
655 2456 780 2530 attinet,
803 2457 870 2522 sine
891 2457 984 2532 alios.
1008 2457 1063 2544 qui
1083 2463 1224 2541 possunt,
1246 2455 1381 2520 simodo
1400 2454 1529 2524 volunt,
1552 2450 1644 2518 suati-

320 2567 410 2623 nere,
434 2556 466 2612 et
486 2549 693 2614 ualetudinem
723 2549 813 2614 istam
832 2548 1003 2622 infirmam,
1039 2549 1066 2614 si
1087 2571 1137 2614 me
1160 2571 1261 2625 amaa,
1295 2549 1360 2616 noli
1382 2569 1509 2614 vexare.
1566 2553 1642 2612 Nam

319 2639 395 2706 mibi
424 2649 494 2706 ante
523 2643 631 2708 oculos
661 2642 728 2708 dies
763 2651 934 2731 noctesque
963 2642 1114 2709 versaris:
1151 2663 1260 2709 omues
1286 2641 1411 2708 labores
1438 2652 1468 2708 te
1494 2642 1641 2728 excipere

320 2733 428 2813 video;
451 2736 565 2811 timeo,
587 2747 623 2803 ut
643 2739 805 2803 sustineas.
850 2737 911 2804 Sed
933 2736 1026 2802 video
1048 2737 1132 2802 inte
1155 2757 1225 2803 esse
1239 2737 1354 2802 omnia.
1398 2738 1519 2814 Quare,
1544 2747 1580 2802 ut
1600 2736 1642 2809 id,

281 2828 407 2914 acquod
434 2850 542 2916 speras
570 2841 602 2896 et
630 2831 714 2917 quod
737 2833 819 2918 agis,
841 2851 1091 2919 consequamur,
1114 2831 1198 2897 servi
1218 2831 1398 2901 valetudini.
1441 2834 1473 2896 d.
1494 2835 1581 2916 ligo,
1604 2829 1642 2896 ad

321 2943 401 3010 quos
431 2923 586 3001 scribam,
622 2926 743 3002 nescio,
772 2925 834 2992 nisi
866 2926 905 2992 ad
937 2947 1008 3002 ecs,
1041 2926 1096 3012 qui
1118 2925 1157 2990 ad
1178 2946 1229 2991 ma
1251 2924 1409 3000 scribunt,
1436 2923 1550 2989 autad
1572 2943 1641 2995 eos,

319 3017 359 3084 de
380 3019 494 3106 quibus
520 3020 559 3085 ad
580 3041 630 3086 me
646 3041 703 3086 vos
725 3020 842 3108 aliquid
865 3018 1011 3086 scribitis.
1054 3019 1210 3105 Longius,
1238 3019 1385 3106 quoniam
1406 3019 1449 3084 ita
1470 3016 1561 3082 vobis
1579 3017 1644 3103 pla-

320 3122 385 3190 cet,
407 3135 471 3180 non
493 3114 667 3193 discedam;
689 3116 746 3181 sed
767 3115 860 3181 velim
881 3136 977 3201 quarn
999 3114 1180 3200 saepissime
1202 3113 1320 3180 litteras
1334 3112 1479 3187 mittatis,
1501 3132 1643 3199 praeser-

321 3208 392 3282 tim,
416 3208 539 3295 siquid
561 3218 609 3275 est
629 3207 764 3283 firmius,
789 3208 875 3296 quod
896 3230 1068 3296 speremus.
1110 3206 1235 3283 valete,
1257 3227 1326 3274 mea
1344 3205 1509 3280 desideria,
1532 3205 1642 3271 valeta.

282 3306 357 3367 aul).
378 3322 406 3366 a.
428 3300 459 3367 d.
483 3323 534 3368 ιιι.
557 3306 660 3368 Nonas
683 3302 846 3369 Octobres.
878 3300 1109 3368 Thessalonica.

798 3474 859 3535 111.
914 3471 951 3536 A.
976 3473 1009 3536 lt
1032 3473 1063 3536 C.
1086 3474 1158 3537 696.

355 3596 396 3658 bl.
418 3595 579 3658 TULLIUS
602 3596 634 3659 S.
655 3597 693 3658 Ι).
715 3467 938 3658 ruaburga
959 3595 1058 3692 SUAE
1079 3596 1130 3658 ΕΤ
1151 3470 1318 3659 lutura
1338 3596 1389 3657 ET
1411 3593 1603 3658 CICERONI.

408 3727 436 3788 1.
467 3723 581 3808 Accepi
610 3721 649 3788 ab
679 3721 868 3788 Aristocrito
895 3722 951 3788 tris
979 3721 1145 3811 epistolas,
1176 3744 1254 3810 quas
1287 3743 1346 3808 ego
1375 3721 1510 3787 lacrimis
1544 3742 1642 3808 prope

320 3815 432 3882 delevi.
491 3814 648 3882 Conficicr
669 3817 752 3882 enirn
773 3836 938 3892 maerore,
960 3837 1030 3881 mea
1045 3815 1206 3892 Terentia,
1237 3837 1294 3881 nec
1315 3837 1405 3881 meae
1426 3835 1477 3880 me
1499 3814 1643 3880 miseriae

188 3935 194 3963 ι
283 3910 420 3997 armagis
441 3911 622 4006 excruciant
643 3931 736 3999 quam
766 3920 837 3976 tuae
865 3920 1061 3997 vestraeque.
1110 3915 1177 3997 Ego
1199 3919 1302 3976 autem
1325 3910 1385 3976 boc
1405 3908 1553 3976 miserior
1575 3930 1643 3974 sum

179 4002 194 4018 ⁸
319 4025 413 4091 quam
436 4015 486 4079 tu,
509 4025 589 4092 quae
611 4026 645 4071 es
666 4003 859 4079 miserrima,
889 4003 975 4092 quod
995 4003 1063 4091 ipsa
1084 4005 1240 4070 calamitas
1262 4005 1438 4070 eommunis
1459 4013 1507 4070 est
1527 4003 1643 4069 utrius-

319 4119 381 4184 que
403 4103 563 4174 nostram,
593 4099 649 4164 sed
670 4099 761 4185 culpa
782 4119 850 4162 mea
873 4099 1002 4185 propria
1024 4107 1080 4164 est.
1122 4103 1226 4166 Meum
1250 4098 1309 4165 suit
1330 4098 1467 4164 officium
1488 4097 1538 4164 vel
1559 4097 1642 4182 lega·

259 4238 269 4252 .
319 4191 404 4256 bone
426 4191 525 4256 vitare
555 4193 730 4281 periculum
752 4191 802 4257 vel
824 4191 983 4277 diligentia
1005 4201 1037 4256 et
1057 4191 1156 4279 copiis
1185 4192 1333 4258 resistere
1354 4192 1404 4257 rel
1422 4192 1534 4257 cadere
1554 4191 1643 4257 lorti·

320 4295 379 4350 ter.
421 4288 490 4351 flos
511 4287 672 4363 miserius,
701 4285 841 4373 turpius,
873 4284 1031 4371 indignius
1053 4285 1144 4351 nobis
1166 4285 1243 4351 nibil
1264 4285 1332 4352 luit
1389 4291 1419 4351 2.
1442 4290 1550 4364 Quare
1572 4307 1642 4350 cum

282 4378 430 4447 ndolore
452 4379 621 4457 conficior,
658 4390 724 4446 tum
746 4380 840 4445 edam
856 4379 989 4465 pudore.
1039 4379 1138 4446 Pudet
1159 4380 1242 4444 enim
1264 4401 1314 4444 me
1334 4379 1430 4445 uxori
1452 4401 1540 4446 meae
1561 4379 1641 4464 opti·

319 4494 403 4550 mae,
426 4473 619 4540 suavissimis
644 4473 754 4540 liberis
775 4474 923 4540 virtutem
945 4481 977 4539 et
1003 4473 1194 4559 diligentiam
1221 4493 1285 4538 non
1306 4472 1509 4560 praestitisse.
1566 4479 1640 4538 Nam

307 4572 362 4633 ¹‘rut
384 4577 454 4633 ante
476 4567 585 4633 curlus
595 4583 605 4637 ,¹
613 4567 679 4634 dies
707 4571 1049 4659 noctesque('verqatur
1069 4567 1198 4654 squalor
1218 4577 1322 4632 vester
1343 4576 1374 4632 et
1396 4587 1522 4634 maeror
1544 4579 1574 4633 et
1595 4566 1641 4632 in-

319 4659 448 4726 firmitas
482 4661 665 4728 valetudinis
693 4653 780 4750 tuae}
816 4682 888 4750 spes
917 4671 1021 4729 autem
1043 4661 1149 4727 salutis
1171 4661 1330 4748 pertenuis
1353 4661 1537 4727 ostenditur.
1581 4659 1641 4726 lni-

391 4865 417 4914 1.
437 4865 499 4929 qutd
517 4863 559 4915 id:
579 4865 648 4928 quod
666 4863 696 4915 11.
719 4885 750 4900 -
785 4866 812 4916 9.
831 4879 919 4916 mnam
937 4877 988 4916 arte
1005 4863 1130 4914 ιῑιιιιιιοάἰ
1147 4861 1266 4913 maleta
1285 4862 1433 4914 Ernestlus.
1454 4887 1485 4898 -
1523 4865 1565 4914 10.
1584 4863 1641 4913 aab·

320 4934 503 4985 baratarii.
536 4957 567 4970 -
603 4933 646 4984 18.
678 4941 774 4985 taam.
794 4933 830 4985 Μ.
862 4959 892 4972 -
928 4937 972 4984 20.
991 4936 1100 4984 miseras
1117 4933 1216 4995 proteat
1234 4932 1272 4982 ld.
1299 4957 1329 4969 -
1365 4933 1410 4982 et.
1429 4935 1527 4984 attinet
1545 4939 1570 4983 at
1587 4935 1641 4983 atae

319 5003 357 5055 Μ.
394 5005 466 5054 Fert.
486 5006 595 5065 attinet,
621 5005 730 5055 mrem.
758 5005 808 5056 Οιι.
836 5031 869 5040 -
905 5005 949 5055 30.
969 5005 1021 5062 D..
1041 5003 1171 5068 qncdest
1190 5003 1216 5051 ln
1235 5001 1281 5057 Μ.
1301 5015 1356 5052 οιιι.
1378 5003 1406 5052 li.
1429 5027 1457 5038 -
1496 5005 1538 5052 3³.
1559 5005 1641 5064 accipi

321 5088 363 5138 pr.
383 5073 419 5126 Μ.
436 5097 465 5110 -
485 5074 529 5125 34.
548 5087 619 5125 meaa
636 5088 692 5125 om.
712 5074 749 5126 ll.
771 5101 799 5112 -
819 5075 864 5126 40.
884 5076 1009 5139 coaptans
1027 5075 1063 5126 ll.
1083 5074 1137 5124 Nae
1157 5077 1246 5122 tamen
1266 5071 1357 5123 lutura
1376 5073 1431 5123 ind.
1447 5073 1490 5124 bic
1502 5073 1576 5124 loeus
1589 5079 1639 5122 est.
