3662 5892
295 389 359 452 teo
798 391 860 459 ΕΡ.
881 393 934 456 ΑΙ)
956 391 1115 458 llllll'l'llhi

295 567 364 613 esse
385 545 488 614 dehet
530 547 629 614 Filius
650 555 723 613 tuns
744 569 763 614 a
784 569 836 616 me
857 547 955 614 abest.
997 553 1033 615 ln
1054 545 1236 616 llacedonia
1257 547 1546 636 congrediemur.
1599 553 1675 616 lus-

295 661 348 706 sus
376 649 424 706 est
451 641 536 708 enim
557 640 754 708 Ambraciam
782 642 899 710 ducere
926 643 1049 730 equites
1069 664 1129 729 per
1149 641 1358 717 Thessaliam,
1387 651 1418 708 et
1447 643 1598 728 scripsi
1631 643 1674 710 ad

294 756 385 812 enm,
409 745 446 802 ut
467 735 545 802 mibi
566 736 750 802 Heracleam
772 747 964 804 occurreret.
1008 741 1086 804 Cum
1108 757 1181 802 cum
1202 736 1329 811 videro,
1357 743 1540 826 quomam
1565 735 1675 804 nobis

293 829 463 914 permittis,
495 828 705 895 communiter
733 831 957 910 constituemus
986 831 1026 898 de
1054 831 1160 897 reditu
1187 830 1256 896 eius
1286 830 1326 896 ad
1353 830 1574 918 petitionem
1610 839 1674 899 ant

271 921 596 994 scemmendationem
617 923 758 990 honoris.
801 928 832 991 2.
854 924 924 991 Tibi
945 925 1098 1012 Glycona,
1120 924 1276 990 medicum
1297 927 1430 1001 Pansae,
1463 925 1537 1010 qui
1563 945 1674 990 soro-

292 1037 362 1082 rem
376 1016 533 1084 Achilleos
554 1017 653 1084 nostri
675 1018 708 1084 in
722 1019 922 1085 matrimonio
944 1017 1051 1097 habet,
1074 1018 1310 1105 diligentissime
1324 1017 1554 1084 commendo.
1596 1025 1671 1086 Au-

293 1107 397 1176 dimus
419 1130 490 1175 eum
512 1116 636 1178 venisse
656 1111 690 1178 in
711 1113 922 1200 suspicionem
945 1117 1106 1198 Torquato
1128 1112 1168 1179 de
1189 1120 1292 1178 morte
1313 1115 1430 1178 Pansae
1458 1111 1671 1178 custodiri-

292 1223 356 1290 que
377 1213 413 1268 ut
432 1203 631 1291 parricidam.
667 1206 749 1273 Nihil
770 1207 874 1273 minus
895 1206 1087 1272 eredendum
1109 1215 1174 1284 est;
1197 1210 1268 1293 quis
1289 1205 1373 1272 enim
1394 1205 1585 1272 maiorem
1611 1225 1668 1271 oa-

292 1297 463 1364 lamitatem
484 1308 587 1365 morte
608 1303 727 1366 Pansae
747 1301 885 1387 accepit?
917 1303 1084 1367 Praeterea
1107 1309 1155 1365 est
1168 1298 1328 1366 modestus
1349 1299 1446 1365 bomo
1476 1308 1520 1364 et
1547 1298 1665 1384 frngi3

259 1412 390 1478 ecquem
410 1413 450 1457 ne
471 1393 588 1458 utilitas
609 1394 737 1480 quidem
754 1393 898 1461 videatur
918 1394 1093 1480 impulsura
1114 1393 1212 1460 luisse
1233 1393 1273 1460 ad
1294 1392 1425 1464 lacinus.
1474 1399 1594 1480 Rogo
1619 1403 1663 1470 te,

293 1485 466 1572 etquidem
487 1485 578 1552 valde
599 1507 694 1571 rogo,
712 1523 752 1536 -
774 1509 847 1554 nam
860 1488 1017 1555 Achilleus
1039 1497 1232 1555 nosternon
1249 1486 1352 1554 minna
1374 1509 1474 1574 quam
1496 1508 1663 1576 aequum

294 1587 342 1644 est
356 1579 479 1646 laborat
491 1616 550 1656 —-,
572 1581 687 1669 eripias
701 1603 774 1649 eum
796 1603 836 1648 ex
851 1581 992 1650 custodia
1013 1603 1255 1669 conservaeque.
1292 1584 1362 1648 Hoc
1376 1601 1436 1666 ego
1458 1580 1515 1648 ad
1534 1602 1659 1648 meum

293 1672 433 1739 officium
453 1679 647 1759 privatarum
668 1697 776 1743 rerum
798 1697 898 1763 aeque
920 1685 1013 1764 atquc
1034 1675 1130 1742 ullam
1151 1675 1242 1740 aliam
1267 1695 1335 1741 rem
1356 1674 1537 1762 pertinere
1564 1672 1661 1740 arbi·

292 1773 372 1833 tror.
414 1773 445 1834 3.
468 1772 545 1837 Cum
567 1770 623 1836 bas
645 1769 685 1835 ad
706 1779 738 1836 te
759 1769 932 1837 scriberem
953 1769 1089 1847 litteras,
1112 1767 1152 1836 ah
1174 1773 1295 1844 Satrio,
1321 1769 1424 1854 legato
1447 1771 1487 1836 C.
1519 1766 1660 1834 Trebo-

258 1859 354 1934 ranii,
383 1861 508 1928 reddita
535 1874 583 1931 est
609 1865 687 1930 mibi
715 1865 864 1951 epistola,
893 1887 911 1930 a
933 1866 1025 1932 Tillio
1048 1875 1080 1932 et
1099 1866 1250 1930 Deiotaro
1271 1862 1467 1930 Dolabellam
1503 1884 1656 1928 caesum

292 1953 497 2043 fugatumque
519 1979 598 2024 esse.
643 1963 794 2026 Graecam
816 1959 981 2046 epistolam
1002 1959 1060 2025 tihi
1081 1959 1153 2024 misi
1176 1957 1306 2026 Cicereii
1328 1955 1496 2023 cniusdam
1525 1955 1577 2022 ad
1595 1959 1657 2021 Sa·

292 2047 389 2116 trium
411 2051 548 2118 missam.
586 2052 615 2119 4.
636 2053 761 2120 Flavius
783 2061 891 2119 noster
913 2054 952 2120 de
967 2051 1200 2126 controversia,
1223 2072 1317 2139 quam
1339 2049 1435 2118 habet
1455 2071 1543 2116 cum
1561 2055 1652 2138 Dyr·

292 2141 450 2210 rhachinis
470 2145 707 2223 hereditariam,
729 2147 863 2233 sumpsit
883 2157 914 2212 te
936 2146 1081 2214 iudicem.
1116 2152 1206 2232 Rogo
1228 2154 1275 2220 te,
1299 2145 1428 2220 Cicero,
1451 2152 1487 2209 et
1506 2143 1652 2209 Flavius

292 2247 398 2324 rogat,
429 2260 498 2305 rem
527 2240 683 2306 coniicias.
729 2241 814 2317 Quin
843 2241 888 2318 ei,
915 2242 971 2328 qui
993 2240 1132 2307 Flavium
1159 2239 1233 2304 lecit
1260 2237 1427 2314 heredem,
1455 2237 1648 2324 pecuniam

255 2353 285 2398 aa
294 2329 441 2397 debuerit
460 2333 585 2408 civitas,
609 2354 672 2398 non
694 2341 742 2399 est
756 2331 886 2399 dubium
897 2355 907 2412 ;
928 2354 1031 2421 neque
1045 2333 1255 2421 Dyrrhachini
1275 2330 1461 2406 infitiantur,
1484 2331 1556 2398 sed
1583 2329 1649 2397 sibi

294 2423 443 2490 donatum
474 2447 527 2490 aes
549 2425 685 2491 alienum
707 2447 726 2492 a
749 2431 883 2494 Caesare
904 2427 1021 2494 dicunt.
1063 2427 1134 2494 Noli
1155 2428 1219 2515 pati
1239 2449 1259 2494 a
1278 2428 1464 2494 necessariis
1486 2429 1562 2496 tuis
1587 2449 1646 2494 ne-

294 2520 431 2676 cessgrio
458 2540 531 2585 meo
558 2519 706 2586 iniuriam
732 2519 812 2586 lieri.
860 2540 950 2588 xvrr.
977 2519 1107 2588 Kalend.
1134 2525 1204 2589 lun.
1229 2542 1271 2588 ex
1299 2522 1426 2598 castris,
1458 2521 1503 2590 ad
1537 2523 1644 2589 imam

296 2615 358 2678 Can
381 2611 493 2678 aviam.

703 2739 767 2803 VII.
810 2740 961 2804 BRUTUS
984 2738 1168 2805 ClCEltONl
1190 2741 1222 2807 S.

257 2877 286 2923 2³
381 2851 409 2915 1.
436 2851 471 2914 L.
493 2848 623 2916 Bibulus
650 2869 744 2935 quam
765 2869 857 2915 eamn
878 2849 956 2915 mihi
984 2871 1053 2916 esse
1075 2849 1201 2926 debeat,
1230 2869 1324 2915 nemo
1345 2849 1461 2917 melius
1480 2851 1638 2918 iudicare

293 2949 397 3029 potest
417 2964 512 3031 qnam
534 2953 584 3020 tu,
613 2945 703 3012 cuins
725 2953 828 3012 tantm
856 2964 916 3030 pro
937 2965 974 3011 re
995 2943 1120 3031 publica
1146 2943 1361 3010 contentiones
1383 2944 1637 3012 sollicitudines·

294 3057 356 3123 que
377 3035 513 3104 luerunt.
556 3041 665 3126 ltaque
685 3038 736 3106 vel
757 3039 856 3126 ipsius
877 3038 977 3104 virtus
1005 3038 1055 3103 vel
1076 3049 1184 3104 nostra
1205 3037 1404 3104 necessitudo
1433 3037 1532 3106 debet
1556 3059 1637 3104 con-

294 3130 401 3196 ciliare
421 3140 453 3196 te
474 3131 535 3209 illi;
564 3133 754 3219 quominus
774 3132 872 3202 multa
901 3131 977 3196 mihi
1001 3131 1167 3198 scribenda
1191 3152 1259 3198 esse
1281 3131 1429 3198 arbitror.
1471 3133 1635 3200 Voluntas

294 3223 379 3289 enim
407 3234 438 3291 te
466 3247 598 3291 movere
626 3225 719 3291 debet
739 3235 862 3298 nostra,
892 3226 920 3292 si
941 3224 1036 3292 modo
1057 3225 1139 3291 iusta
1161 3235 1208 3292 est
1233 3235 1286 3291 aut
1307 3247 1367 3312 pro
1390 3226 1494 3292 officio
1517 3247 1632 3292 neces-

259 3345 286 3390 so
294 3317 379 3384 sario
401 3319 579 3406 suscipitur.
621 3323 657 3385 ln
671 3323 789 3386 Pansae
810 3319 914 3384 locum
937 3327 1045 3403 petere
1068 3318 1238 3385 constituit.
1280 3322 1357 3384 Eam
1376 3320 1632 3386 nominationem

294 3418 365 3476 ata
386 3412 532 3498 petimus.
575 3417 682 3500 Neque
714 3413 921 3480 coniunctiori
948 3411 1023 3478 dare
1052 3410 1255 3485 beneficium,
1285 3432 1378 3499 quam
1406 3433 1464 3478 nos
1493 3413 1555 3479 tihi
1578 3433 1631 3478 su·

294 3524 379 3579 mus,
409 3527 511 3591 neque
533 3507 710 3593 digniorem
731 3507 895 3572 nominare
919 3515 1009 3592 potes
1038 3525 1133 3593 quam
1154 3505 1309 3572 Bibulum
1353 3510 1384 3571 D.
1415 3511 1462 3571 De
1483 3504 1656 3572 Domitio=

295 3605 326 3661 et
339 3599 495 3683 Appuleio
517 3599 594 3685 quid
614 3601 723 3668 attinet
743 3621 793 3666 me
815 3599 970 3676 seribere,
992 3621 1064 3666 cum
1084 3600 1145 3687 ipsi
1165 3621 1224 3687 per
1245 3621 1279 3666 se
1301 3597 1359 3664 tibi
1381 3599 1626 3666 commendatis·

294 3691 366 3756 simi
387 3691 470 3757 sint‘l
502 3695 689 3780 Appuleium
709 3715 788 3762 vero
809 3703 843 3761 tu
864 3706 919 3762 tua
940 3694 1124 3760 anctoritate
1151 3694 1306 3760 sustinere
1328 3692 1434 3760 debes.
1478 3693 1542 3760 Sed
1565 3699 1628 3778 Ap-

259 3784 418 3872 aspuleius
439 3785 472 3850 in
494 3809 549 3852 sua
571 3789 704 3875 epistola
724 3787 945 3855 celebrabitur.
988 3787 1136 3854 Bibulum
1159 3789 1225 3855 noli
1246 3788 1403 3854 dimittere
1425 3809 1443 3854 e
1465 3789 1537 3855 sinu
1559 3799 1625 3860 tuo,

295 3885 414 3945 tantum
435 3880 498 3945 iam
520 3883 639 3958 virum,
669 3905 711 3950 ex
733 3891 867 3970 quanto,
896 3881 991 3948 crede
1012 3881 1104 3956 mihi,
1127 3891 1230 3969 potest
1252 3882 1403 3958 evadere,
1433 3882 1488 3970 qui
1510 3880 1625 3950 vestris

294 3996 467 4062 paucorum
488 3978 679 4064 respondeat
698 3976 854 4044 laudibus.

722 4074 802 4175 uu.
846 4109 989 4176 crunno
1011 4107 1142 4174 annno
1168 4110 1199 4173 s,

381 4228 409 4288 1.
438 4221 552 4287 Multos
580 4220 638 4287 tihi
658 4221 891 4294 commendavi,
921 4229 954 4285 et
980 4219 1197 4286 commendem
1225 4238 1354 4285 neeesse
1376 4225 1434 4284 est.
1478 4218 1626 4305 Optimus

257 4317 378 4382 tnenim
401 4317 533 4401 quisque
555 4317 604 4380 vir
618 4325 649 4381 et
663 4314 740 4380 civis
762 4315 899 4380 maxime
913 4315 1055 4401 sequitur
1075 4324 1163 4380 tuum
1179 4313 1349 4388 iudicium,
1371 4310 1492 4393 tibique
1513 4329 1621 4377 ornnes

363 4461 390 4511 D.
410 4459 580 4510 Ambraciam
599 4461 623 4511 i:
642 4459 802 4510 Ambrae-hin
819 4459 863 4520 hl,
883 4459 1026 4509 Ambracio
1043 4459 1111 4508 ltili.
1133 4483 1163 4494 -
1195 4459 1222 4508 3.
1241 4459 1310 4509 Eum
1327 4471 1386 4508 eum
1403 4457 1436 4506 ll.
1458 4481 1490 4492 -
1524 4456 1552 4506 d.
1574 4460 1620 4506 out

294 4531 546 4581 commendationem
563 4530 646 4583 Mlti:
674 4535 723 4580 aut
741 4529 778 4578 nd
796 4531 1051 4580 commendationem
1069 4530 1099 4580 li.
1128 4553 1161 4566 -
1196 4531 1224 4580 5.
1250 4527 1371 4591 Glycona
1388 4526 1432 4577 hl:
1458 4525 1565 4577 clitorio
1583 4526 1619 4583 ll,

293 4601 425 4650 Helicona
443 4601 471 4660 1,
500 4601 637 4652 Glaucone
654 4600 685 4650 ll·
722 4599 1065 4663 ctr.Susron.tug.1e.
1096 4623 1127 4635 -
1164 4599 1191 4649 ’1.
1216 4594 1286 4661 cum]
1306 4600 1376 4650 enim
1393 4595 1417 4648 l.
1447 4621 1480 4632 ·-
1516 4597 1559 4647 ll·
1585 4599 1621 4646 cst

295 4685 409 4734 aequum
427 4683 442 4721 a
461 4671 544 4722 Codd.
565 4671 655 4734 Regiis
674 4673 711 4728 (1)
731 4670 933 4721 Lallemandus.
955 4695 986 4706 -
1016 4670 1059 4720 ta.
1078 4670 1200 4721 elaboret
1218 4669 1239 4719 1.
1265 4693 1291 4703 -
1322 4669 1365 4719 14.
1386 4682 1404 4718 ιι
1421 4665 1512 4718 Sutrio
1530 4666 1568 4728 lt,
1588 4663 1620 4714 nh

294 4739 393 4802 satyro
411 4740 433 4789 1.
455 4767 485 4778 -
516 4741 693 4803 1511131015
709 4741 774 4790 mihi
792 4742 822 4791 a.
845 4767 874 4778 -
910 4741 996 4790 Tullio
1015 4740 1060 4791 tu.
1092 4737 1137 4802 (Ut
1156 4753 1221 4800 nos,
1242 4739 1282 4790 Vh
1300 4744 1328 4790 et
1344 4738 1388 4799 bl;
1409 4749 1558 4800 rursusque
1576 4737 1619 4787 lir-

295 4806 420 4871 nestias·)
444 4834 471 4844 -
499 4813 542 4862 111.
563 4814 669 4863 cessat
687 4811 755 4862 MR:
776 4811 894 4873 cytharas·
912 4812 941 4872 l,
962 4809 1083 4873 quherer'
1101 4811 1132 4860 Ε.
1154 4831 1185 4845 -
1209 4809 1339 4872 Satyrum
1356 4808 1378 4858 1.
1404 4831 1428 4841 —
1458 4805 1502 4857 18.
1523 4819 1620 4856 aaran·

291 4881 346 4941 psit
366 4881 396 4930 tt.
419 4907 448 4918 -
468 4882 511 4932 2⁶2.
533 4896 606 4932 rrrrr.
627 4896 667 4946 pr.
688 4882 730 4942 hl,
751 4895 813 4931 rur.
834 4882 865 4930 a.
889 4903 916 4915 -
943 4882 986 4931 25.
1009 4882 1039 4930 L.
1058 4894 1114 4930 om.
1134 4880 1180 4930 lll.
1201 4903 1232 4916 ·-
1251 4879 1295 4930 dd.
1314 4874 1470 4942 Appuleius]
1490 4875 1620 4926 Domitius

295 4949 316 4998 1.
349 4949 404 5000 Cir.
424 4951 559 5004 Tunstalli
579 4952 685 5014 Obsp.
705 4953 767 5002 392.
787 4951 883 5002 -·35.
902 4953 1017 5003 emittere
1036 4951 1066 5000 ll.
1089 4948 1212 5001 -eblt
1231 4965 1265 5002 aa
1282 4951 1350 5001 ltili.
1372 4975 1402 4985 -
1431 4947 1475 4998 311.
1495 4960 1618 4998 commen·

294 5019 370 5085 davil
390 5023 542 5073 commendo
562 5024 580 5073 i.
601 5045 631 5058 -
650 5023 694 5073 110.
714 5024 831 5074 mommo
849 5035 904 5072 om.
919 5023 941 5072 1.
962 5046 994 5058 -
1014 5028 1092 5073 tuum
1109 5021 1234 5072 iudicium
1251 5021 1316 5074 hlltr
1338 5019 1465 5071 iudicium
1482 5022 1557 5068 teum
1576 5016 1616 5066 lll.
