3680 5944
692 436 766 500 Lto.
788 435 868 500 vtll.
910 434 968 497 ΕΡ.
993 431 1041 496 16.
1455 440 1515 502 557

205 623 297 688 gere,
319 595 464 683 incipiam
487 613 614 679 sperare
636 597 728 658 otiam
750 591 881 658 consitio
902 598 1041 663 senatus,
1070 597 1198 656 auctore
1220 600 1265 666 tc,
1288 593 1343 660 itto
1363 594 1515 672 relatore,

204 677 388 781 Pompeium
410 699 441 754 et
464 691 626 754 Caesarem
648 686 795 771 coniungi
816 706 918 772 posse.
976 682 1068 762 Quod
1090 683 1117 748 si
1139 685 1251 749 tactum
1274 689 1348 763 erit,
1371 712 1421 756 me
1443 692 1516 759 satis

204 789 321 854 vixisse
350 781 477 871 putabo.
527 786 557 846 3.
578 786 705 846 Factum
734 779 872 846 Caesaris
899 779 938 844 dc
967 777 1103 843 Corfinio
1126 786 1222 844 totum
1255 790 1283 844 te
1312 783 1516 866 probaturum

205 880 282 946 scio.
326 874 495 956 Quomodo
517 873 548 938 iu
570 871 748 968 huiusmodi
769 894 821 946 re,
854 870 1048 937 commodius
1069 871 1181 936 cadere
1203 894 1266 936 narn
1287 876 1400 959 potuit,
1423 899 1516 965 quam

208 983 242 1039 ut
263 994 315 1038 res
337 975 404 1036 siue
426 967 575 1051 sauguine
598 967 755 1032 confieret.
797 966 885 1034 Balbi
915 965 976 1030 mei
998 965 1104 1050 tuique
1127 966 1259 1033 adventu
1282 966 1466 1036 delectatum
1488 980 1541 1037 tet

205 1065 294 1133 ratde
308 1063 440 1150 gaudeo.
480 1065 510 1127 Is
525 1080 728 1146 quaecunque
739 1060 795 1126 tibi
813 1061 851 1126 de
866 1065 997 1127 Caesare
1008 1061 1086 1125 dixit
1098 1082 1239 1147 quaeque
1252 1066 1365 1127 Cacsar
1386 1061 1517 1146 scripsit,

204 1165 279 1235 scio,
301 1180 336 1224 rc
352 1157 408 1224 tihi
423 1153 578 1242 probabit,
601 1175 807 1242 quaecuuque
823 1155 945 1220 fortuna
962 1154 1028 1219 cius
1047 1154 1149 1228 suerit,
1172 1155 1332 1220 verissime
1347 1156 1520 1244 scripsisse.

664 1297 744 1360 rvr.
788 1291 834 1377 (a.
862 1297 894 1358 u.
918 1298 949 1358 o.
972 1295 1057 1368 ros.)

678 1417 818 1481 CICERO
847 1418 990 1481 ATTICO
1013 1417 1044 1482 S.

291 1538 319 1600 t.
343 1531 455 1599 Omnia
477 1529 552 1594 mihi
575 1527 701 1614 provisa
722 1537 792 1592 sunt
812 1538 939 1613 praeter
960 1528 1114 1592 occuitum
1136 1537 1167 1594 et
1188 1537 1288 1596 tutum
1303 1536 1363 1599 iter
1377 1535 1416 1601 ad
1430 1557 1517 1602 mare
1531 1558 1556 1602 ao

204 1649 365 1714 superum.
417 1629 485 1690 tloc
514 1622 598 1688 enim
627 1621 705 1686 mari
727 1621 772 1687 uti
793 1641 856 1686 nou
878 1641 1044 1707 possumus
1073 1620 1133 1686 hoc
1154 1632 1295 1709 tempore
1316 1628 1399 1694 anni.
1442 1631 1518 1698 tttuc

205 1733 325 1794 autom,
362 1740 426 1806 quo
448 1726 566 1804 spectat
586 1715 707 1782 animus
730 1724 761 1780 et
782 1735 844 1801 quo
865 1736 918 1780 res
942 1723 1044 1790 vocat,
1074 1737 1134 1802 qua
1156 1717 1304 1785 veniam?
1339 1723 1518 1789 Cedendum

205 1816 287 1882 anim
310 1824 357 1880 cst
377 1813 535 1886 celeriter,
572 1833 610 1876 ne
632 1809 714 1876 forto
736 1830 797 1895 qua
819 1831 854 1874 re
882 1808 1035 1895 impediar
1061 1819 1154 1896 atque
1183 1811 1301 1898 attiger.
1357 1820 1420 1881 Nec
1442 1839 1518 1883 rero

206 1910 257 1975 itte
279 1931 329 1973 me
350 1907 449 1982 ducit,
472 1907 526 1993 qui
547 1904 688 1983 videtum
711 1926 804 1990 quern
826 1925 886 1989 ego
907 1903 1064 1970 bominem
1087 1908 1364 1975 drotarmairorou
1379 1912 1518 1977 omnium
1548 1951 1552 1962 ·

205 2004 267 2069 iam
289 2012 360 2067 ante
381 2021 567 2086 cognoram,
590 2021 672 2064 nunc
694 2019 770 2064 roro
793 1999 884 2062 etiam
899 1999 1233 2082 ἀσιρατηγικῶτατον.
1277 2007 1343 2067 Nou
1358 2025 1408 2068 me
1423 2003 1556 2090 igiturne

206 2097 233 2162 is
255 2096 355 2170 ducit,
378 2093 433 2160 scd
454 2115 557 2159 sermo
579 2091 755 2166 hominum,
778 2092 833 2179 quai
855 2090 893 2157 ad
910 2113 959 2156 me
973 2115 991 2156 a
1007 2091 1172 2158 Philotimo
1186 2093 1342 2160 scribitur.
1385 2100 1414 2162 ts
1435 2098 1519 2162 enim

206 2211 257 2256 me
289 2188 327 2254 ah
357 2187 557 2275 optimatibus
589 2185 632 2252 ait
660 2186 830 2252 conscindi.
882 2183 1004 2263 Quibus
1026 2185 1245 2272 optimatibus,
1278 2188 1321 2252 dii
1343 2187 1441 2255 bonit
1464 2192 1519 2277 qui

206 2304 288 2348 cunc
309 2281 468 2368 quomodo
490 2286 679 2346 occurrunt?
708 2279 867 2366 quomodo
890 2288 992 2345 autem
1015 2301 1048 2344 sc
1069 2280 1227 2346 venditant
1249 2284 1398 2348 Caesari?
1420 2285 1521 2350 Muni-

206 2378 286 2464 cipia
306 2397 384 2441 vero
406 2374 515 2452 deum;
547 2393 605 2439 nec
625 2374 785 2448 simutant,
816 2381 850 2438 ut
871 2395 941 2439 cunr
963 2373 1002 2439 de
1029 2373 1083 2439 ilto
1104 2386 1234 2459 aegroto
1263 2387 1334 2442 vota
1356 2376 1519 2442 iaciebant.

204 2476 235 2536 2.
259 2470 320 2536 Sed
341 2469 448 2556 piane,
471 2467 625 2556 quidquid
647 2468 718 2532 anati
741 2468 988 2533 hict’isistratus
1008 2487 1070 2532 non
1093 2468 1217 2543 iecerit,
1241 2479 1301 2534 tam
1319 2481 1441 2556 gratum
1463 2481 1557 2545 estne

206 2585 299 2651 quam
321 2564 348 2629 si
370 2564 466 2628 alium
493 2563 597 2628 facere
623 2559 829 2647 prohibuerit.
871 2567 961 2627 Hunc
982 2561 1151 2647 propitium
1180 2574 1321 2647 sperant;
1351 2563 1437 2629 ittnru
1458 2565 1521 2630 ira·

206 2667 271 2723 tum
294 2667 412 2744 putant.
470 2660 562 2744 Quas
578 2656 646 2722 hert
669 2677 776 2721 censes
798 2656 993 2734 ἀπαντήσεις
1015 2675 1054 2718 cx
1083 2655 1226 2740 oppidist
1263 2676 1342 2742 quos
1363 2656 1519 2722 honorest
1628 2667 1635 2683 ·

205 2757 361 2824 htetuunt.
390 2751 521 2836 inquies.
566 2749 683 2829 Credo;
717 2749 773 2814 sed
795 2749 970 2814 mohercntc
992 2749 1079 2812 ittam
1101 2749 1207 2832 magis.
1251 2749 1350 2814 Huius
1372 2751 1521 2816 insidiosa

205 2845 366 2910 clementia
390 2844 595 2923 delectantur;
623 2846 708 2911 iltius
730 2842 920 2910 iracundiam
943 2840 1120 2906 formidant.
1168 2841 1289 2906 ludices
1310 2861 1444 2917 acccc„
1467 2843 1521 2930 qui

205 2938 373 3024 praecipue
396 2941 499 3004 Cuneo
522 2949 630 3004 nostro
653 2936 899 3010 delectabantur,
922 2957 961 2998 ex
978 2934 1093 3020 quibus
1108 2935 1247 3021 quotidie
1263 2935 1397 3021 aliquem
1416 2935 1557 3012 videone

206 3031 402 3118 nescioquas
417 3032 485 3097 eius
503 3035 650 3097 Lucerias
671 3031 809 3097 horrent.
842 3035 948 3115 ltaque
963 3049 1095 3114 quaero,
1124 3028 1177 3115 qui
1200 3029 1260 3094 sint
1275 3029 1325 3094 isti
1339 3030 1520 3116 optimates,

207 3124 261 3210 qui
282 3145 332 3188 me
355 3123 537 3199 exturbent,
560 3146 632 3190 cum
654 3125 713 3211 ipsi
732 3124 817 3190 (tomi
833 3134 984 3187 maneant.
1028 3121 1090 3186 Sed
1104 3131 1220 3192 tamen,
1243 3124 1419 3210 quicunque
1439 3134 1520 3198 sunt,

207 3224 359 3301 αἰδέομαι
388 3223 515 3302 Τρῶας.
573 3218 654 3294 Etsi,
684 3241 745 3305 qua
772 3239 827 3302 spe
857 3215 1053 3303 proticiscar,
1087 3214 1197 3292 video;
1230 3215 1449 3305 coniungoque
1470 3239 1520 3283 me

207 3332 277 3376 cum
309 3311 435 3377 homino
464 3313 563 3397 magis
590 3313 630 3378 ad
656 3312 833 3379 vastandam
865 3309 984 3375 ltaliam
1012 3329 1106 3397 quam
1134 3307 1173 3374 ad
1196 3309 1379 3375 vincendum
1402 3319 1520 3396 parato.

207 3405 372 3485 'rhemum
395 3426 488 3492 quern
511 3417 669 3494 exspecto.
712 3409 751 3472 Et
770 3404 913 3492 quidem,
935 3423 1005 3468 cum
1028 3407 1103 3468 haec
1124 3401 1319 3477 scribebam,
1342 3423 1388 3468 ιν.
1410 3409 1558 3478 donasse

205 3498 268 3562 iam
290 3499 507 3583 exspectabam
530 3500 646 3587 atiquid
668 3521 687 3565 a
709 3498 885 3565 Brundisio.
929 3497 1013 3576 Quid
1034 3507 1136 3562 autem
1159 3495 1302 3582 aliquid?
1324 3518 1382 3562 -ε
1426 3518 1521 3583 quam

206 3592 279 3657 inde
302 3593 435 3679 turpiter
464 3593 597 3678 fugisset
627 3603 657 3658 et
686 3593 787 3659 victor
814 3592 865 3658 bic
887 3613 947 3678 qua
969 3613 1002 3656 se
1022 3591 1157 3656 referret
1179 3601 1209 3655 ct
1231 3612 1305 3678 quo.
1349 3592 1443 3670 Quod
1465 3589 1519 3657 uhi

206 3685 377 3760 audissem,
400 3687 427 3752 si
448 3687 501 3753 itte
522 3688 619 3774 ttppia
640 3687 781 3760 veniret,
804 3706 862 3771 ego
885 3686 1035 3772 Arpinum
1057 3683 1241 3771 cogitabam.

276 3831 302 3881 3.
334 3846 373 3881 me
394 3833 568 3895 probatorem
594 3834 656 3882 sciet
684 3833 759 3884 atat.
797 3829 968 3894 (Emendavit
997 3832 1127 3881 Graevius
1155 3843 1169 3880 o
1194 3831 1259 3880 Cod.
1282 3831 1432 3890 Ursint.)-
1450 3831 1477 3882 h.
1497 3838 1521 3881 et

206 3902 334 3965 quomodo
353 3901 375 3950 Ι.
409 3927 438 3938 -
476 3903 600 3952 eiusmodi
618 3903 650 3952 tt.
683 3927 715 3938 -
752 3905 778 3954 5.
797 3901 929 3968 confieret]
955 3901 1152 3967 comperietur
1171 3899 1214 3958 Μ,
1243 3902 1520 3962 evanesceremus,

207 3971 381 4035 conficeretur.
421 3972 481 4024 Vota
498 3972 521 4022 1.
546 3995 572 4006 -
609 3988 650 4024 ms
666 3973 780 4038 tttndquc
798 3973 845 4032 M,
869 3986 909 4023 ms
926 3973 1044 4036 ttttorque
1062 3972 1103 4032 a,
1122 3983 1162 4020 me
1178 3971 1245 4020 tttud
1262 3974 1331 4034 guod
1350 3971 1371 4022 1.
1392 3973 1451 4027 (met
1471 3975 1522 4023 tut·

207 4054 254 4104 oreo
273 4055 327 4102 mg.
347 4037 396 4102 Μ.)
418 4065 448 4078 -
485 4043 598 4093 aduentu
616 4043 769 4094 delectatum
786 4045 861 4094 cot&
880 4042 901 4092 a
920 4047 948 4092 et
967 4056 1007 4104 pr.
1026 4041 1072 4097 Μ,
1103 4041 1216 4090 moena
1240 4043 1294 4090 ctus
1311 4043 1464 4092 detectorum
1483 4051 1520 4094 ert

209 4109 282 4160 ootde
310 4111 331 4160 1.
365 4109 489 4170 (aduentu
515 4113 669 4163 detectorum
690 4121 714 4163 ta
740 4114 816 4164 calda
834 4127 904 4162 corr.
937 4109 988 4172 Μ.)
1017 4135 1045 4145 -
1083 4109 1109 4160 h.
1134 4111 1202 4158 discit
1229 4123 1283 4160 orn.
1303 4112 1336 4161 R.
1359 4133 1386 4146 -
1426 4112 1521 4164 Caesar

208 4186 318 4230 auctora
337 4179 453 4231 Graerto
471 4180 570 4233 deterit
588 4183 754 4234 Schuetztus.
776 4207 805 4221 -
842 4183 868 4232 7.
887 4183 958 4241 acio,
985 4195 1012 4230 re
1030 4177 1087 4243 tihi]
1106 4179 1297 4240 recreassent,
1327 4182 1350 4230 aa·
1367 4195 1395 4230 re
1414 4182 1461 4231 ttht
1478 4184 1519 4244 a,

206 4251 259 4300 acto
278 4251 325 4300 aaut
343 4251 365 4301 1.
403 4251 570 4313 (tlorrectum
588 4254 615 4304 tn
636 4253 788 4304 t'ictortann
808 4251 865 4316 pr.)
885 4277 912 4290 -
945 4247 1085 4312 verissima]
1104 4250 1165 4300 calta
1182 4261 1278 4299 summa
1294 4251 1363 4308 sta,
1388 4251 1521 4304 hetttartme

208 4319 230 4368 1.
267 4321 397 4380 (Correxit
415 4322 575 4382 Manutius.)
602 4349 633 4359 -
669 4325 712 4373 to.
732 4317 869 4384 ettotam]
899 4329 923 4372 et
943 4329 997 4371 tum
1015 4321 1033 4370 Ζ
1051 4326 1077 4370 et
1096 4333 1135 4383 pr.
1155 4318 1204 4374 Μ,
1235 4327 1331 4369 metam
1349 4320 1384 4369 ttt
1403 4326 1429 4370 et
1448 4335 1519 4374 corr.

207 4389 245 4439 Μ.
282 4389 639 4456 tCorrectumerXY.)-
676 4393 719 4444 ta.
740 4406 863 4456 quoom.
884 4391 959 4442 t.-
997 4389 1319 4439 13.eeterttereat1.-
1352 4391 1522 4464 thaorpn-

207 4473 410 4526 τηγητοτατον
439 4460 477 4511 Μ.
506 4488 537 4498 -
573 4459 622 4525 me}
647 4463 710 4511 mtbt
740 4477 780 4526 pr.
805 4463 841 4512 Μ.
871 4487 901 4497 -
938 4459 982 4510 to.
1013 4475 1030 4508 u
1055 4473 1110 4508 orn.
1130 4459 1167 4510 M.
1196 4481 1227 4493 -
1261 4458 1350 4509 ambit
1370 4473 1410 4523 pr.
1430 4461 1468 4512 Μ.
1489 4486 1520 4502 ·-

209 4530 383 4580 thermad
402 4531 476 4581 deum
494 4545 563 4582 corr·
584 4533 630 4592 Μ,
657 4545 718 4581 cero
742 4534 777 4582 ud
795 4545 852 4580 eram
868 4531 914 4580 ut.
934 4555 967 4564 -
1004 4531 1047 4578 et.
1067 4530 1143 4578 Hune
1164 4529 1291 4580 ambit.
1312 4555 1343 4565 -
1380 4529 1423 4579 2⁸2·
1441 4539 1521 4594 potat

208 4599 246 4648 Μ.
278 4625 309 4636 -
347 4599 427 4664 Quas]
451 4617 507 4651 cum
532 4601 592 4652 MR.
626 4627 653 4638 -
692 4602 735 4651 24.
755 4599 835 4664 attero]
855 4602 930 4650 bacina
947 4600 1019 4650 atat.
1049 4622 1078 4637 ·-
1114 4595 1216 4658 siccem]
1236 4611 1279 4648 nc.
1299 4611 1356 4648 ccc,
1376 4613 1401 4649 ι.
1421 4599 1463 4661 Μ,
1483 4603 1521 4652 Da

208 4681 279 4717 cccc.
300 4670 329 4730 t,
349 4671 380 4720 de
397 4683 484 4722 ccccx.
507 4672 609 4721 tonius.
629 4695 662 4706 ·-
698 4671 741 4723 26.
763 4667 892 4734 Luceriae]
911 4673 997 4719 minna
1016 4684 1068 4729 arag.
1088 4667 1238 4719 Cratandri·
1259 4691 1291 4706 ··
1320 4669 1363 4718 ‘27-
1383 4685 1440 4718 orm
1457 4669 1519 4736 ipsi]

208 4751 266 4787 com
288 4741 338 4788 aas
359 4741 383 4790 aa·
401 4755 442 4804 pr.
469 4742 514 4803 Μ,
545 4743 631 4792 Cuma'a
656 4743 679 4791 st
705 4743 726 4792 tt
753 4748 780 4792 et
809 4755 878 4792 corr.
898 4741 935 4792 Μ.
958 4765 988 4776 -
1025 4741 1068 4790 29.
1088 4741 1245 4789 uastandam
1261 4739 1341 4789 unt:
1361 4743 1520 4792 enatandum

209 4810 452 4862 cambonensis.
479 4837 514 4847 -
550 4813 593 4862 30.
613 4810 731 4876 Demuml
751 4813 854 4862 domum
872 4812 946 4863 mat.
974 4837 1002 4847 -
1041 4811 1086 4870 (Ut
1104 4823 1165 4870 uos,
1187 4809 1216 4859 Υ.
1255 4809 1368 4872 Denique
1385 4825 1459 4874 quem
1477 4827 1520 4863 en-

208 4881 318 4940 specto?
337 4881 453 4931 metebat
471 4882 616 4932 Lambinus
637 4883 663 4932 tu
683 4895 737 4945 mg.
760 4884 873 4946 Repett.)
901 4903 935 4918 ·-
970 4881 1073 4935 Nonus.
1093 4877 1156 4942 tom]
1184 4893 1236 4928 aon
1254 4881 1458 4942 assamonei.
1487 4907 1515 4920 -

209 4949 251 4998 31.
271 4957 358 5000 nutem
375 4952 449 5000 ate'ud
467 4952 497 5000 a.
532 4977 561 4988 -
599 4952 641 5002 32.
661 4955 753 5018 raserat
772 4954 805 5004 a.
830 4979 863 4990 -
899 4958 1001 5016 arguo.
1039 4947 1123 5014 Quod]
1143 4958 1167 5000 er
1190 4950 1319 5014 quomodo
1336 4949 1369 4999 n.
1411 4977 1443 4986 -
1463 4949 1519 5018 ubi]

209 5019 280 5069 duhta'
297 5020 320 5069 R
337 5025 364 5071 ot
383 5035 422 5083 pr.
444 5019 482 5072 Μ.
