3662 5892
532 531 591 594 ΕΡ.
613 533 665 594 ΑΙ)
687 531 844 596 BRUTUM
866 532 940 595 LIR.
962 531 999 593 II.
1043 529 1101 592 ΕΡ.
1127 530 1153 592 l.
1175 531 1205 593 2.
1463 532 1525 594 775

754 869 905 931 urum
930 871 982 931 11.

785 1071 862 1080 uun-..ma-
878 1073 886 1078 —
915 1070 949 1078 ..-

659 1201 685 1262 1.
730 1196 871 1263 CICERO
892 1196 1022 1261 BRUTO
1045 1197 1076 1260 S.

212 1335 241 1396 l.
290 1306 384 1398 Cum
404 1328 481 1395 baec
502 1325 693 1402 scribebam,
722 1348 774 1392 res
800 1324 1036 1392 existimabatur
1057 1330 1089 1390 in
1110 1335 1287 1392 extremum
1309 1325 1440 1392 adducta
1463 1328 1525 1394 dis·

210 1421 351 1500 crimem
388 1422 492 1488 tristes
524 1422 607 1487 enirn
636 1420 798 1486 delirate
826 1427 934 1485 nostro
963 1419 1084 1485 litterae
1112 1420 1274 1506 nuntiique
1302 1421 1524 1490 afferebantur.

210 1521 259 1582 lle
274 1516 400 1604 quidem
422 1537 485 1582 non
500 1516 636 1581 maxime
658 1511 893 1580 conturbabant.
928 1513 984 1578 His
1004 1513 1086 1578 euim
1109 1513 1299 1580 exercitibus
1320 1515 1526 1603 ducibusque,

211 1632 291 1697 quos
312 1609 479 1686 babemus,
502 1607 699 1676 nullomodo
721 1617 862 1693 poteram
883 1607 1038 1673 diffidere.
1072 1612 1179 1692 Neque
1200 1608 1394 1675 assentiebar
1415 1610 1549 1676 maiori-s
1600 1647 1605 1662 ·

210 1705 293 1789 parti
314 1703 484 1770 bominum.
519 1703 626 1769 Fidem
641 1702 724 1767 enirn
745 1702 908 1768 consulum
925 1722 988 1767 nou
1004 1700 1266 1778 condemnabam,
1288 1723 1369 1789 quae
1384 1715 1526 1789 suspecta

211 1797 413 1864 vehementer
434 1806 510 1863 erat.
552 1794 776 1862 Desiderabam
798 1795 956 1861 nonnullis
976 1795 1010 1861 in
1030 1794 1126 1860 rebus
1147 1796 1344 1882 prudentiam
1366 1806 1398 1862 et
1418 1796 1528 1862 celeri-

211 1899 321 1968 tatem;
344 1912 405 1978 qua
419 1896 444 1956 si
468 1901 569 1957 esseut
588 1891 655 1964 usi,
678 1889 863 1976 iampridem
886 1888 1124 1976 rempublicam
1142 1911 1425 1976 recuperassemus.
1460 1897 1527 1958 Non

211 1984 295 2048 euim
317 1984 456 2069 ignoras.
480 1994 593 2070 quauta
614 1994 772 2050 momenta
793 1984 854 2048 sint
875 1983 908 2049 in
929 2005 965 2049 re
987 1982 1110 2069 publica
1132 1993 1310 2071 temporum
1332 1993 1363 2048 et
1384 1984 1459 2070 quid
1480 1985 1528 2049 in·

211 2077 299 2142 tersit
325 2077 408 2142 idem
436 2078 513 2144 illud
541 2087 646 2144 utrum
674 2087 762 2152 ante,
789 2100 829 2142 an
856 2088 926 2163 post
947 2077 1149 2154 decernetur,
1178 2078 1375 2164 suscipiatur,
1407 2087 1525 2163 agatur.
1538 2103 1566 2146 so

211 2171 337 2246 Omnia,
359 2193 440 2257 quae
461 2193 570 2237 severe
592 2171 716 2236 decreta
730 2181 802 2238 sunt
823 2171 882 2236 boc
905 2171 1051 2246 tumultu,
1074 2174 1101 2238 si
1122 2182 1189 2247 aut,
1212 2194 1275 2259 quo
1298 2171 1348 2237 die
1369 2172 1436 2236 dixi
1458 2192 1528 2237 sen-

211 2267 356 2340 tentiam,
378 2265 514 2352 perlecta
537 2274 655 2341 esseut,
679 2273 710 2329 ct
731 2287 793 2330 nou
817 2264 847 2329 in
864 2265 947 2329 diem
969 2286 1009 2330 ex
1032 2265 1082 2330 die
1103 2266 1212 2341 dilata,
1235 2275 1287 2331 aut
1308 2287 1373 2353 quo
1394 2287 1434 2330 ex
1452 2275 1529 2330 tesn-

211 2381 289 2447 pore
318 2370 459 2446 suscepta
480 2369 566 2434 suut,
594 2369 630 2425 ut
651 2368 836 2444 agerentur,
865 2379 928 2425 non
950 2359 1068 2424 tardata
1091 2370 1121 2425 et
1143 2360 1381 2445 procrastinata,
1410 2359 1527 2426 bellum

211 2455 272 2519 iam
295 2453 412 2519 nullum
436 2452 630 2522 haberemus.
673 2458 704 2517 2.
736 2455 866 2528 Omnia,
892 2457 1003 2529 Brute,
1033 2455 1173 2539 praestiti
1194 2454 1242 2520 rei
1263 2451 1420 2540 publicae,
1448 2473 1527 2540 quae

211 2557 371 2634 praestare
393 2547 501 2613 debuit
522 2549 565 2620 is,
589 2547 644 2634 qui
666 2558 746 2614 esset
768 2569 824 2624 eo,
847 2547 959 2634 inquo
982 2569 1041 2633 ego
1063 2569 1147 2621 sum,
1170 2547 1268 2632 pado
1290 2557 1414 2612 senatus
1428 2566 1563 2632 popu-ss

210 2640 295 2728 Itque
323 2641 438 2707 iudicio
466 2641 648 2720 collocatus;
678 2663 736 2706 nec
757 2641 809 2706 illa
831 2641 944 2714 modo,
973 2663 1053 2728 quae
1075 2642 1222 2706 nimirum
1245 2641 1310 2707 sola
1339 2639 1378 2705 ab
1401 2640 1527 2705 homine

211 2747 283 2801 sunt
308 2733 507 2821 postulanda,
538 2733 647 2808 Iidem,
679 2736 881 2820 vigilantiam,
912 2735 1029 2821 patriae
1058 2737 1233 2814 caritatem
1264 2757 1300 2800 ea
1326 2747 1397 2802 sunt
1427 2735 1526 2810 enim,

211 2850 291 2915 quae
319 2849 412 2893 nemo
435 2837 496 2902 est,
525 2829 579 2914 qui
607 2848 670 2893 non
692 2839 851 2915 praestare
881 2828 1002 2895 debeat.
1045 2833 1111 2914 Ego
1133 2840 1235 2896 autern
1258 2833 1302 2904 ei,
1331 2829 1385 2916 qui
1407 2838 1529 2894 sentcn-

211 2923 286 2988 tiam
308 2921 389 2987 dicat
409 2922 442 2986 in
456 2921 648 3008 principibus
669 2923 709 2988 de
723 2945 759 2987 re
773 2922 911 3010 publica,
934 2933 1009 3010 puto
1024 2922 1115 2989 etiam
1137 2922 1334 3010 prudentiam
1350 2945 1418 2989 esse
1437 2945 1527 3010 prae·

211 3015 367 3093 standam;
393 3035 451 3080 nec
471 3037 538 3092 me,
561 3036 631 3080 cum
653 3016 729 3082 mibi
752 3025 870 3082 tantum
892 3017 1094 3102 sumpserim,
1117 3027 1151 3081 ut
1172 3015 1381 3102 gubernacula
1401 3016 1449 3082 rei
1469 3039 1562 3103 pn-so

211 3110 310 3176 blicae
336 3109 539 3195 pranderem,
569 3111 671 3176 minus
693 3111 827 3196 putarim
850 3109 1157 3195 reprehendendum,
1183 3110 1212 3182 si
1235 3110 1383 3175 inutiliter
1409 3108 1527 3196 aliquid

211 3205 332 3271 senatui
353 3204 504 3269 suaserim
527 3225 619 3290 quarn
642 3205 668 3269 si
690 3204 865 3274 infideliter.
900 3209 930 3270 3.
952 3210 1027 3269 Acta
1050 3225 1129 3289 quae
1147 3204 1208 3268 sint
1230 3224 1370 3290 quaeque
1385 3214 1526 3290 agantur,

211 3300 277 3365 scio
298 3297 452 3384 perscribi
478 3296 518 3362 ed
540 3308 569 3362 te
592 3297 765 3383 diligenter.
808 3303 856 3362 Ex
877 3321 927 3362 me
949 3309 1053 3363 autem
1075 3298 1150 3363 illud
1173 3307 1239 3372 est,
1269 3298 1352 3383 quod
1380 3307 1410 3363 te
1434 3298 1525 3363 velim

212 3392 329 3459 babere
350 3391 521 3476 cognitum,
544 3413 648 3458 meum
671 3393 796 3478 quidem
818 3392 954 3457 animum
978 3393 1009 3458 iu
1024 3393 1121 3458 aciem
1137 3413 1205 3458 esse
1227 3411 1328 3478 neque
1348 3403 1526 3480 respectum

211 3488 310 3554 ullum
330 3507 498 3572 quaerere,
526 3487 585 3550 nisi
607 3507 657 3550 me
678 3487 795 3552 utilitas
816 3487 948 3551 civitatis
970 3486 1052 3552 sorte
1073 3486 1273 3551 converterit.
1315 3488 1450 3552 Maiores
1472 3507 1562 3552 au·as

213 3591 275 3646 tem
305 3589 408 3666 partes
434 3580 531 3644 animi
559 3587 590 3644 te
615 3581 815 3668 Cassiumque
842 3581 1020 3666 respiciunt.
1065 3579 1276 3656 Quamobrem
1306 3581 1347 3646 ita
1376 3589 1407 3647 te
1434 3601 1526 3667 para,

211 3680 322 3749 Brute,
351 3682 387 3740 ut
407 3673 573 3758 intelligas,
595 3683 663 3748 aut,
686 3675 712 3740 si
735 3673 794 3739 boc
815 3683 956 3760 ternpore
978 3673 1058 3738 bene
1079 3695 1131 3738 res
1153 3674 1313 3759 gestarit,
1340 3673 1397 3739 tibi
1418 3673 1526 3740 melio·

211 3790 279 3834 rem
299 3789 367 3834 rem
389 3767 545 3854 publicam
566 3789 635 3833 esse
655 3767 828 3834 laciendum
850 3778 921 3842 aut,
944 3772 968 3832 si
991 3767 1067 3855 quid
1089 3767 1243 3834 ollensum
1258 3768 1313 3844 sit,
1335 3776 1436 3856 perte
1458 3789 1525 3834 esse

212 3863 342 3929 eandem
363 3862 619 3949 recuperandam.

649 4004 692 4067 11.
736 4005 877 4068 CICERO
901 4003 1030 4068 BRUTO
1053 4006 1084 4068 S.
1535 4035 1563 4075 so

298 4128 325 4190 l.
347 4124 450 4190 Planci
477 4123 614 4189 animum
636 4123 668 4188 in
684 4123 919 4209 rempublicam
942 4129 1116 4208 egregium.
1140 4125 1296 4211 legiones,
1320 4125 1451 4199 auxilia,
1474 4146 1526 4190 co·

212 4219 279 4304 pias
300 4241 340 4282 ex
359 4218 470 4283 litteris
492 4218 575 4291 eius,
598 4238 730 4304 quarum
747 4219 924 4303 exemplum
947 4217 1003 4282 tibi
1024 4219 1152 4285 missum
1174 4219 1326 4293 arbitror,
1348 4221 1527 4306 perspicere

213 4311 350 4398 potuisti.
386 4310 511 4396 Lepidi,
535 4311 580 4376 tui
595 4312 779 4386 necessarii,
801 4313 855 4396 qui
877 4311 1047 4378 secuudum
1063 4312 1191 4378 fratrem
1214 4313 1319 4379 affines
1335 4313 1427 4379 babet
1448 4335 1528 4400 quos

212 4405 316 4470 oderit
337 4405 512 4489 proximos,
535 4405 691 4472 levitatem
706 4416 737 4470 et
751 4405 986 4471 inconstantiam
1008 4407 1208 4494 animumque
1230 4429 1353 4494 semper
1367 4408 1527 4475 inimIcum

212 4497 423 4584 reipublicae
444 4498 505 4564 iarn
528 4498 623 4565 credo
645 4499 703 4564 tibi
725 4521 765 4564 ex
787 4509 914 4564 tuorum
936 4499 1048 4566 litteris
1069 4520 1138 4566 esse
1159 4511 1368 4587 perspectum.
1411 4507 1442 4572 2.
1465 4507 1564 4570 Nossa

213 4591 403 4676 exspectatio
431 4592 590 4666 soUicitat,
621 4613 701 4680 quae
730 4601 777 4658 est
804 4591 905 4658 omnis
926 4593 988 4658 iarn
1015 4594 1048 4659 in
1070 4604 1245 4660 extremum
1268 4595 1398 4661 adducta
1420 4596 1529 4662 discri-

282 4812 307 4860 l.
328 4809 452 4861 CICERO
470 4811 588 4860 BRUTO
606 4807 645 4875 S.]
666 4811 801 4875 EpIstolse
819 4811 870 4862 bae
889 4819 1005 4877 septem,
1026 4813 1123 4876 quibus
1142 4819 1251 4863 auctore
1264 4813 1404 4864 Schuetzio
1425 4815 1529 4865 librum

212 4881 351 4930 secundum
371 4881 487 4930 Iudicem
506 4881 634 4944 lecimus,
654 4895 668 4930 a
689 4880 838 4931 Cratandro
856 4881 921 4944 (Cr.)
941 4885 1057 4946 primum
1076 4882 1164 4932 editae
1183 4889 1258 4942 sunt;
1279 4897 1329 4934 nec
1348 4892 1438 4935 tamen
1457 4885 1528 4934 ullus

212 4963 306 4999 earum
331 4964 450 5014 uuquam
478 4951 546 5002 liber
569 4965 652 5000 manu
676 4954 790 5014 scriptus
809 4953 922 5016 reperiri
941 4954 1035 5016 potuit.
1071 4955 1113 5002 Ab
1132 4953 1200 5004 Itslo
1218 4953 1309 5017 aliquo
1334 4957 1375 5006 rel
1394 4955 1530 5006 Germano

213 5020 274 5070 Sec.
294 5019 350 5070 XV.
370 5022 495 5072 Ciceroni
513 5023 640 5088 sidentur
657 5035 717 5072 esse
734 5024 897 5086 suppositae.
924 5024 975 5074 Or.
999 5047 1026 5058 -
1052 5023 1079 5073 d.
1100 5024 1295 5073 contemnebam
1314 5027 1431 5077 malebat
1451 5025 1531 5076 Erue·

213 5089 289 5140 sttus.
309 5115 343 5126 -
366 5091 392 5142 8.
411 5091 543 5154 publicam
561 5105 616 5143 om.
636 5091 680 5142 cr.
700 5092 829 5143 (Inseruit
846 5093 993 5144 Lambinus
1012 5099 1038 5144 et
1057 5093 1119 5154 Vl.)
1139 5117 1169 5130 -
1195 5095 1238 5145 15.
1257 5101 1321 5147 esset
1339 5109 1368 5147 so
1387 5095 1448 5147 Cn:
1469 5103 1531 5146 esset

214 5161 244 5211 tn
260 5173 291 5212 eo
309 5175 371 5213 cum
391 5161 522 5214 Lambino
541 5161 570 5212 ll.
591 5185 622 5200 -
659 5161 704 5214 ss.
723 5165 780 5213 acie
799 5163 955 5214 Lambinus.
