3656 5868
305 395 366 462 123
734 395 1009 462 EPISTOLARUM
1030 399 1082 462 tu
1103 399 1195 462 ΕΔΜ.
1249 411 1253 420 ’

731 556 873 620 xxurr.
916 554 965 639 (A.
991 557 1022 620 u.
1045 556 1077 620 e.
1099 553 1185 639 ros.)

729 670 770 732 u.
793 668 934 734 cronno
958 670 988 733 s.
1009 670 1047 732 o.
1070 668 1198 734 conto.

389 794 418 856 1.
450 787 590 864 Memini,
621 805 693 855 cum
725 787 803 852 mihi
835 787 980 874 desipere
1015 785 1178 863 videbare,
1212 786 1297 874 quod
1326 809 1397 854 cum
1426 788 1494 854 istls
1519 790 1637 876 potius

303 884 427 951 viveres
453 905 546 970 quam
577 880 757 959 nobiscum;
796 882 971 946 eratenim
998 882 1096 947 multo
1129 881 1321 947 domicilium
1350 883 1443 948 huius
1471 883 1559 949 urbis
1581 922 1635 933 —-

278 999 374 1044 scum
395 977 520 1065 quidem
541 977 618 1041 haec
639 974 715 1040 urbs
738 1010 777 1021 -
800 975 901 1061 aptius
928 974 1112 1040 humanitati
1135 986 1166 1041 et
1185 975 1327 1041 suavitati
1353 984 1424 1041 tuae
1444 998 1536 1064 qnam
1559 987 1632 1042 tota

302 1072 553 1157 Peloponnesus,
575 1069 690 1134 nedum
710 1073 841 1134 Patrae:
864 1089 946 1132 nunc
968 1076 1076 1132 contra
1099 1077 1129 1134 et
1150 1069 1266 1136 vidisse
1285 1069 1360 1134 mihi
1383 1070 1514 1137 multum
1537 1072 1633 1137 vide-

302 1165 363 1238 ris,
397 1186 468 1230 cum
488 1185 588 1250 prope
611 1163 782 1250 desperatis
805 1161 853 1226 bis
883 1161 979 1227 rebus
1004 1171 1035 1226 te
1062 1163 1094 1226 in
1116 1164 1278 1229 Graeciam
1298 1164 1471 1239 contulisti,
1508 1174 1540 1230 et
1562 1165 1629 1230 hoc

302 1265 444 1344 tempore
463 1279 526 1322 non
552 1257 654 1323 solum
677 1257 816 1343 sapiens,
853 1253 907 1341 qui
929 1255 1000 1319 hinc
1018 1255 1116 1331 absis,
1152 1257 1322 1322 sedetiam
1346 1255 1464 1322 beatus.
1507 1261 1628 1336 Quam-

303 1373 414 1438 quam,
437 1353 522 1440 quis,
546 1351 600 1437 qui
620 1349 737 1436 aliquid
754 1349 867 1435 sapiat,
890 1369 972 1412 nunc
993 1369 1061 1413 esse
1086 1348 1195 1415 beatus
1213 1357 1340 1437 potest‘t
1383 1355 1413 1416 Ε.
1436 1349 1514 1425 Sed,
1538 1351 1625 1438 quod

267 1454 358 1519 totu,
391 1446 442 1511 cui
462 1443 590 1518 licebat,
622 1441 756 1530 pedibus
785 1464 819 1507 es
844 1452 1044 1518 consecutus,
1066 1454 1100 1509 ut
1122 1444 1166 1509 ibi
1191 1467 1297 1520 esses,
1324 1448 1376 1508 uhi
1395 1467 1448 1509 nec
1467 1448 1624 1528 Pelopida·

301 1560 372 1602 rum
394 1585 433 1594 -
455 1539 538 1605 nosti
556 1549 659 1603 cetera
682 1575 739 1613 -,
761 1559 819 1602 nos
833 1535 917 1601 idem
934 1537 1165 1624 propemodum
1179 1539 1402 1625 consequimur
1416 1538 1475 1602 alia
1490 1537 1622 1603 ratione.

303 1636 379 1698 Cum
400 1631 483 1696 euim
503 1632 680 1698 salutationi
702 1653 760 1698 nos
781 1631 924 1696 dedimus
946 1631 1118 1696 amicorum
1140 1669 1181 1678 -
1203 1653 1283 1719 quae
1309 1631 1342 1696 lit
1361 1630 1421 1696 boc
1442 1632 1535 1696 etiam
1560 1630 1624 1695 lre·

302 1725 448 1811 quentius
471 1748 564 1813 quam
591 1725 731 1802 solebat,
754 1725 839 1811 quod
858 1724 946 1811 quasi
971 1745 1060 1787 arem
1077 1722 1179 1788 albam
1205 1724 1351 1789 videntur
1379 1722 1459 1792 bene
1489 1725 1624 1792 sentien-

301 1827 366 1883 tem
390 1819 490 1885 civem
523 1819 632 1885 videre
654 1857 712 1894 -—,
734 1818 816 1885 abdo
841 1840 892 1884 me
917 1819 950 1882 in
979 1817 1210 1882 bibliothecam.
1267 1823 1374 1904 ltaque
1399 1841 1496 1906 opera
1521 1818 1622 1882 efficio

266 1921 404 1989 ntanta,
435 1924 548 1998 quanta
575 1913 708 1980 sortasse
737 1923 771 1980 tu
805 1913 937 1990 sentios;
967 1912 1106 1977 intellexi
1128 1912 1210 1976 onim
1234 1933 1275 1977 ex
1296 1921 1352 1979 tuo
1378 1933 1522 1978 sermone
1544 1931 1624 1997 quo-

301 2007 391 2082 dam,
428 2028 499 2072 cum
529 2029 631 2074 meam
664 2009 849 2073 maestitiam
881 2016 913 2071 et
942 2005 1191 2090 desperationem
1225 2027 1386 2071 accusares
1416 2005 1503 2070 donli
1536 2014 1621 2078 tuae,

301 2100 406 2165 dicere
426 2109 457 2165 te
483 2122 524 2166 ex
546 2102 624 2166 meis
649 2100 738 2166 libris
759 2101 896 2165 animum
919 2120 1024 2163 mcum
1053 2098 1240 2164 desiderare.
1299 2103 1328 2165 3.
1363 2098 1423 2164 Sed
1443 2097 1622 2164 mehercule

301 2203 333 2258 et
353 2202 417 2258 tum
438 2215 507 2259 rem
524 2194 680 2280 publicam
703 2193 863 2278 lugebam,
887 2213 966 2277 quae
989 2212 1052 2255 non
1074 2191 1175 2256 solum
1192 2192 1255 2257 suis
1277 2213 1351 2277 erga
1367 2213 1433 2266 me,
1456 2190 1622 2256 sedetiam

301 2287 379 2351 meis
402 2308 477 2372 erga
503 2309 537 2351 se
566 2286 725 2352 beneficiis
761 2297 828 2351 erat
847 2286 924 2350 mihi
947 2285 1066 2359 carior,
1103 2293 1134 2349 et
1156 2285 1216 2350 hoc
1238 2295 1396 2372 temporo,
1433 2305 1622 2373 quamquam

263 2402 291 2442 ro
301 2401 352 2444 me
374 2401 438 2445 uon
458 2381 540 2445 ratio
562 2381 665 2446 solum
686 2380 885 2452 consolatur,
909 2400 988 2465 quae
1010 2379 1180 2465 plurimum
1200 2376 1293 2443 debet
1311 2380 1431 2453 valere,
1454 2379 1621 2444 sedetiam

301 2473 385 2548 dies,
423 2495 503 2560 quae
526 2474 625 2540 stultis
643 2495 770 2560 quoque
790 2473 909 2538 mederi
934 2473 1033 2545 solet,
1070 2481 1172 2537 tamen
1195 2472 1287 2537 doleo
1316 2474 1358 2539 ita
1389 2495 1456 2539 rem
1481 2494 1621 2538 commu·

300 2587 372 2631 nem
395 2588 462 2632 esse
489 2567 656 2655 dilapsam,
692 2576 727 2634 ut
748 2589 787 2632 ne
811 2588 882 2653 spes
903 2567 1029 2652 quidem
1050 2565 1161 2631 melius
1187 2565 1354 2653 aliquando
1376 2566 1444 2632 sore
1465 2566 1622 2652 relinqua-

300 2668 362 2726 tur.
415 2667 478 2726 Nec
505 2683 583 2728 vcro
601 2682 685 2726 nnnc
706 2661 833 2748 quidem
858 2660 948 2746 culpa
969 2665 1056 2726 ineo
1079 2669 1144 2734 est,
1177 2659 1210 2724 iu
1230 2660 1319 2725 cuius
1345 2669 1497 2747 potestate
1516 2659 1621 2724 omnia

301 2761 373 2818 sunt
394 2791 431 2801 —
456 2755 517 2821 nisi
532 2756 614 2821 lorte
634 2756 667 2821 id
691 2756 794 2841 ipsum
811 2775 879 2820 osse
901 2774 964 2818 nou
981 2753 1088 2819 debuit
1110 2789 1170 2828 -,
1193 2753 1324 2819 sedulia
1343 2775 1430 2830 casu,
1454 2755 1512 2819 alia
1528 2753 1620 2818 etiam

263 2855 408 2912 anostra
431 2847 521 2935 culpa
547 2849 592 2914 sie
612 2849 808 2925 acciderunt,
841 2857 876 2914 ut
903 2848 941 2912 de
963 2847 1140 2934 praeteritis
1165 2868 1228 2911 non
1252 2847 1291 2912 sit
1314 2849 1519 2934 querendum.
1562 2853 1622 2913 ltc-

300 2941 419 3028 liquam
443 2964 530 3029 spem
553 2944 669 3009 nullam
690 2944 803 3022 video;
833 2963 929 3032 quare
951 2941 990 3006 ad
1016 2943 1119 3028 prima
1139 2941 1252 3008 redeo:
1277 2943 1433 3029 sapienter
1454 2942 1531 3006 haec
1547 2938 1622 3004 reli·

300 3035 412 3121 quisti,
434 3035 461 3102 si
482 3037 634 3116 oonsilio;
656 3037 806 3113 feliciter,
830 3036 857 3101 si
877 3057 961 3102 casu.

745 3180 857 3242 sarx.
901 3175 948 3262 (A.
976 3180 1007 3242 u.
1031 3181 1063 3243 c.
1085 3175 1170 3250 roe.)

684 3293 819 3355 conns
840 3294 882 3354 u.
908 3293 1092 3356 crunnum
1115 3291 1189 3355 sno
1212 3292 1244 3353 s

261 3427 289 3469 aa
387 3413 415 3474 l.
450 3411 481 3474 S.
501 3414 539 3476 V.
561 3414 596 3475 Β.
633 3412 709 3474 Sum
737 3410 820 3474 enim
844 3412 960 3496 χρήσει
988 3424 1047 3496 μὲν
1069 3421 1162 3484 tuus,
1200 3404 1310 3490 κτήσει
1332 3414 1367 3474 δὲ
1388 3408 1477 3473 Attici
1499 3409 1619 3484 nostri;

298 3522 376 3587 ergo
398 3500 518 3567 tructus
544 3511 592 3567 est
612 3511 698 3578 tuus,
735 3503 925 3590 mancipium
953 3503 1055 3569 illius:
1092 3504 1178 3590 quod
1204 3502 1332 3590 quidem
1364 3501 1390 3566 si
1421 3503 1503 3567 inter
1530 3524 1620 3567 senes

299 3595 541 3681 coemptionales
562 3597 672 3662 venale
692 3597 929 3682 proscripserit,
963 3598 1063 3682 egerit
1087 3619 1150 3662 non
1176 3597 1317 3662 multum.
1373 3599 1412 3660 nt
1434 3593 1486 3659 illa
1512 3607 1619 3658 nostra

298 3688 489 3775 praedicatio
510 3690 616 3776 quanti
633 3698 696 3765 est,
719 3711 792 3765 nos,
816 3691 900 3778 quod
915 3692 1027 3767 simus,
1050 3690 1135 3778 qnod
1159 3689 1346 3764 habeamus,
1369 3688 1455 3774 quod
1477 3686 1620 3752 homines

299 3780 530 3857 existimemur,
563 3781 595 3846 id
622 3803 715 3847 omne
739 3782 795 3848 abs
824 3794 855 3848 te
879 3784 1010 3849 haberet
1055 3787 1177 3862 Quare,
1215 3783 1324 3850 Cicero
1354 3783 1413 3856 mi,
1450 3803 1620 3866 persevera

261 3897 290 3938 aa
300 3882 477 3940 constanter
504 3896 562 3940 nos
584 3895 771 3941 conservare
805 3887 836 3942 et
868 3878 997 3964 Sulpicii
1029 3878 1202 3943 successori
1233 3898 1289 3942 nos
1317 3877 1356 3942 de
1387 3876 1517 3941 meliore
1547 3884 1619 3940 nota

298 3968 503 4042 commenda,
540 3990 603 4057 qno
625 3969 746 4036 lucilius
767 3971 829 4035 tuis
853 3973 1025 4058 praeceptis
1050 3971 1267 4058 obtemperare
1292 3969 1447 4055 possimus
1466 3979 1559 4055 teque
1581 3967 1620 4032 ad

298 4084 356 4128 ver
392 4062 534 4129 lubentes
564 4063 672 4128 videre
714 4075 746 4129 et
781 4075 887 4129 nostra
917 4067 1050 4150 religare
1087 4065 1316 4151 deportareque
1349 4071 1417 4127 tuto
1454 4061 1618 4148 possimus.

298 4161 328 4222 Ε.
353 4156 428 4234 Sed,
460 4158 558 4222 amice
586 4180 713 4244 magne,
736 4159 799 4224 noli
826 4160 904 4225 hanc
933 4161 1096 4247 epistolam
1118 4160 1219 4224 Attico
1245 4156 1431 4233 ostendere;
1455 4155 1521 4218 sine
1547 4177 1619 4218 euru

299 4271 408 4316 errare
441 4261 471 4317 et
498 4263 609 4338 putare
639 4274 688 4317 me
714 4254 817 4319 virum
841 4252 959 4319 bonum
996 4275 1064 4319 esse
1097 4275 1155 4317 nec
1190 4253 1292 4318 solere
1322 4250 1385 4316 duo
1414 4249 1550 4335 parietes
1580 4249 1620 4312 de

260 4345 408 4410 soeadom
430 4346 533 4411 lidelia
556 4346 711 4413 dealbare.
754 4353 858 4433 Ergo,
881 4359 1012 4435 patrone
1028 4348 1088 4423 mi,
1110 4346 1189 4412 bene
1204 4344 1273 4411 vale
1288 4345 1497 4431 'lironemque
1516 4365 1620 4407 meum

298 4440 397 4505 saluta
418 4441 534 4506 nostris
556 4441 671 4507 verbis.
714 4447 792 4507 Data
814 4465 842 4508 a.
865 4442 894 4508 d.
919 4493 926 4508 .
950 4492 958 4507 .
982 4492 989 4508 .
1011 4442 1077 4507 Kal.
1100 4440 1268 4505 Novembr.

369 4632 411 4681 13.
431 4633 520 4682 aluam
537 4634 576 4684 Μ.
598 4659 625 4670 -
665 4635 708 4684 17.
728 4635 810 4683 dicere
828 4641 939 4683 auctore
958 4633 1072 4683 Graevio
1091 4647 1147 4682 om.
1168 4633 1198 4682 Ε.
1222 4659 1254 4669 -
1291 4633 1334 4682 te.
1354 4633 1407 4680 sois
1426 4644 1488 4694 erpo
1506 4644 1546 4678 me
1563 4643 1618 4678 orn.

298 4700 336 4750 Μ.
358 4725 388 4736 -
427 4702 469 4752 aa.
495 4703 538 4752 An
562 4705 625 4753 mitt
648 4719 688 4753 me
712 4706 822 4752 carim?
849 4705 899 4755 On.
920 4730 953 4738 -·
989 4706 1033 4754 20.
1059 4706 1130 4754 debet
1155 4704 1252 4752 veteru
1278 4702 1315 4752 Μ.
1343 4727 1370 4737 -
1410 4702 1454 4749 dt.
1486 4701 1565 4749 ettam
1591 4701 1620 4748 in

298 4778 391 4820 nostra
415 4772 453 4822 Μ.
484 4797 511 4809 -
551 4774 595 4824 25.
614 4775 645 4822 de
663 4787 717 4823 om.
738 4773 775 4822 Μ.
795 4799 827 4809 -
864 4776 907 4824 30.
935 4775 963 4824 S.
987 4775 1015 4824 V.
1036 4775 1067 4824 B.
1087 4775 1149 4824 Sum
1167 4774 1213 4822 M:
1246 4772 1273 4821 St
1292 4772 1376 4824 voles.
1406 4771 1465 4820 hene
1483 4777 1537 4819 est:
1564 4784 1620 4818 nam

297 4839 329 4888 Ε.
350 4863 381 4876 -
412 4842 455 4891 31.
475 4838 508 4904 st]
527 4844 580 4892 ntsi
598 4843 715 4892 malebat
734 4843 882 4894 Errresttus.
905 4871 934 4881 -
955 4859 1024 4894 senes
1043 4851 1068 4894 et
1086 4844 1176 4894 venale
1194 4843 1304 4893 seclusit
1322 4843 1353 4890 Ε.
1378 4863 1402 4874 -·
1432 4841 1476 4889 32.
1497 4841 1620 4901 comptio-

296 4909 367 4959 nubs
385 4911 422 4961 M.
443 4935 474 4948 —
491 4913 724 4974 prircrtpssrithl.
744 4937 778 4949 -
815 4915 858 4964 33.
877 4916 995 4977 quantist
1021 4915 1058 4965 Μ.
1079 4939 1110 4951 -
1147 4913 1191 4964 36.
1209 4914 1337 4976 possimus
1365 4911 1391 4960 h.
1417 4910 1436 4960 l.
1464 4910 1518 4960 del.
1542 4910 1620 4958 Laru-

298 4977 387 5030 hinus.
414 5005 439 5016 -
477 4981 521 5032 37.
541 4983 648 5046 defipere
665 4983 702 5033 Μ.
724 5009 756 5018 -
792 4982 835 5032 38.
856 4981 920 5045 sinc]
939 4985 961 5034 st
978 4985 1016 5036 Μ.
1037 4985 1129 5035 -41,
1150 4997 1178 5035 u.
1198 4985 1225 5034 d.
1247 5017 1255 5033 .
1276 5017 1284 5033 .
1305 5017 1313 5032 .
1332 4977 1406 5043 Eat]
1426 4995 1453 5030 n.
1473 4981 1500 5030 d.
1520 4981 1554 5030 K.
1574 4980 1618 5040 Μ,

297 5063 325 5100 α.
345 5051 372 5101 d.
392 5063 448 5100 nrt·
467 5051 530 5102 Kal.
549 5058 687 5104 exuetere
705 5053 892 5117 supplemento
911 5054 942 5105 Ε.
