3662 5892
295 503 356 564 776
800 503 857 564 EP.
879 505 930 566 Ab
952 505 1109 568 BRUTUM

293 681 375 728 men.
419 665 471 726 Est
501 658 584 724 euim
613 679 684 746 spes
706 659 808 724 omnis
835 659 865 723 iu
887 663 984 725 Bruto
1013 661 1224 748 expediendo,
1255 662 1293 728 de
1315 683 1379 750 quo
1408 663 1628 730 vehementer

294 754 488 820 timebamus.
531 757 562 818 2.
590 758 656 838 Ego
679 753 728 819 hic
749 775 819 818 cum
842 753 967 818 homine
988 753 1110 821 furioso
1132 757 1205 822 satis
1227 755 1326 822 babeo
1348 757 1481 842 negotii,
1506 759 1627 823 Servi-

293 849 352 924 lio,
375 870 468 935 quem
490 848 546 913 tuli
563 847 694 922 diutius,
717 869 809 935 quam
832 847 965 933 dignitas
987 869 1056 914 mea
1078 849 1267 937 patiebatur;
1291 850 1345 917 sed
1368 851 1424 917 tuli
1445 851 1494 917 rei
1507 851 1625 938 publi-

293 964 347 1008 cae
368 964 475 1018 causa,
498 964 537 1006 ne
559 942 665 1007 darem
687 941 816 1027 perditis
832 941 952 1007 civibus
974 943 1147 1020 bominem,
1169 965 1279 1031 parum
1298 967 1407 1011 sanum
1429 945 1519 1012 illum
1539 953 1624 1035 qui-

269 1037 379 1112 adem‚
402 1036 457 1102 sed
478 1046 580 1102 tamen
602 1035 755 1110 nobilem,
779 1057 842 1123 quo
864 1047 1104 1113 concurrereut;
1127 1038 1211 1125 quod
1233 1038 1348 1104 saciant
1368 1039 1467 1105 nihilo
1488 1042 1620 1107 minus:

291 1132 345 1197 sed
368 1153 440 1198 curn
462 1130 656 1196 alienandum
679 1151 747 1195 are
762 1129 884 1218 publica
906 1152 969 1196 nou
989 1131 1146 1218 putabam.
1181 1133 1288 1198 Finem
1310 1133 1370 1198 feci
1387 1133 1453 1198 eius
1476 1131 1618 1200 serendi.

291 1229 444 1311 Coeperat
473 1227 555 1291 enim
578 1245 646 1290 esse
675 1234 756 1290 tanta
786 1225 967 1298 insolentia,
997 1234 1032 1290 ut
1053 1226 1206 1291 neminem
1232 1226 1366 1294 liberum
1390 1228 1529 1294 duceret.
1574 1233 1619 1294 Iu

290 1320 394 1385 Planci
421 1341 498 1386 vero
521 1341 613 1385 causa
634 1323 752 1384 exarsit
772 1317 946 1384 incredibili
969 1319 1094 1394 dolore,
1123 1341 1307 1404 mecumque
1332 1344 1391 1408 per
1412 1322 1542 1389 biduum
1566 1324 1616 1391 ita

290 1413 449 1477 contendit
469 1423 501 1478 et
521 1433 602 1479 aruc
624 1413 665 1477 ita
688 1413 803 1478 fractus
818 1421 880 1484 est,
903 1422 937 1478 ut
959 1434 1030 1478 eum
1052 1414 1283 1501 inperpetuum
1299 1417 1521 1483 modestiorem
1537 1438 1617 1504 spe·

257 1525 357 1572 orem
385 1507 465 1573 lore.
508 1517 608 1592 Atque
634 1507 666 1571 in
696 1506 752 1571 hac
779 1506 976 1572 contentione
1003 1507 1086 1592 ipsa,
1114 1528 1184 1573 cum
1207 1510 1342 1575 maxime
1370 1532 1421 1576 res
1443 1524 1611 1597 ageretur.

289 1623 317 1666 a.
340 1601 369 1667 d.
391 1624 420 1666 v.
444 1601 516 1667 ldus
538 1601 659 1688 Apriles
680 1601 802 1666 litterae
824 1601 899 1666 uribi
922 1601 952 1665 in
974 1609 1082 1668 senatu
1103 1602 1241 1668 redditae
1263 1613 1334 1670 sunt
1355 1627 1373 1669 a
1394 1607 1525 1673 Lentulo
1547 1628 1613 1671 uo·

288 1705 370 1768 stro,
393 1695 432 1760 de
455 1695 576 1771 Cassio,
599 1693 638 1760 de
660 1693 850 1779 legionibus,
873 1695 913 1760 de
935 1697 1040 1784 Syria;
1062 1719 1139 1783 quas
1161 1702 1262 1762 statim
1284 1718 1356 1763 cum
1375 1699 1610 1774 tentavissem,

288 1789 400 1854 cecidit
420 1789 587 1865 Servilius,
615 1789 792 1875 complures
817 1799 995 1875 praeterea;
1027 1801 1098 1856 suut
1119 1793 1201 1857 euim
1227 1792 1364 1879 insignes
1385 1794 1518 1881 aliquot,
1549 1796 1608 1882 qui

288 1883 518 1970 improbissime
540 1886 690 1949 sentiunt:
713 1883 767 1948 sed
782 1883 981 1950 acerbissime
1003 1885 1074 1952 tulit
1089 1887 1238 1953 Servilius
1260 1909 1420 1954 assensum
1436 1907 1505 1953 esse
1527 1887 1607 1953 mihi

253 1977 327 2042 ude
348 1978 470 2043 Planco.
513 1982 659 2064 Magnum
682 1978 756 2044 illud
778 1988 951 2047 monstrum
974 1981 1005 2045 in
1026 2003 1062 2046 re
1084 1980 1207 2068 publica
1230 1991 1276 2047 est
1298 1989 1310 2014 '¹
1331 1987 1345 2012 '
1367 1987 1379 2012 ⁶

692 2179 750 2240 111.
793 2180 941 2244 neurus
964 2179 1146 2244 arcanum
1169 2182 1200 2244 s.
1273 2149 1277 2158 ’

371 2321 382 2345 ·
404 2321 416 2344 ·
440 2321 451 2345 ·
474 2316 530 2381 sed
550 2337 614 2403 quo
637 2323 696 2381 utu¹
716 2317 872 2395 amisisse;
902 2339 995 2403 quem
1017 2319 1061 2383 sic
1083 2318 1191 2383 vexari
1213 2340 1231 2382 a
1252 2315 1412 2384 Dolabella
1434 2318 1545 2392 audio,
1569 2331 1605 2387 ut

286 2409 346 2473 iam
370 2429 432 2472 non
454 2410 597 2474 videatur
618 2408 867 2474 crudelissimum
891 2411 958 2476 eius
980 2411 1099 2478 lacinus
1121 2411 1296 2477 interiectio
1311 2411 1469 2480 Trebouii.
1505 2421 1603 2483 Vetus

262 2579 267 2590 ⁸
286 2503 434 2566 Antistius
455 2523 506 2566 me
527 2511 631 2566 tarueu
653 2503 781 2587 pecunia
804 2503 986 2570 sublevavit.
1030 2505 1155 2578 Cicero,
1184 2503 1265 2570 filius
1288 2516 1374 2579 tuus,
1404 2508 1449 2572 sic
1470 2509 1545 2574 mihi
1568 2531 1602 2575 se

248 2594 397 2681 reprobat
425 2595 595 2670 industria,
625 2597 786 2682 patientia,
817 2597 943 2672 labore,
972 2599 1065 2664 animi
1095 2599 1322 2683 magnitudine,
1351 2601 1437 2665 omui
1465 2601 1601 2690 denique

285 2690 406 2764 officio,
433 2701 468 2754 ut
493 2709 624 2776 prorsus
651 2713 809 2778 nunquam
832 2691 988 2758 dimittere
1017 2693 1159 2758 videatur
1180 2695 1417 2778 cogitationem,
1447 2696 1536 2762 cuius
1560 2697 1602 2764 sit

285 2781 376 2849 filius.
421 2787 544 2862 Quare,
574 2785 723 2871 quoniam
746 2787 869 2851 elhcere
891 2807 953 2864 uon
975 2809 1116 2872 possum,
1144 2796 1179 2852 ut
1198 2787 1297 2873 pluris
1318 2787 1411 2853 facias
1434 2809 1523 2864 eum,
1546 2791 1603 2877 qui
1637 2826 1640 2832 ·

284 2873 339 2942 tibi
370 2887 417 2942 est
443 2879 638 2953 carissimus,
668 2879 745 2945 illud
775 2880 876 2946 tribue
900 2881 1017 2947 iudicio
1039 2903 1128 2955 meo,
1159 2893 1194 2946 ut
1222 2879 1277 2946 tibi
1304 2881 1508 2967 persuadeas,
1537 2904 1603 2950 nou

285 2969 353 3037 lore
375 2971 420 3036 illi
442 2972 632 3040 abutendum
653 2973 752 3057 gloria
772 2988 839 3052 tua,
862 2985 896 3041 ut
917 2974 1104 3061 adipiscatur
1119 2976 1263 3042 bonores
1278 2985 1433 3061 paternos.
1469 2976 1600 3043 Kalend.

248 3089 277 3131 aa
285 3067 383 3152 April.
406 3067 620 3147 †Characbi0.

725 3243 776 3304 Il'.
819 3242 962 3306 CICERO
984 3241 1113 3305 BRUTO
1136 3242 1166 3304 S.

371 3382 398 3443 1.
428 3378 512 3442 Datis
533 3399 623 3444 mane
646 3400 673 3443 a.
696 3378 726 3442 d.
749 3399 795 3444 vr.
818 3380 863 3445 Id.
885 3379 981 3467 April.
1005 3379 1127 3464 Scaptio
1155 3378 1283 3453 litteris,
1313 3380 1423 3445 eodem
1453 3382 1503 3448 die
1530 3391 1600 3448 tuas

284 3473 388 3558 accepi
408 3473 473 3536 Kal.
491 3472 586 3557 April.
629 3473 820 3560 Dyrrhachio
843 3473 928 3538 datas
949 3473 1083 3560 vesperi.
1127 3477 1233 3560 ltaque
1255 3493 1345 3538 mane
1366 3475 1448 3561 prid.
1463 3475 1508 3542 ld.
1523 3483 1598 3564 Apr.

284 3587 353 3630 cum
377 3587 394 3630 a
417 3566 541 3650 Scaptio
563 3565 679 3630 certior
700 3565 797 3632 lactus
820 3587 920 3632 essem
943 3588 1005 3632 non
1028 3589 1095 3632 esse
1117 3588 1172 3632 eos
1193 3567 1368 3653 proiectos,
1396 3569 1509 3658 quibus
1533 3572 1600 3656 pri-

247 3659 335 3725 aodie
357 3659 521 3732 dederam,
553 3669 583 3724 et
604 3660 705 3724 statim
728 3661 792 3734 ire,
823 3661 882 3725 hoc
902 3660 1071 3746 paullulum
1094 3661 1223 3726 exaravi
1244 3661 1311 3747 ipsa
1332 3663 1364 3727 in
1386 3663 1476 3729 turba
1498 3675 1600 3731 matu·

283 3756 364 3819 tinae
393 3753 594 3820 salutationis.
638 3758 667 3818 2.
697 3759 742 3819 De
772 3755 877 3821 Cassio
906 3755 1006 3818 laetor
1031 3765 1062 3820 et
1089 3755 1135 3819 rei
1162 3753 1305 3840 publicae
1334 3759 1489 3839 gratulor:
1520 3759 1597 3825 mihi

283 3853 390 3920 etiam,
414 3851 483 3932 qui,
505 3857 699 3933 repugnante
721 3857 751 3912 et
773 3847 924 3912 irascente
938 3853 1049 3923 Pausa,
1073 3849 1255 3914 senteutiam
1277 3849 1427 3923 dixerim,
1449 3860 1484 3916 ut
1504 3852 1599 3918 Dola·

282 3940 396 4006 bellam
424 3939 507 4006 bello
529 3941 651 4007 Cassius
679 3951 931 4028 persequeretur.
975 3947 1012 4008 Et
1040 3941 1166 4029 quidem
1194 3942 1341 4008 audacter
1363 3943 1502 4010 dicebam
1530 3947 1597 4012 sine

282 4042 391 4097 nostro
413 4034 679 4098 senatusconsulto
708 4034 768 4098 iam
797 4034 874 4099 illud
896 4057 966 4100 euru
989 4035 1104 4102 bellum
1127 4057 1247 4120 gerere.
1289 4042 1335 4102 De
1358 4047 1388 4101 te
1415 4037 1507 4101 otiam
1530 4038 1598 4104 dixi

245 4136 365 4199 aetum,
394 4147 474 4212 quae
504 4127 631 4191 dicenda
659 4128 774 4213 putavi.
819 4132 902 4192 Haec
930 4128 969 4193 ad
992 4139 1021 4194 te
1050 4131 1151 4194 oratio
1173 4128 1365 4215 perferetur,
1397 4132 1544 4216 quoniam
1565 4141 1597 4196 te

282 4220 375 4300 video
404 4221 548 4285 delectari
576 4221 753 4307 Philippicis
781 4223 906 4288 nostris.
955 4229 984 4293 3.
1014 4223 1107 4301 Quod
1136 4245 1185 4289 me
1214 4224 1253 4288 de
1281 4224 1415 4289 Antonio
1444 4224 1595 4300 consulis,

282 4315 385 4402 quoad
412 4315 499 4380 Bruti
528 4313 646 4379 exitum
674 4317 892 4400 cognorimus,
927 4317 1163 4383 custodiendum
1193 4329 1279 4403 puto.
1328 4323 1373 4382 Ex
1401 4317 1440 4382 iis
1469 4319 1595 4395 litteriS,

281 4429 358 4494 quas
387 4409 463 4474 mihi
491 4408 616 4483 misisti,
648 4408 808 4475 Dolabella
829 4412 932 4476 Asiam
960 4432 1077 4476 vexare
1106 4410 1229 4483 videtur
1257 4419 1288 4476 et
1315 4412 1347 4476 in
1368 4432 1404 4475 ea
1430 4432 1463 4476 se
1484 4431 1596 4497 gerere

228 4511 235 4517 '
281 4503 449 4568 teterrime.
494 4502 713 4588 Compluribus
739 4514 841 4569 autem
868 4505 1016 4591 scripsisti
1039 4502 1229 4570 Dolabellam
1259 4527 1277 4570 a
1299 4505 1427 4571 Rhodiis
1449 4527 1517 4570 esse
1539 4528 1596 4572 ex-

244 4597 417 4674 taclusum;
447 4597 501 4683 qui
523 4598 548 4662 si
577 4598 616 4661 ad
638 4598 782 4664 Rhodum
804 4599 947 4674 accessit,
977 4599 1100 4664 videtur
1120 4599 1197 4664 mibi
1218 4601 1321 4664 Asiam
1342 4598 1516 4686 reliquisse.
1559 4600 1596 4666 ld

281 4691 308 4755 si
335 4691 376 4755 ita
405 4701 464 4762 est,
493 4691 562 4756 istic
589 4691 644 4757 tibi
670 4714 785 4759 censeo
811 4694 1083 4770 commorandum
1113 4693 1161 4758 siu
1187 4715 1254 4758 eam
1276 4694 1370 4760 semel
1392 4695 1490 4781 oepit,
1518 4694 1595 4760 mihi

281 4782 388 4859 crede,
411 4791 423 4813 ·
446 4790 457 4814 ·
480 4807 542 4850 non
564 4787 633 4851 erit.
679 4787 722 4853 ld.
744 4786 841 4871 April.

351 5001 375 5050 1.
402 5001 563 5063 expediendo
588 5003 631 5052 Cr.
661 5027 692 5040 -·
728 5005 755 5052 8.
778 5017 827 5064 par
845 5019 898 5054 om.
920 5004 948 5053 E.
979 5031 1007 5042 -
1047 5006 1087 5054 15.
1114 5002 1162 5068 est]
1181 5005 1262 5056 Deest
1280 5003 1359 5055 buiris
1379 5006 1512 5066 Epistolae
1532 5021 1595 5070 pars

281 5073 398 5118 extrema
423 5077 450 5120 et
468 5075 603 5134 sequentia
627 5074 775 5123 exordium.
806 5098 836 5109 -
872 5075 916 5123 25.
942 5075 1108 5138 Dyrrhachio
1132 5077 1247 5125 correxit
1265 5075 1316 5126 Vb.
1341 5089 1372 5127 ea
1392 5077 1439 5140 ltp-
1459 5075 1491 5134 d,
1511 5078 1536 5126 1.
1558 5101 1591 5114 -

280 5139 323 5188 27.
344 5152 386 5189 ur.
407 5139 457 5188 Vb.
480 5165 507 5174 -
546 5143 588 5192 30.
610 5143 715 5192 dederat
734 5144 924 5194 Middtetonus.
946 5169 976 5180 -
1012 5146 1054 5195 37.
1077 5143 1120 5208 iia]
1139 5147 1178 5196 hia
1196 5146 1240 5198 Cr.
1261 5147 1290 5195 E.

1801 1459 1816 1529 l
