3668 5924
335 372 396 436 336
790 370 849 434 ER.
870 369 923 432 AD
945 368 985 444 Q.
1006 367 1190 432 FRATREM

229 523 240 546 '
333 527 389 594 sed
409 527 449 593 ab
470 527 656 614 †arapsira.
687 525 804 594 Marius
824 535 856 592 et
877 523 1052 614 valetudine
1073 533 1121 588 est
1140 533 1172 590 et
1192 532 1302 590 natura
1314 521 1510 590 imbecillior.
1550 527 1582 592 t.
1604 529 1652 590 lle

335 621 579 708 interpellatione
601 629 718 686 tantum
739 640 859 685 sumam
880 639 898 683 a
919 616 1009 684 vobis
1030 617 1180 704 temporis
1201 616 1240 683 ad
1262 617 1477 691 scribendum,
1499 628 1651 704 quamam

334 714 456 781 dabitis.
504 713 625 780 Utinam
653 713 729 779 nihil
755 712 852 787 detis,
885 722 921 777 ut
940 715 1043 797 potius
1065 722 1167 778 vestra
1189 711 1302 776 iniuria
1322 731 1416 798 mam
1437 711 1559 796 ignavia
1581 734 1652 778 mea

334 811 468 874 cessem!
490 813 537 874 Dc
558 828 594 873 re
615 806 738 894 publica
758 807 888 872 nimium
910 815 941 871 te
962 803 1105 872 laborare
1127 805 1219 871 doleo
1243 815 1274 872 et
1289 806 1451 872 meliorem
1465 811 1566 873 civem
1581 829 1652 873 esse

312 923 427 990 squam
452 901 669 977 Philoctetam,
696 900 751 986 qui
779 910 903 986 accepta
931 899 1061 973 iniuria,
1091 920 1127 964 ea
1155 900 1327 986 spectacula
1349 898 1535 986 quaerebat,
1569 923 1651 987 quae

305 1052 307 1066 .
336 995 393 1062 tibi
414 992 528 1060 acerba
549 1015 617 1059 esse
638 992 742 1060 video.
784 992 902 1059 Amabo
924 1001 971 1068 te,
993 992 1120 1071 advola;
1142 991 1330 1060 consolabor
1350 1003 1380 1058 te
1403 1001 1434 1058 et
1454 1014 1577 1059 omnem
1596 993 1653 1060 ab·

335 1086 481 1174 stergebo
503 1087 644 1154 dolorem
656 1110 666 1166 ;
700 1095 732 1152 et
751 1086 865 1163 adduc,
900 1086 928 1153 si
948 1107 999 1152 me
1019 1107 1120 1162 amas,
1153 1087 1296 1156 uarium.
1348 1086 1410 1154 Sed
1429 1097 1650 1173 approperate.

336 1187 454 1250 Hortus
475 1181 562 1249 domi
582 1189 639 1246 est.

811 1321 1176 1406 munem)

301 1451 327 1490 '⁰
780 1446 933 1510 MARCUS
955 1445 994 1521 Q.
1016 1447 1158 1510 FRATRI
1179 1444 1211 1508 S.

422 1561 450 1623 1.
471 1555 640 1644 Epistolam
662 1554 740 1622 banc
761 1556 902 1622 consido
925 1555 1131 1641 efflagitarunt
1150 1554 1284 1622 codicilli
1305 1553 1361 1621 tui.
1412 1560 1487 1621 Nam
1509 1577 1560 1622 res
1581 1557 1649 1643 qui-

335 1650 405 1716 dcm
426 1651 495 1738 ipsa
517 1660 547 1715 et
568 1651 595 1717 is
616 1650 701 1723 dies,
732 1671 795 1736 quo
816 1658 851 1715 tu
873 1669 906 1716 es
927 1648 1100 1736 proiectus,
1122 1648 1199 1714 nibil
1220 1649 1295 1714 mibi
1317 1648 1357 1714 ad
1379 1650 1576 1716 scribendum
1599 1674 1649 1716 ar·

334 1744 472 1830 gumenti
493 1766 567 1810 sane
589 1743 692 1810 dabat.
735 1743 796 1808 Sed
818 1743 1094 1830 quemadmodum,
1117 1763 1222 1808 coram
1237 1763 1306 1810 cum
1322 1763 1444 1818 sumus,
1467 1765 1571 1809 sermo
1593 1767 1651 1810 oo-

334 1838 382 1904 bis
415 1837 523 1904 deesse
552 1860 615 1904 non
642 1838 740 1912 solet,
773 1836 818 1903 sic
839 1837 988 1924 epistolae
1011 1845 1134 1903 nostrae
1155 1835 1268 1902 debent
1289 1837 1444 1903 interdum
1467 1836 1649 1904 balucinari.

301 1936 364 2003 ni.
391 1931 598 1998 Tenediorum
631 1931 727 2017 igitur
758 1928 885 1996 libertas
915 1931 1018 1996 securi
1050 1930 1184 1997 Tenedia
1215 1930 1354 2017 praecisa
1388 1939 1453 2004 est,
1489 1951 1560 1996 cum
1593 1953 1650 1998 eos

335 2033 460 2110 praeter
480 2046 532 2089 me
554 2032 585 2090 et
606 2023 750 2090 Bibulum
773 2034 805 2089 et
825 2024 975 2090 Calidium
997 2033 1029 2090 et
1048 2024 1218 2090 Favonium
1239 2043 1331 2088 nemo
1356 2021 1545 2090 defenderet.
1601 2031 1649 2091 De

335 2129 365 2183 te
393 2140 411 2183 a
437 2117 631 2203 Magnetibus
659 2115 697 2181 ab
728 2116 833 2204 Sipylo
861 2119 977 2184 mentio
1006 2127 1053 2182 ost
1072 2117 1243 2183 honorifica
1273 2114 1367 2192 iacta,
1400 2137 1470 2181 cum
1498 2127 1529 2183 te
1550 2140 1648 2184 unum

334 2213 474 2278 dicerent
495 2211 696 2298 postulationi
717 2215 750 2276 L.
774 2212 864 2276 Sestii
886 2217 1001 2278 Pansae
1023 2212 1182 2278 restitisse.
1236 2210 1374 2298 Reliquis
1394 2210 1504 2278 diebus
1525 2212 1552 2277 si
1574 2211 1650 2299 quid

334 2307 415 2382 erit,
451 2305 536 2392 quod
567 2317 596 2371 to
629 2305 710 2370 scire
738 2325 817 2390 opus
846 2305 903 2379 sit,
935 2314 989 2372 aut
1015 2306 1135 2372 etiamsi
1162 2305 1238 2370 nibil
1272 2305 1347 2379 erit,
1380 2313 1482 2369 tamen
1511 2303 1647 2371 scribam

297 2398 473 2484 mquotidie
495 2397 623 2484 aliquid.
665 2396 769 2463 Pridie
790 2397 835 2463 ld.
862 2419 963 2484 noque
986 2397 1041 2464 tibi
1068 2419 1168 2485 neque
1193 2398 1365 2484 Pomponio
1387 2398 1493 2464 deero.
1535 2402 1565 2464 4.
1587 2403 1649 2464 Lu·

334 2491 424 2555 cratii
456 2501 617 2578 poemata,
653 2499 689 2556 ut
721 2490 852 2566 scribis,
887 2491 930 2556 ita
962 2501 1052 2559 sunt:
1088 2513 1151 2557 non
1183 2492 1287 2558 multis
1317 2490 1486 2559 luminibus
1518 2489 1647 2576 ingenii,

335 2584 447 2650 multae
469 2595 571 2650 minen
592 2584 677 2650 artis.
721 2584 782 2650 Sed
803 2605 874 2650 cum
896 2586 1033 2662 veneris,
1057 2586 1160 2652 virum
1183 2595 1212 2651 te
1232 2584 1358 2673 putabo,
1380 2586 1408 2652 si
1430 2584 1555 2650 Salustii
1575 2589 1649 2649 Em-

334 2677 483 2766 pedoclea
502 2677 634 2765 legeris;
656 2677 813 2744 bominem
834 2698 897 2744 non
918 2679 1044 2766 putabo.

797 2822 868 2885 nn.
910 2821 963 2901 (A.
988 2822 1020 2885 u.
1043 2823 1074 2885 c.
1095 2823 1185 2904 roo.)

298 2954 325 2992 ⁸³
780 2944 934 3008 MARCUS
956 2943 995 3020 Q.
1016 2946 1157 3008 FRATRI
1178 2944 1209 3007 S.

420 3057 447 3120 1.
470 3052 599 3120 Gaudeo
627 3051 683 3120 tibi
710 3051 858 3119 iucundas
885 3074 953 3120 esse
982 3074 1066 3120 meas
1087 3055 1223 3132 litteras;
1259 3073 1317 3118 nec
1340 3063 1444 3120 tamen
1471 3049 1648 3120 habuissem

333 3146 489 3214 scribendi
519 3168 600 3214 nunc
621 3147 748 3234 quidem
769 3146 867 3213 ullum
888 3156 1120 3233 argumentum,
1148 3147 1208 3213 nisi
1230 3155 1297 3212 tuas
1318 3154 1516 3234 accepissem.
1571 3157 1648 3216 Nom

333 3239 434 3326 pridie
456 3240 501 3306 ld.
522 3262 593 3307 cum
614 3241 732 3328 Appius
754 3251 894 3307 senatum
915 3240 1143 3328 infrequentem
1165 3241 1336 3326 coegisset,
1372 3251 1491 3310 tantum
1512 3245 1570 3311 luit
1593 3244 1649 3310 iri-

333 3353 411 3418 gus,
443 3343 478 3398 ut
498 3335 607 3423 populi
627 3335 769 3401 convicio
790 3345 916 3400 coactus
938 3339 978 3400 sit
999 3356 1056 3400 nos
1077 3334 1242 3400 dimittere.
1300 3341 1330 3400 2.
1350 3340 1397 3400 De
1419 3341 1647 3424 Commageno.

297 3457 325 3501 m
334 3427 419 3514 quod
449 3449 516 3492 rem
546 3438 642 3495 totam
675 3429 895 3504 discusseram‚
928 3430 1058 3496 mirilice
1087 3430 1163 3496 mibi
1190 3441 1220 3496 et
1245 3451 1302 3518 per
1331 3451 1364 3496 so
1387 3439 1417 3495 et
1438 3453 1495 3517 por
1515 3438 1650 3518 Pompo-

335 3521 419 3587 nium
441 3520 599 3588 blanditur
624 3523 752 3610 Appius.
805 3523 896 3589 Videt
916 3523 1015 3598 enim,
1046 3523 1105 3589 boc
1126 3544 1240 3609 genere
1262 3524 1383 3588 dicendi
1404 3525 1431 3591 si
1452 3534 1522 3590 utar
1542 3526 1574 3590 in
1597 3547 1648 3591 ce·

335 3614 425 3690 teris,
458 3615 662 3682 Februarium
689 3616 826 3682 sterilem
853 3615 1009 3695 futurum;
1048 3638 1181 3704 eumque
1207 3617 1266 3683 lusi
1294 3617 1399 3684 iocose
1421 3619 1513 3690 satis.
1546 3640 1649 3705 neque

334 3708 434 3774 solum
466 3709 543 3775 illud
573 3710 691 3775 extorsi
721 3708 923 3796 oppidulum,
960 3711 1044 3797 quod
1075 3721 1141 3776 erat
1167 3711 1304 3797 positum
1332 3711 1365 3776 iu
1391 3712 1542 3799 Euphrati
1571 3719 1650 3779 Zeu-

334 3809 452 3887 gmate,
486 3802 541 3868 sed
569 3813 733 3890 praeterea
762 3813 865 3888 togam
894 3823 963 3869 sum
984 3804 1051 3869 eius
1072 3814 1281 3890 praetextam,
1317 3826 1409 3891 quam
1432 3816 1498 3870 erat
1519 3804 1648 3891 adeptus

298 3900 466 3968 mCaesaro
487 3896 629 3973 consule,
662 3916 775 3982 magno
800 3895 961 3962 bominum
981 3897 1049 3963 risu
1069 3899 1237 3964 cavillatus.
1293 3903 1323 3965 3.
1345 3947 1364 3975 „
1372 3899 1465 3978 Quod
1487 3897 1568 3970 vult,
1601 3897 1649 3962 in·

403 4109 429 4157 1.
448 4109 572 4170 arapsira
591 4119 631 4170 pr.
651 4106 692 4156 Mc
712 4107 821 4157 araaita
838 4120 908 4158 corr.
927 4106 972 4168 M,
990 4107 1055 4158 Aria
1067 4107 1135 4174 Spra
1153 4109 1184 4166 R,
1204 4108 1351 4170 arcuerat,
1370 4123 1434 4158 area
1452 4109 1520 4174 Syra
1537 4114 1647 4158 auctora

333 4175 481 4228 Cratandro
501 4177 537 4238 li,
557 4192 620 4227 area
638 4177 699 4240 Cyri
718 4177 855 4227 Ernestiur
875 4178 903 4228 io
921 4177 996 4228 Clavi
1014 4191 1036 4229 s.
1056 4194 1082 4229 r.
1107 4179 1196 4242 Cym.
1227 4201 1259 4215 -
1295 4179 1322 4229 2.
1341 4186 1428 4229 tamea
1446 4192 1545 4228 mmma
1563 4178 1594 4227 R.
1615 4201 1647 4214 ·-

333 4249 359 4298 ὅ.
379 4248 548 4297 Philoctetam
566 4248 649 4298 MRl:
668 4247 832 4298 Philocratem
850 4246 881 4297 ll.
910 4271 941 4284 -
978 4261 1009 4299 so
1027 4247 1095 4298 MR:
1114 4249 1162 4298 itta
1180 4247 1224 4298 111.
1257 4273 1285 4286 -
1322 4249 1348 4299 11.
1370 4263 1469 4299 omnam
1488 4263 1542 4299 om.
1564 4249 1594 4297 R.
1615 4273 1647 4284 -

333 4318 360 4368 7.
378 4319 462 4367 adhuc
481 4319 511 4368 R.
535 4343 561 4354 -
600 4318 627 4367 8.
647 4317 773 4366 Hortulm
792 4316 933 4368 Mttllerns.
954 4341 985 4354 -
1021 4319 1064 4369 13.
1083 4319 1155 4369 dabit
1174 4318 1196 4368 l.
1218 4342 1248 4354 -
1286 4319 1327 4368 tt.
1348 4319 1503 4369 hotiuciaam'
1521 4319 1562 4377 R,
1581 4317 1648 4366 uitu-

334 4390 419 4438 u'nart
439 4389 459 4438 1.
474 4413 501 4424 -
524 4389 567 4438 17.
588 4395 612 4438 ta
630 4401 647 4435 a
665 4387 827 4452 Magnetibus
839 4389 872 4439 ab
890 4388 1052 4438 Lambinus:
1073 4396 1097 4439 te
1115 4403 1132 4439 a
1149 4403 1201 4453 mp.
1222 4387 1294 4450 (carn
1313 4389 1421 4444 lineola)
1439 4392 1471 4439 ah
1489 4389 1531 4446 m.
1552 4396 1576 4437 ta
1593 4401 1648 4440 mo·

334 4458 423 4524 girol
442 4459 509 4510 Rlll.
542 4483 574 4491 -
610 4471 690 4505 unum
708 4471 763 4506 om.
784 4457 806 4508 l.
838 4483 868 4495 -
905 4457 949 4509 18.
969 4457 1045 4508 sarta·
1063 4459 1128 4508 MR:
1156 4456 1275 4519 sextil,
1296 4459 1378 4509 Sextii
1397 4459 1426 4508 R.
1456 4483 1485 4496 -
1522 4459 1565 4508 it).
1587 4459 1649 4506 idus

334 4529 432 4592 Aprilis
451 4529 471 4579 l.
494 4551 523 4562 -
551 4529 594 4577 et.
614 4527 719 4582 scribis,
738 4529 779 4576 ita
797 4535 874 4578 aaut:
892 4543 947 4579 aaa
963 4529 1052 4578 muttit
1070 4528 1222 4578 llrnertius:
1241 4529 1330 4578 samba
1347 4532 1387 4579 ita
1404 4537 1464 4580 runt
1480 4529 1568 4578 muttir
1586 4540 1647 4576 cum

335 4599 410 4648 libris
430 4599 456 4657 l,
476 4599 565 4647 acribia
583 4597 632 4646 itta
650 4603 708 4646 runt
727 4599 815 4647 miritis
833 4598 871 4659 R,
890 4598 997 4658 acribia,
1015 4611 1069 4648 aaa
1085 4601 1125 4650 tta
1143 4605 1203 4648 mat
1219 4599 1307 4648 multia
1325 4599 1466 4650 Victorius.
1487 4622 1517 4634 -
1547 4597 1591 4647 22.
1610 4597 1649 4645 oi-

334 4682 393 4717 rum
411 4669 542 4730 teanptoho
561 4680 600 4730 pr.
622 4666 657 4715 M.
690 4691 723 4700 —
759 4667 804 4717 29.
823 4670 937 4718 conuicio
954 4681 1009 4719 om·
1030 4668 1052 4719 l.
1085 4695 1113 4706 -
1150 4665 1195 4731 rit]
1215 4671 1262 4718 iste
1281 4683 1320 4732 pr.
1340 4669 1377 4720 M.
1410 4693 1440 4705 -
1478 4669 1648 4730 Commaqano

336 4738 400 4788 MR:
422 4739 592 4802 Commaqeno
610 4749 668 4800 repa
686 4735 730 4784 tu.
750 4761 780 4773 -
816 4737 859 4787 ³0.
880 4745 964 4789 totam
981 4751 1036 4788 om.
1057 4739 1078 4788 1.
1103 4763 1125 4774 -
1166 4739 1317 4790 dismuaerat
1337 4739 1387 4788 hil.
1409 4765 1437 4776 -
1466 4733 1647 4801 Pomponium]

334 4808 459 4870 poputum
479 4809 499 4856 Ι.
522 4831 551 4842 -
588 4807 632 4856 33.
651 4807 774 4868 oppidum
794 4806 815 4854 1.
835 4827 866 4842 -·
903 4809 1033 4871 Euphrati
1050 4809 1186 4874 Zeugmate
1204 4809 1269 4859 Coti.
1289 4810 1403 4860 Sarhon.
1422 4816 1448 4859 et
1466 4809 1549 4858 Patri.
1570 4819 1649 4869 quar-

335 4884 395 4927 tus:
415 4878 512 4940 eufrati
528 4883 552 4926 at
571 4883 687 4940 sagmate
706 4875 750 4934 Μ,
769 4875 879 4940 Eufrate
896 4885 921 4928 rt
940 4879 1065 4942 Pugnate
1083 4879 1121 4938 R,
1148 4878 1269 4941 euphrati
1286 4887 1310 4929 et
1328 4881 1447 4944 maginare
1465 4880 1495 4936 1,
1517 4879 1648 4939 Euphrate

336 4953 360 4997 st
378 4947 513 5009 Zartpmats
531 4947 569 5003 li,
590 4946 724 5008 Euphrate
739 4949 808 5006 tom.
828 4951 852 4996 st
870 4945 1024 5013 lmpmate)
1043 4949 1188 4999 Manutius.
1208 4975 1241 4984 -
1277 4950 1320 5000 35.
1341 4949 1415 5012 Quod
1432 4949 1487 4999 outt
1504 4947 1559 4998 hila
1579 4946 1648 5012 quod

335 5029 389 5066 oon
405 5017 460 5066 uult
479 5017 518 5077 R,
538 5017 606 5080 quod
622 5015 689 5065 molit
706 5015 739 5065 R.
