3656 5868
670 388 744 454 ua.
765 389 819 452 ru.
861 389 920 452 aa.
943 385 993 450 11.
1413 353 1415 360 ’
1454 385 1496 450 sn

171 551 362 642 permultum
382 557 454 614 anta
467 545 587 612 certior
607 544 706 612 lactus
720 565 806 612 mam
820 543 947 620 litteris,
969 545 1100 623 nandis,
1121 544 1204 614 larua
1223 546 1358 635 denique
1373 531 1441 635 ipsa
1456 583 1492 596 -

171 647 247 716 nibil
270 645 355 712 enim
375 642 435 708 init
456 640 588 719 clarius;
620 660 684 705 non
705 660 771 728 qno
792 639 957 726 quisquam
984 639 1076 707 aliter
1094 652 1250 727 putasset,
1280 642 1337 708 sed
1360 641 1436 708 nihil
1458 641 1498 708 de

171 739 346 826 insignibus
375 737 414 802 ad
440 735 565 802 laudem
592 732 670 799 viris
691 731 827 799 obscure
848 735 985 800 nuntiari
1006 735 1087 800 solet
1109 769 1165 812 -,
1189 745 1293 802 tamen
1315 736 1423 802 eadem
1446 737 1498 805 illa

172 836 303 902 laetiora
324 834 467 898 lecerunt
487 828 564 895 mibi
586 839 658 894 tuae
680 828 817 902 litterae,
839 848 903 892 non
925 829 1027 894 solum
1049 829 1123 916 quia
1143 831 1268 917 planius
1289 830 1499 917 loquebantur

171 941 204 995 et
225 927 356 996 uberim
378 947 472 1012 quarn
493 923 580 1010 vulgi
602 943 727 997 sermo,
757 921 928 988 sedetiam
950 923 1024 1010 quia
1045 925 1144 1010 magis
1165 922 1297 991 videbar
1318 925 1373 994 tibi
1394 935 1524 1012 gratu-s

171 1024 246 1099 lari,
270 1044 342 1087 cum
358 1021 397 1087 de
411 1030 441 1086 te
455 1041 497 1084 ex
516 1017 632 1104 teipso
649 1015 824 1083 audiebam.
853 1019 883 1081 2.
906 1017 1095 1104 Complexus
1109 1019 1206 1105 igitur
1221 1041 1290 1086 sum
1312 1020 1500 1106 cogitatione

172 1129 203 1184 te
226 1117 404 1193 absentem3
427 1110 591 1199 epistolam
613 1131 691 1177 vero
713 1111 891 1186 osculatus,
920 1111 1014 1177 etiam
1036 1113 1104 1198 ipse
1129 1114 1205 1180 mibi
1226 1114 1398 1200 gratulatus
1420 1135 1500 1180 sum.

173 1215 264 1290 Quae
286 1210 370 1275 enim
391 1231 409 1273 a
431 1217 543 1274 cuncto
564 1205 698 1293 populo,
730 1215 894 1280 anenata,
927 1227 945 1272 a
967 1205 1121 1274 indicibus
1141 1208 1290 1294 ingenio,
1312 1207 1501 1284 industriae,

173 1304 283 1371 virtuti
309 1302 491 1370 tribuuntur
519 1337 560 1348 -
592 1299 669 1367 mibi
702 1299 769 1386 ipse
790 1310 934 1367 assentur
960 1299 1109 1379 terune,
1141 1323 1215 1369 oum
1243 1323 1280 1370 ea
1307 1323 1377 1370 essa
1398 1303 1503 1378 inme

174 1401 261 1485 lingo
284 1433 344 1473 —‚
367 1395 443 1462 mibi
471 1415 598 1482 quoque
620 1393 682 1481 ipsi
702 1392 799 1463 tribui
820 1405 907 1481 puto.
950 1398 1014 1460 Nec
1036 1404 1098 1462 tam
1118 1397 1294 1482 gloriosum
1315 1396 1435 1463 exitum
1458 1396 1539 1463 tuin

173 1493 283 1560 iudicii
305 1491 475 1563 exstitisse,
498 1489 554 1555 sed
575 1496 639 1554 tam
661 1509 790 1575 pravam
811 1487 1012 1554 inimicorum
1035 1496 1162 1556 tuorum
1183 1501 1320 1557 mentem
1335 1491 1432 1557 luisse
1447 1491 1505 1556 mi-

172 1587 280 1653 rabar.
323 1591 369 1650 lle
399 1581 520 1649 ambitu
542 1602 620 1648 vero
648 1580 725 1669 quid
754 1581 902 1657 interest,
935 1579 1070 1668 inquies,
1107 1603 1147 1648 an
1174 1583 1213 1649 de
1244 1585 1423 1651 maiestate?
1458 1583 1505 1652 nd

173 1701 245 1748 rem
263 1679 359 1758 nibil;
388 1677 522 1743 alterum
544 1676 628 1741 enim
651 1696 716 1741 nou
738 1675 886 1761 attigisti,
915 1676 1045 1742 alteram
1067 1677 1198 1756 auxisti3
1220 1690 1437 1746 verumtamen
1459 1689 1507 1745 est
1621 1681 1624 1688 ’

175 1774 337 1849 maiestas,
360 1771 418 1837 etsi
440 1771 526 1836 Sulla
547 1769 662 1845 voluit,
684 1790 725 1834 ne
747 1769 779 1834 in
801 1769 944 1855 quemvis
965 1770 1093 1856 impune
1108 1769 1278 1838 declamari
1291 1773 1419 1840 liceret:
1442 1795 1508 1840 am

174 1867 262 1936 bitus
283 1886 361 1933 vero
391 1865 434 1930 ita
455 1871 595 1952 apertam
616 1863 680 1928 vim
701 1861 811 1938 babet,
844 1871 879 1928 ut
899 1871 953 1929 aut
974 1873 1138 1930 accusetur
1158 1864 1303 1952 improbe
1325 1877 1379 1934 aut
1400 1865 1546 1932 delen-rx

175 1963 280 2029 datur.
324 1958 498 2038 Quteuim
526 1957 606 2024 lacta
635 1966 667 2022 et
694 1977 759 2023 non
787 1955 866 2022 lacta
894 1957 1017 2043 largitio
1045 1957 1187 2042 ignorari
1207 1968 1332 2047 potest?
1364 1967 1507 2028 tuorum
1536 2009 1539 2016 ·

176 2068 285 2122 autem
307 2055 466 2120 bonorum
487 2073 598 2118 cursus
628 2051 679 2118 cui
701 2060 864 2138 suspectus
886 2072 1025 2137 uuquam
1049 2050 1130 2117 luit?
1170 2058 1221 2119 lle
1248 2053 1415 2132 miserem,
1453 2057 1507 2143 qui

176 2171 243 2216 non
265 2147 426 2214 affuerim!
459 2167 541 2234 quos
562 2167 622 2232 ego
644 2144 726 2211 risen
748 2143 949 2211 excitasseml
994 2149 1024 2210 3.
1047 2144 1109 2211 Sed
1137 2145 1175 2212 de
1201 2146 1370 2215 maiestatis
1390 2150 1508 2216 iudicio

177 2245 244 2311 duo
273 2241 350 2308 mibi
377 2240 428 2306 illa
451 2261 492 2306 ex
514 2240 576 2306 tuis
597 2239 709 2306 litteris
730 2239 953 2306 iucundissima
982 2238 1126 2308 luerunt:
1156 2263 1271 2316 unum,
1309 2243 1395 2330 quod
1417 2253 1447 2309 te
1469 2243 1508 2310 ab

177 2339 248 2426 ipsa
270 2356 305 2404 re
327 2333 451 2422 publica
473 2334 637 2401 defensum
658 2333 791 2411 scribis;
811 2355 892 2421 quae
915 2331 1042 2421 quidem
1055 2335 1151 2401 etiam
1168 2335 1200 2400 in
1216 2357 1338 2402 summa
1352 2335 1547 2403 bonormnro

178 2441 212 2498 et
232 2430 365 2496 sortium
386 2428 502 2495 civium
524 2429 615 2515 copia
636 2429 719 2495 tueri
742 2428 818 2495 tales
840 2429 926 2494 viros
948 2427 1097 2504 deberet,
1132 2450 1214 2496 nunc
1236 2453 1313 2496 vero
1334 2451 1374 2496 eo
1397 2431 1509 2516 magis,

178 2523 269 2613 quod
297 2532 380 2589 tanta
406 2522 539 2610 penuria
565 2533 613 2589 est
641 2522 673 2588 in
701 2522 786 2588 omni
809 2522 859 2588 vel
882 2523 1010 2588 honoris
1033 2522 1082 2588 vel
1103 2523 1213 2590 aetatis
1234 2525 1355 2610 gradu,
1391 2533 1426 2591 ut
1447 2535 1511 2592 tam

179 2617 263 2685 orba
284 2615 393 2682 civitm
420 2617 496 2683 tales
525 2624 646 2683 tutores
668 2616 831 2704 complecti
855 2616 980 2683 debeat:
1019 2617 1172 2692 alterum,
1205 2617 1291 2705 quod
1316 2618 1457 2706 Pompeii
1480 2628 1512 2684 et

179 2711 270 2780 Bruti
291 2709 386 2776 fidem
408 2709 721 2798 benevolentiamque
743 2710 872 2777 mirifice
899 2710 1016 2777 laudas.
1070 2716 1186 2778 Laetor
1215 2713 1331 2780 virtute
1353 2707 1387 2779 et
1405 2712 1512 2779 officio

180 2828 255 2872 eum
268 2814 396 2870 tuomm
412 2805 672 2880 necessariorum,
695 2825 838 2871 meorum
855 2804 1131 2884 amicissimorum,
1156 2815 1221 2871 tum
1232 2806 1360 2872 alterius
1371 2805 1512 2872 omnium
1522 2835 1550 2874 ra

180 2900 341 2966 seclomm
362 2908 394 2976 et
413 2897 552 2982 gentium
575 2898 743 2985 principis,
776 2898 905 2964 alterius
925 2899 1113 2986 iampridem
1134 2898 1318 2976 iuventutis,
1350 2896 1512 2974 celeriter,

180 3003 219 3061 ut
233 3013 344 3080 spero,
368 2991 510 3058 civitatis.
540 2997 587 3058 De
602 2993 805 3058 mercenariis
817 2992 950 3060 testibus
965 3015 983 3058 a
998 2993 1062 3058 suis
1076 2992 1255 3058 civitatibus
1268 2991 1430 3068 notandis,
1453 2990 1514 3057 nisi
1552 3075 1556 3078 ,

182 3087 246 3154 iam
261 3088 376 3153 lactum
388 3085 504 3173 aliquid
526 3096 574 3152 eat
594 3107 654 3174 per
673 3087 833 3162 Flaccum,
857 3086 909 3151 liet
936 3107 953 3150 a
975 3105 1043 3162 me,
1065 3107 1138 3152 cum
1160 3088 1336 3174 perusiam
1351 3085 1513 3153 decedam.

182 3187 215 3249 t.
244 3187 334 3248 Nunc
362 3179 401 3246 ad
423 3180 552 3246 alteram
574 3181 739 3267 epistolam
759 3179 865 3246 venio.
909 3179 1004 3259 Quod
1025 3179 1066 3246 ad
1087 3201 1137 3244 me
1159 3180 1248 3267 qnasi
1269 3180 1406 3248 sormam
1427 3199 1515 3245 oom-
1622 3213 1626 3238 ι

185 3275 331 3342 munium
358 3283 537 3360 temporum
560 3285 591 3340 et
619 3274 714 3340 totius
742 3272 955 3361 reipublicae
978 3273 1088 3340 misisti
1111 3294 1315 3361 expressam,
1348 3273 1552 3362 prudentiam

184 3371 362 3437 litterarum
384 3377 510 3434 tuarum
531 3368 622 3434 valde
644 3367 720 3434 mibi
743 3377 790 3434 est
809 3377 907 3454 grata.
950 3366 1051 3435 Video
1073 3368 1209 3434 enimet
1230 3369 1514 3456 periculaleviora,

186 3485 282 3553 quam
305 3460 471 3536 timebam,
492 3472 525 3527 et
546 3462 665 3528 maiora
686 3461 861 3550 praesidia,
884 3463 911 3528 si
933 3462 1074 3552 quidem,
1096 3473 1131 3530 ut
1152 3457 1278 3538 scribis,
1302 3481 1414 3530 omnes
1429 3462 1515 3528 cirea

186 3557 322 3624 civitatis
343 3577 376 3622 se
399 3555 438 3620 ad
459 3556 601 3643 Pompeii
623 3555 751 3622 ductum
772 3557 1022 3644 applicaverunt,
1045 3569 1197 3645 tuumque
1219 3557 1313 3623 simul
1334 3566 1515 3644 promptum

186 3652 326 3718 animmn
343 3659 374 3714 et
387 3649 522 3715 alacrem
543 3649 693 3738 perspexi
714 3651 754 3716 ad
772 3649 999 3717 defendendam
1012 3671 1082 3716 rem
1096 3649 1269 3737 publicam,
1285 3651 1514 3737 mirificamque

187 3745 259 3832 cepi
281 3745 473 3830 voluptatem
495 3764 535 3808 ex
558 3742 615 3808 bac
637 3753 689 3810 tua
710 3745 891 3830 diligentia,
914 3744 999 3832 quod
1014 3745 1047 3810 in
1069 3743 1200 3810 summis
1221 3745 1284 3810 tuis
1305 3743 1555 3830 occupationi-rs

188 3840 248 3906 bus
279 3837 356 3904 mibi
383 3846 485 3902 tamen
513 3836 727 3925 reipublicae
754 3849 868 3906 sutum
890 3859 949 3926 per
969 3847 1001 3904 te
1022 3849 1131 3906 notum
1153 3860 1223 3905 esse
1245 3837 1382 3906 voluisti.
1439 3843 1516 3903 Nam

190 3931 357 4018 augurales
379 3930 477 3997 libros
498 3931 538 3997 ad
559 3953 726 3998 commune
746 3933 911 4021 utriusque
932 3938 1076 4000 nostrum
1098 3931 1198 3999 otium
1213 3955 1325 4012 serva;
1348 3933 1516 4018 egoenim,

188 4049 208 4093 a
230 4039 261 4092 te
283 4047 355 4091 cum
377 4035 430 4091 tua
451 4025 607 4111 promissa
629 4047 687 4112 per
707 4027 826 4092 litteras
848 4023 1039 4113 flagitabam,
1062 4027 1101 4093 ad
1117 4026 1231 4092 urbem
1246 4036 1277 4091 te
1291 4025 1517 4092 otiosissimum

190 4141 260 4186 esse
282 4117 467 4184 arbitrabar.
520 4125 608 4185 Nunc
629 4133 748 4195 tamem
779 4133 814 4188 ut
834 4141 903 4208 rpse
924 4121 1099 4209 polliceris,
1120 4141 1180 4207 pro
1202 4118 1406 4206 auguralibus
1426 4117 1516 4184 libris

190 4213 352 4280 orationes
374 4222 443 4279 tuas
465 4212 621 4280 coniectas
644 4233 753 4280 omues
774 4211 975 4301 exspectabo.
1030 4221 1060 4281 1.
1084 4216 1216 4290 Tullius,
1239 4214 1291 4280 cui
1314 4213 1457 4280 mandata
1478 4210 1555 4282 adu

191 4329 243 4374 me
265 4306 394 4382 dedisti,
416 4328 479 4373 nou
501 4317 692 4373 convenerat
712 4329 778 4387 me;
807 4329 865 4374 nec
887 4319 955 4374 erat
975 4309 1042 4384 iam
1059 4308 1223 4396 qnisquam
1244 4329 1367 4374 mecum
1389 4315 1518 4373 tuorum

263 4473 288 4522 1.
315 4471 446 4534 permerito
472 4470 631 4522 Lambinus.
677 4471 732 4523 Cir.
762 4473 839 4524 lland
868 4473 948 4525 Tura.
969 4473 1018 4524 ΙΙΙ.
1045 4487 1072 4537 p.
1098 4473 1161 4524 669.
1189 4498 1218 4510 ·-
1256 4470 1330 4536 onte]
1349 4487 1367 4522 o
1385 4478 1410 4522 te
1427 4470 1466 4521 Μ.
1487 4489 1518 4506 -·

193 4541 222 4591 2.
242 4542 314 4591 atter
331 4541 369 4591 Μ.
392 4567 420 4577 -
442 4539 468 4591 3.
488 4541 598 4592 obserere
614 4541 741 4592 nuntiare
760 4541 796 4593 Μ.
822 4570 853 4579 -
873 4542 899 4593 8.
920 4550 1018 4594 nante
1037 4549 1129 4594 cuncto
1147 4555 1202 4593 om.
1222 4541 1260 4593 Μ.
1287 4566 1317 4577 -
1355 4541 1381 4592 o.
1402 4540 1520 4590 tribuun-

194 4619 254 4670 tur,
274 4613 337 4675 puio
349 4611 413 4660 mibi
425 4610 461 4662 Μ.
478 4639 506 4650 -
526 4615 657 4663 numitor
672 4612 710 4662 Μ.
727 4635 757 4647 --
777 4613 821 4663 rt.
841 4615 891 4663 ctat
903 4613 947 4664 ld:
969 4621 999 4664 ut
1012 4613 1044 4665 Ε.
1060 4639 1090 4650 -
1108 4613 1252 4664 decumort
1264 4611 1310 4662 ld:
1329 4609 1518 4661 declamaret.¹

195 4681 337 4732 variorum
351 4680 525 4733 coniecturae
538 4683 577 4733 sle
595 4683 800 4746 componendae
819 4683 959 4735 ridenturr
981 4685 1177 4736 Verumtamen
1196 4697 1227 4733 eo
1246 4689 1283 4732 eat
1294 4685 1417 4732 maiestas
1430 4679 1465 4742 (ct
1483 4683 1521 4731 stc

195 4751 268 4803 Sulla
281 4751 393 4814 enotuit),
411 4757 441 4802 ut
456 4754 485 4802 tn
496 4755 611 4818 pasmotr
622 4755 719 4816 inpune
736 4753 879 4804 mammeri
890 4753 976 4806 lucet.
997 4755 1048 4806 01.
1070 4779 1098 4790 -
1120 4753 1163 4805 ro.
1183 4748 1246 4816 Qui]
1258 4753 1328 4816 quod
1339 4751 1377 4802 Μ.
1399 4778 1427 4788 -
1447 4753 1521 4817 facto

196 4829 220 4872 et
237 4837 292 4872 non
309 4821 354 4872 ll:
382 4823 455 4886 lacto
473 4830 519 4872 out
538 4837 592 4873 non
611 4823 641 4873 ll.
669 4844 700 4857 -
737 4824 781 4873 bo.
801 4824 955 4886 reipublice
972 4825 1011 4878 Μ.
1033 4850 1062 4862 -
1099 4823 1144 4874 21.
1164 4835 1207 4873 eos
1222 4823 1308 4886 mepta
1325 4823 1394 4887 quod
1412 4829 1441 4872 tu
1458 4829 1521 4872 unte

195 4893 304 4954 pmario
323 4891 361 4942 Μ.
383 4915 413 4927 -
433 4891 477 4942 22.
496 4890 614 4956 toneris]
633 4893 719 4944 amru
736 4893 774 4946 Μ.
797 4917 824 4928 -·
845 4893 890 4944 at.
910 4894 1001 4946 tanam
1020 4895 1059 4948 Μ.
1080 4917 1111 4930 -
1131 4893 1176 4944 25.
1195 4888 1263 4954 cam]
1281 4906 1361 4956 gaam
1379 4905 1420 4955 pr.
1434 4891 1473 4943 Μ.
1488 4915 1519 4930 -

196 4960 240 5012 Μ.
259 4962 385 5012 rectorum
403 4961 450 5014 bl:
468 4963 631 5014 mmmmm
649 4963 679 5012 ll.
699 4987 732 4998 -
768 4963 813 5014 29.
833 4967 1006 5020 seminantem
1023 4972 1123 5026 tempas
1141 4975 1230 5014 rorum
1248 4969 1272 5014 st
1290 4962 1328 5014 Μ.
1349 4985 1380 4998 -
1411 4961 1455 5014 dd.
1473 4975 1522 5026 par

198 5027 232 5148 pa]
250 5033 333 5152 ροόἰοο
351 5031 389 5082 Μ.
420 5053 453 5070 -
489 5034 535 5085 to.
553 5033 626 5086 Forl.
646 5031 783 5086 collector.
801 5033 853 5086 Οι.
876 5058 900 5070 -
938 5033 1048 5100 Tattius]
1066 5035 1129 5086 dicit
1148 5031 1239 5086 tullius
1256 5032 1295 5086 Μ.
1314 5033 1387 5084 liert.
1407 5032 1441 5084 D.
1463 5032 1520 5084 Tul·

210 5115 256 5152 rua.
301 5115 328 5154 a.

283 5199 354 5242 eterra
369 5197 390 5240 ῐ.
407 5201 438 5241 ΙΙ
1290 5171 1312 5234 4
