3666 5874
1530 345 1597 412 m

261 489 368 580 edd,
405 489 459 578 qul
488 488 585 556 aliam
614 487 813 558 aMedlceo
841 489 1003 578 originem
1029 488 1194 577 habeant,
1226 489 1342 560 iisdem
1368 512 1512 578 prorsus
1536 513 1594 562 er-

262 597 398 663 roribus
417 596 487 661 sint
508 594 644 660 obnoxii
667 593 859 681 eademque,
875 598 1013 662 careant
1033 593 1160 661 Decimi
1184 593 1340 680 Epistola
1365 595 1592 664 Parmensium

264 703 392 768 sortem
414 697 621 784 deplorante.
662 693 733 764 Sed
756 697 791 763 id
812 699 911 764 velim
934 699 1038 784 probe
1061 697 1326 784 animadvertas,
1359 717 1434 788 eos,
1467 704 1522 788 qui
1546 704 1595 770 ita

265 805 413 874 tortasse
434 821 486 868 me
506 801 684 868 refutaturi
706 803 789 891 sint,
809 800 875 872 boc
898 801 1069 868 dumtaxat
1084 803 1262 892 allaturos,
1284 803 1353 894 fieri
1370 808 1536 892 potuisse,
1558 811 1596 874 ut

264 909 388 975 alicubi
409 908 565 993 aliquove
587 910 737 992 tempore
758 905 859 973 luerit
881 909 1094 996 eveneritve‚
1126 909 1208 992 ipsis
1237 906 1326 994 quod
1349 909 1478 997 placet,
1510 929 1595 996 quae

264 1014 353 1080 ratio
374 1015 428 1078 est
449 1011 576 1077 infinita
594 1010 820 1096 latissimeque
842 1012 954 1100 patet,
974 1030 1038 1078 nec
1060 1013 1148 1077 serlo
1170 1010 1329 1099 redargui
1353 1017 1483 1100 potest,
1504 1034 1595 1080 nun-

265 1136 363 1204 quam
385 1134 469 1183 vero
492 1114 588 1182 iidem
617 1118 710 1181 certo
731 1116 843 1202 aliquo
865 1117 1055 1182 testimonio
1078 1103 1215 1182 utentur
1236 1121 1397 1203 certoque
1419 1115 1535 1186 codice
1561 1121 1595 1184 in

263 1222 406 1306 medium
429 1221 539 1306 posito
560 1218 787 1286 Victorianam
809 1222 1010 1286 sententiam
1032 1219 1224 1306 destruent3
1260 1238 1326 1307 ego
1348 1223 1476 1310 autem,
1510 1241 1597 1309 quae

263 1343 341 1391 mea
371 1327 423 1391 est
453 1322 588 1389 fortuna
615 1325 752 1389 veritati
782 1322 836 1390 hie
864 1325 982 1390 saliem
1011 1324 1205 1410 coniuncta,
1236 1342 1304 1390 rem
1329 1323 1452 1408 iactam
1476 1328 1616 1413 ubique.

264 1430 377 1496 indico
399 1430 500 1515 atque
521 1427 597 1494 huic
619 1428 760 1511 innitor,
782 1426 865 1495 haee
887 1429 951 1494 tria
973 1430 1170 1518 argumenta
1191 1429 1393 1513 cumprimis
1412 1431 1597 1498 illisartis-

233 1537 347 1619 sime
375 1533 518 1621 iungens
547 1529 645 1617 idque
673 1548 806 1616 semper
834 1551 906 1598 meo
933 1534 1004 1598 iure
1032 1532 1225 1616 postulans,
1261 1537 1298 1596 ui
1332 1552 1375 1600 ex
1409 1534 1516 1601 tribus
1543 1533 1597 1601 his

264 1639 405 1724 primum
427 1639 506 1702 ante
531 1636 638 1701 omnia
658 1634 849 1720 refellatur,
883 1634 963 1701 illud
992 1635 1067 1702 dico
1089 1655 1110 1702 a
1133 1637 1252 1702 misero
1274 1638 1482 1726 glutinatore
1505 1641 1598 1727 peti-

265 1745 352 1809 tum:
374 1739 463 1827 quod
485 1741 626 1805 omnium
648 1741 700 1805 est
722 1737 957 1806 validissimum
981 1743 1015 1806 et
1037 1740 1070 1804 ln
1088 1759 1170 1827 quo,
1192 1742 1273 1805 miro
1288 1759 1371 1808 sane
1385 1761 1484 1827 wau,
1506 1744 1597 1810 stul.

264 1847 343 1912 titia
363 1863 478 1910 verum
499 1843 638 1910 adiuvit.
680 1841 774 1925 (luae
797 1843 926 1930 quidem
948 1844 1082 1934 singula
1104 1845 1297 1931 singulatim
1316 1847 1345 1910 sl
1362 1865 1596 1932 proponeren-

263 1953 339 2036 tur,
359 1950 407 2014 ita
428 1950 467 2013 ut
487 1948 609 2014 nntium
632 1965 652 2014 a
675 1949 798 2015 ceteris
820 1950 1015 2034 acciperent
1036 1947 1257 2014 adiumentum
1283 1967 1345 2016 nec
1358 1952 1503 2017 vicissim
1520 1971 1596 2019 sese

263 2055 432 2120 munirent
443 2050 692 2136 admirabilique
705 2070 843 2135 prorsus
857 2054 1106 2136 conspiratione
1121 2071 1240 2118 rursus
1255 2058 1482 2142 congruerent
1497 2059 1596 2122 ctiam

263 2175 339 2242 cum
360 2157 567 2246 argumentis
586 2154 771 2239 historicis,
800 2160 837 2223 ut
858 2159 907 2221 ita
928 2157 1182 2240 cinomanica
1205 2160 1386 2242 expositis,
1414 2159 1598 2226 infirmiora

263 2260 413 2330 fortasse
435 2257 542 2326 videri
565 2263 737 2347 poterant:
768 2258 828 2326 sed
858 2262 906 2326 ita
928 2263 1075 2327 interae
1097 2278 1252 2328 connexa
1273 2265 1374 2348 atque
1396 2265 1595 2331 continuata

263 2365 438 2432 fortuitum
462 2381 573 2430 casum
596 2382 735 2449 prorsus
753 2363 936 2432 excludunt
950 2366 1100 2450 satisque
1119 2362 1366 2451 demonstrant,
1388 2365 1597 2436 haecomnia

263 2469 507 2554 simplicissime
529 2470 564 2534 et
586 2487 629 2534 ex
651 2471 724 2554 ipsa
746 2486 854 2534 rerum
877 2471 997 2536 natura
1019 2469 1067 2534 ila
1089 2469 1268 2554 explicari,
1290 2470 1318 2534 sl
1342 2469 1503 2538 iaciamus
1522 2490 1596 2538 cum

263 2571 451 2654 ¹I’olitlano,
482 2571 648 2661 Victoria,
682 2572 953 2659 Lagomarainio,
987 2574 1042 2661 qul
1063 2572 1127 2638 soli
1148 2577 1228 2638 ante
1249 2591 1301 2639 me
1322 2569 1383 2640 Cd.
1405 2573 1596 2643 Medicenm

264 2676 401 2762 penitus
433 2680 615 2742 noverunt:
652 2681 786 2760 contra,
820 2680 874 2765 qul
905 2696 1005 2742 unum
1039 2677 1186 2744 fortasse
1218 2678 1403 2745 alterumve
1432 2679 1596 2748 infirmare

263 2780 460 2868 conabitur,
482 2780 606 2848 infelici
623 2780 763 2867 quodam
786 2783 858 2848 fato
880 2780 1032 2848 haerebit
1053 2799 1187 2867 semper
1208 2782 1243 2848 ln
1266 2785 1405 2851 omnium
1429 2802 1596 2852 consensu

264 2885 359 2952 nulla
381 2903 520 2970 prorsus
541 2879 618 2952 arte
637 2885 862 2952 dissolvendo.
905 2880 987 2967 Ν.)
1009 2885 1099 2965 lan,
1120 2884 1208 2972 quod
1227 2885 1330 2975 longe
1344 2888 1517 2953 maximum
1533 2894 1597 2974 est,

264 2988 373 3064 ¹omnis
394 2989 543 3055 varietas
564 2992 750 3056 ceterorum
770 2990 927 3057 Codicum
950 3009 992 3055 cx
1014 2990 1160 3057 lectione
1181 2988 1276 3056 Med.
1298 2994 1413 3074 potest
1434 2993 1596 3074 explicari

265 3095 302 3158 et
331 3096 425 3159 certa
452 3091 495 3158 ad
523 3095 637 3177 capita
664 3093 802 3181 referri,
837 3112 903 3179 qua
930 3095 1041 3160 tamen
1070 3094 1103 3158 in
1130 3112 1167 3159 re
1190 3095 1383 3160 necessario
1405 3096 1596 3162 servandae

263 3199 345 3264 sant
366 3195 431 3263 hae
453 3198 627 3264 cautiones
648 3202 749 3283 atqua
771 3197 1009 3283 exceptiones:

353 3290 402 3383 1)
423 3299 530 3388 Meri,
562 3320 645 3386 quos
667 3300 798 3387 dicunt,
827 3303 945 3369 calami
967 3318 1100 3367 errores
1121 3317 1369 3388 perversaeque
1390 3301 1596 3391 singularum

264 3421 385 3471 vocum
408 3404 596 3490 scripturae
619 3408 738 3472 contra
760 3424 823 3471 nos
843 3405 954 3472 allerri
977 3409 1163 3492 nequeunt3
1199 3404 1233 3471 ld
1255 3411 1365 3474 aulem
1392 3426 1501 3496 genus
1522 3408 1596 3476 ire-

266 3508 516 3594 quentlssimnm
549 3510 614 3575 erit
641 3507 732 3594 apud
759 3510 1035 3595 imperitissimum
1068 3526 1229 3596 quemque
1259 3510 1477 3577 librariorum.
1520 3511 1596 3579 Huc

266 3631 369 3698 porro
402 3612 586 3678 referemus
618 3611 770 3679 diversas
802 3613 927 3680 formas
958 3613 1214 3681 declinationum
1246 3617 1280 3679 ct
1307 3616 1596 3702 coniugationum,

265 3716 407 3783 maxime
429 3717 463 3782 ln
485 3717 772 3785 contractionibus
793 3722 1062 3810 acerrimae-tort,
1084 3721 1297 3786 ararattaruat
1318 3723 1399 3805 cet,
1419 3722 1454 3785 in
1477 3721 1596 3805 quibus

266 3821 432 3886 arbitratu
463 3840 525 3886 suo
554 3822 735 3889 utebantur
764 3822 906 3908 librarii,
942 3825 1042 3888 utin
1072 3821 1216 3889 diversis
1242 3824 1418 3909 scripturis
1448 3824 1596 3891 eiusdem

265 3924 441 4010 vocabuli,
475 3925 622 4017 cocleam,
657 3926 806 4018 cocleam,
839 3945 963 4017 coclea,
997 3943 1125 4015 caetra,
1154 3943 1258 4015 certa,
1287 3924 1447 4017 patiebar,
1475 3927 1596 4016 pulcer

267 4032 333 4096 cet.
355 4057 395 4072 -
417 4027 559 4094 Arbitrli
580 4033 691 4096 autem
716 4032 807 4097 nulla
829 4031 960 4096 omnino
981 4031 1067 4095 ratio
1089 4027 1184 4094 reddi
1207 4032 1330 4115 potest

355 4122 405 4215 2)
427 4129 519 4198 Ordo
532 4119 1267 4219 vocabulorumaliidmterdun'discrepuns
1283 4137 1377 4201 ortus
1399 4136 1452 4200 est
1472 4135 1529 4201 vel
1552 4153 1596 4202 ex

266 4235 477 4303 librariorum
493 4240 528 4302 et
543 4236 735 4304 dictantium
751 4239 960 4328 negligentia
975 4241 1075 4324 atque
1091 4239 1294 4326 temeritate,
1316 4239 1372 4304 vel
1390 4237 1479 4326 quod
1492 4256 1595 4324 saepe

267 4341 323 4407 hic
344 4359 406 4405 nau
427 4342 540 4422 venii,
563 4360 582 4408 e
603 4360 710 4427 pravo
730 4342 840 4408 studio
857 4342 1113 4432 elegantiorem,
1135 4340 1405 4428 quemadmodum
1420 4342 1593 4426 putabant,

268 4444 545 4528 numerosiorem,
566 4449 674 4534 magis
694 4446 825 4512 solitum
848 4443 1070 4512 substituendi
1093 4447 1157 4528 llll,
1180 4463 1274 4532 quem
1297 4441 1357 4515 Cd.
1376 4444 1471 4512 Med.
1492 4464 1596 4531 prae-

268 4548 380 4614 bebat.
420 4545 496 4630 Quo
519 4551 553 4614 in
575 4567 702 4638 genere
724 4551 842 4616 erebro
865 4552 1038 4637 peccatum
1060 4551 1113 4616 esi
1135 4549 1289 4616 abitalia
1305 4550 1502 4636 praesertim
1517 4544 1595 4618 Sec.

266 4649 364 4738 XV.,
385 4653 438 4738 qui
462 4653 558 4718 nimis
579 4657 705 4720 teretes
726 4652 895 4722 habebant
917 4671 1033 4742 aurea,
1062 4656 1198 4740 quique,
1227 4671 1311 4740 quae
1333 4656 1367 4719 in
1390 4653 1596 4721 orationihus

268 4775 303 4820 v.
318 4773 348 4823 c.
363 4757 551 4844 ceterisque
573 4757 642 4825 cic.
658 4757 752 4824 libris
774 4774 896 4844 magna
917 4775 990 4824 cum
1009 4775 1090 4824 cura
1105 4757 1286 4824 elaboratis
1299 4759 1393 4824 recte
1407 4775 1445 4824 se
1461 4756 1596 4843 habent,

268 4857 313 4928 ad
342 4859 559 4945 epistolarum
589 4879 719 4950 qaoque
748 4861 858 4930 stilum
886 4878 949 4928 sua
968 4864 1090 4930 natura
1110 4862 1303 4930 solutiorem
1325 4861 1508 4932 transferre
1529 4880 1596 4957 ge-

267 4964 429 5034 silebant.
