3662 5908
517 434 591 496 LlB.
613 434 695 496 xvi.
737 435 795 498 EP.
817 435 867 497 13.
890 433 940 498 te.
963 434 1012 497 15.
1037 435 1085 497 16.
1111 436 1161 500 17.
1433 438 1494 500 299

644 591 708 656 rr.
750 591 803 667 (r.
830 594 862 657 o.
885 594 917 657 c.
939 592 1029 672 roo.)

542 735 546 743 ’
647 715 813 778 TULLIUS·
832 715 966 780 TIRONI
988 715 1020 778 S.

261 828 289 889 1.
310 829 449 910 Aegypta
475 822 515 888 ad
545 845 594 888 me
615 824 702 889 venit
722 823 823 911 pridie
843 824 917 890 Idus
938 824 1071 912 Apriles.
1113 829 1143 891 Is
1165 826 1224 891 etsi
1245 825 1321 892 mihi
1343 828 1498 894 nuntiarit

175 928 206 982 te
229 917 318 1004 plane
347 916 429 982 febri
450 939 559 983 carere
588 927 619 984 et
640 917 722 984 belle
743 917 874 995 hahere,
897 928 1016 995 tamem
1053 918 1138 1005 quod
1161 919 1286 1005 negavit
1307 929 1337 986 te
1357 927 1497 1008 potuisse

175 1011 214 1077 ad
231 1032 281 1076 me
303 1011 459 1087 scribere,
493 1032 600 1077 curam
622 1021 665 1077 mt
687 1013 805 1087 attulit,
838 1021 871 1078 et
897 1033 937 1078 eo
959 1013 1076 1100 magis,
1113 1014 1198 1100 quod
1220 1016 1366 1090 Hermia,
1403 1036 1521 1101 quems

176 1107 287 1173 eodem
310 1106 361 1172 die
382 1107 490 1174 venire
512 1115 710 1192 oportuerat,
732 1128 795 1172 uon
818 1118 955 1173 venerat.
998 1105 1178 1172 Incredibili
1200 1130 1269 1173 sum
1290 1107 1498 1175 sollicitudine
1541 1123 1557 1154 ·

175 1200 214 1266 de
247 1210 299 1266 tua
331 1201 528 1283 valetudine3
560 1223 622 1288 qua
651 1202 678 1267 si
706 1223 757 1266 me
785 1199 944 1276 liberaris,
982 1223 1041 1287 ego
1070 1211 1101 1267 te
1127 1202 1214 1268 omui
1239 1223 1314 1267 eura
1344 1201 1498 1268 liberabo.
1524 1272 1528 1283 ,

174 1295 267 1360 Plura
303 1293 491 1371 scriberem,
528 1296 555 1361 si
585 1296 647 1360 iam
674 1305 816 1382 putarem
846 1293 990 1362 lubenter
1010 1305 1041 1362 te
1062 1297 1170 1382 legere
1191 1317 1293 1383 posse.
1335 1295 1499 1381 Ingenium

176 1399 278 1464 tuum,
302 1389 388 1475 quod
410 1410 469 1475 ego
490 1389 618 1454 maximi
640 1389 741 1466 facio,
763 1389 873 1455 confer
893 1391 934 1456 ad
956 1399 987 1456 te
1008 1391 1086 1456 mihi
1102 1389 1222 1476 tibique
1237 1386 1497 1454 conservandum.

176 1488 258 1550 Cura
279 1493 309 1548 te
332 1488 425 1549 etiam
446 1493 539 1570 atque
562 1484 655 1550 etiam
677 1483 852 1568 diligenter.
909 1485 997 1552 Vale.
1054 1489 1084 1551 2.
1122 1485 1242 1571 Scripta
1263 1483 1325 1548 iam
1348 1483 1496 1570 epistola,
1509 1512 1535 1552 ro

176 1577 302 1642 Hermia
326 1577 419 1646 veuit.
462 1579 576 1665 Accepi
597 1587 682 1644 tuam
703 1575 867 1663 epistolam
881 1577 1094 1645 vacillantibus
1110 1577 1275 1656 litterulis;
1298 1598 1356 1642 uec
1369 1583 1495 1652 mirum,

175 1681 236 1735 tam
259 1676 346 1756 gravi
368 1668 490 1737 morbo.
529 1677 612 1756 'Ego
634 1671 673 1738 ed
694 1678 725 1736 te
746 1675 916 1760 Aegyptam
936 1672 1023 1748 misi,
1052 1671 1138 1760 quod
1158 1691 1217 1736 uec
1237 1669 1424 1737 inhumanus
1446 1677 1495 1736 est
1564 1675 1565 1678 ’

176 1774 206 1830 et
227 1774 258 1830 te
281 1765 366 1830 risus
387 1775 434 1830 est
455 1765 532 1831 mibi
553 1763 701 1852 diligere,
725 1773 760 1837 nt
780 1764 808 1829 is
830 1775 932 1832 tecum
953 1775 1055 1844 esset,
1077 1775 1109 1832 et
1131 1787 1203 1832 cum
1225 1786 1265 1830 eo
1286 1785 1411 1839 cocum,
1434 1787 1498 1852 quo

175 1869 312 1925 uterere.
355 1860 442 1930 Vale.
1385 1855 1391 1868 ’

635 2006 716 2071 ru.
758 2006 870 2086 (1.1.
897 2005 928 2070 c.
951 2001 1042 2084 roo.)
1507 2025 1533 2063 1.

153 2219 158 2226 Ι
657 2107 716 2213 lo.
738 2127 945 2194 1111111111
968 2127 1000 2190 s.
1024 2107 1041 2244 )

173 2241 177 2248 ’
260 2241 289 2302 1.
310 2241 357 2302 De
379 2237 510 2315 Tirone,
532 2239 575 2304 mi
596 2245 716 2317 Marce,
739 2241 833 2306 itate
854 2255 1023 2323 meumque
1046 2234 1228 2303 Ciceronem
1250 2245 1282 2302 et
1302 2254 1405 2300 meam
1426 2232 1500 2299 'lul-

177 2331 282 2396 liolam
305 2339 457 2415 tuumque
479 2331 576 2401 filium
609 2335 747 2409 videam,
776 2343 813 2399 ut
833 2331 910 2398 mihi
932 2329 1143 2418 gratissimum
1164 2329 1284 2402 fecisti,
1314 2350 1385 2394 cum
1407 2349 1498 2412 eum,

176 2423 338 2508 indiguum
360 2424 412 2489 illa
434 2425 578 2503 fortuna,
612 2428 702 2495 uobis
723 2429 858 2494 amicum
879 2447 973 2514 quam
995 2445 1121 2490 servum
1143 2445 1212 2490 esse
1233 2421 1381 2489 maluisti.
1423 2420 1499 2487 Mihi

176 2518 284 2591 crede,
322 2519 382 2584 tuis
404 2531 435 2585 et
455 2520 540 2587 illius
561 2522 672 2589 litteris
700 2523 860 2610 perlectis,
901 2519 999 2586 exilui
1020 2518 1135 2604 gaudio
1157 2527 1190 2584 et
1216 2515 1274 2584 tibi
1296 2525 1327 2582 et
1348 2537 1407 2602 ago
1428 2537 1499 2603 gra·
1511 2541 1540 2579 111

176 2612 234 2677 tias
266 2623 298 2678 et
333 2615 484 2698 gratulor.
528 2621 557 2682 2.
592 2618 625 2682 Si
652 2617 736 2683 enim
765 2617 842 2682 mihi
870 2613 959 2680 Statii
988 2611 1118 2679 fidehtas
1140 2620 1188 2677 est
1208 2619 1310 2676 tantm
1331 2609 1500 2698 voluptati,

177 2707 283 2793 quanti
304 2729 372 2772 esse
394 2708 426 2773 in
447 2709 507 2776 isto
529 2710 606 2776 haec
627 2710 737 2776 eadem
751 2709 835 2777 hona
848 2708 979 2783 debent,
1002 2705 1116 2772 additis
1136 2705 1267 2781 litteris,
1290 2704 1499 2778 sermonibus,

176 2799 382 2876 humanitate,
418 2825 499 2890 quae
531 2814 602 2870 sunt
633 2805 681 2870 his
708 2805 784 2891 ipsis
816 2800 990 2869 commodis
1015 2799 1159 2887 potioral
1199 2804 1279 2866 hmo
1301 2807 1332 2864 te
1353 2797 1500 2864 omnibus

177 2895 322 2982 equidem
344 2897 490 2964 maximis
511 2899 550 2965 de
572 2899 693 2975 causis,
721 2919 833 2964 rerum
855 2895 948 2962 etiam
968 2904 1100 2981 propter
1121 2892 1219 2966 hanc,
1242 2892 1293 2958 vel
1314 2890 1401 2979 quod
1421 2891 1500 2957 mihi

178 2991 239 3066 sic,
272 2999 307 3056 111
328 2988 478 3065 debuisti,
507 2993 665 3059 nuntiasti.
718 2998 762 3059 Te
783 3001 883 3059 totum
905 2991 938 3056 in
959 2988 1073 3054 litteris
1094 2986 1169 3054 vidt
1212 2985 1319 3052 Sabini
1340 2983 1446 3072 pueris
1468 2994 1537 3049 etto

177 3085 324 3172 promisi·
331 3085 437 3152 omnia
458 3097 489 3152 ct
510 3086 631 3154 faciam.

627 3228 725 3291 rur.
767 3224 820 3306 (l.
846 3226 879 3289 u.
906 3225 939 3290 c.
961 3223 1049 3304 roe.)

651 3349 813 3413 TULLIUS
834 3347 971 3411 TIRONI
993 3347 1024 3410 S.

263 3466 292 3528 1.
313 3461 428 3538 Video,
452 3459 528 3548 qrrid
549 3481 632 3545 agas.
676 3466 757 3527 Tuas
779 3478 907 3545 quoque
925 3455 1072 3543 epistolas
1087 3455 1136 3521 ris
1150 3453 1265 3521 referri
1282 3453 1316 3518 in
1329 3450 1500 3519 volumina.

160 3541 242 3634 (Sed
261 3554 339 3621 heus
360 3565 409 3630 tu,
432 3555 487 3648 qui
509 3555 616 3621 κανών
636 3575 705 3619 esse
727 3573 870 3618 meorum
893 3551 1081 3638 scriptorum
1104 3549 1188 3615 soles
1203 3540 1217 3628 )
1234 3547 1318 3613 unde
1338 3545 1417 3612 illud
1436 3553 1538 3613 tamo
1591 3563 1645 3648 ,p

179 3651 322 3734 ἄκυρον,
365 3649 621 3736 „valetudini
653 3647 840 3714 fideliter
874 3642 1171 3712 inserviendo.''
1230 3641 1315 3708 Unde
1342 3645 1375 3706 iu
1406 3639 1502 3704 istum

178 3745 282 3810 locum
304 3741 538 3818 „fideliter”
560 3743 675 3808 venit?
713 3746 763 3807 cui
785 3741 886 3806 verbo
907 3739 1101 3806 domicilium
1122 3747 1170 3804 est
1191 3735 1355 3825 proprium
1378 3733 1412 3799 iu
1434 3732 1503 3798 offi-

179 3837 249 3913 cio,
286 3838 488 3922 migrationes
509 3837 542 3903 in
562 3837 699 3902 alienum
720 3835 845 3904 multae.
890 3839 1022 3922 Nampet
1042 3830 1186 3898 doctrina
1209 3839 1240 3896 et
1262 3829 1374 3896 domus
1396 3836 1427 3893 et
1447 3848 1501 3892 ars

179 3942 211 3996 et
237 3951 313 4015 ager
340 3931 433 3995 etiam
456 3929 555 4010 tiddis
581 3929 643 3995 dici
664 3915 790 4022 potest)
819 3937 855 3994 ut
875 3927 930 4003 sit,
966 3927 1125 4016 quomodo
1148 3923 1364 4013 Theophrasto
1384 3920 1501 4007 placet,
1586 3920 1658 3994 ,ank

179 4023 356 4090 verecunda
377 4023 511 4089 tralatio.
566 4023 629 4089 Sed
663 4024 741 4089 haee
769 4043 887 4088 coram.
940 4020 1118 4087 Demetrius
1147 4023 1233 4085 venit
1261 4017 1300 4084 ad
1330 4036 1400 4094 me;
1438 4035 1540 4100 quoee

179 4117 306 4206 quidem
342 4117 504 4183 comitatui
544 4120 780 4202 ’Apopthom
825 4113 900 4180 satis
932 4115 1003 4181 scis.
1061 4119 1109 4179 'lo
1142 4132 1214 4177 eum
1259 4110 1406 4178 videlicet
1436 4129 1501 4173 nou

178 4212 308 4298 potuisti
339 4212 464 4290 videre;
496 4233 564 4277 cras
597 4212 711 4291 aderit;
747 4207 868 4278 videbis
900 4207 1007 4294 igitur.
1059 4212 1136 4272 Nam
1163 4205 1322 4291 egobino
1352 4200 1503 4290 perendie

178 4327 270 4372 mane
292 4307 407 4392 cogito.
450 4305 603 4372 valetudo
625 4314 678 4371 tna
700 4325 751 4370 me
772 4302 863 4370 valde
885 4301 1044 4380 sollicitnt;
1067 4300 1122 4366 sed
1138 4299 1255 4366 inservi
1270 4306 1302 4364 et
1315 4297 1364 4363 lac
1378 4294 1517 4383 omnine

179 4409 247 4465 tum
270 4409 301 4466 te
323 4421 445 4466 mecum
469 4420 554 4474 esse,
578 4409 644 4465 tum
665 4396 742 4464 mihi
765 4395 1009 4464 cumulatissime
1030 4393 1207 4461 satisfacere
1228 4402 1346 4481 putato.
1390 4389 1505 4475 Cuspio

179 4493 266 4580 quod
282 4515 411 4582 operam
428 4493 557 4569 dedisti,
580 4491 656 4558 mihi
671 4501 795 4577 gratum
807 4501 864 4557 est
905 4489 1003 4558 Valde
1020 4489 1105 4556 enim
1119 4489 1188 4554 eine
1201 4507 1296 4554 caum
1309 4485 1393 4554 volo.
1414 4483 1502 4551 Vale.
1513 4504 1541 4548 ro

1453 4627 1488 4638 h

251 4715 276 4765 5.
295 4717 333 4764 me·
350 4715 396 4766 111
424 4715 489 4764 aethe·
518 4714 549 4764 1.
579 4735 610 4748 -
647 4711 690 4762 11.
710 4716 810 4762 uterere
827 4711 873 4762 111
899 4716 971 4760 otere
988 4709 1021 4760 tt.
1051 4735 1080 4746 -
1118 4709 1163 4760 111.
1190 4709 1301 4774 sentuno
1317 4719 1350 4757 oe
1365 4705 1440 4756 nobie
1458 4703 1504 4764 11,

178 4786 288 4851 [ortano
306 4785 354 4836 hoe
371 4785 445 4836 achia
463 4785 493 4834 11.
514 4809 547 4818 —-
583 4783 626 4832 10.
645 4782 747 4846 pendeo
764 4780 802 4832 11.
824 4804 855 4817 -
890 4779 934 4830 ee.
954 4779 1046 4830 debent
1067 4779 1159 4830 debere
1177 4779 1276 4830 additia
1293 4776 1332 4828 11.
1354 4799 1383 4814 -
1411 4775 1506 4826 ineerta

179 4863 205 4906 et
221 4855 383 4906 serenooe'hoe
400 4854 438 4907 11.
471 4879 501 4890 -
538 4853 582 4904 30.
601 4852 689 4902 hoco
716 4851 757 4902 M.
781 4877 813 4888 -
849 4849 894 4902 oo.
913 4851 1058 4901 comitutu!
1084 4845 1279 4914 Ἀφωμιλησα
1297 4846 1436 4897 01111Ιί1111
1464 4858 1506 4896 oo·

179 4927 276 4978 1111111111
295 4919 478 4992 deceptione
496 4925 526 4976 h.
551 4949 579 4962 -
616 4923 666 4974 erte
683 4929 784 4974 etoeom
800 4920 838 4975 11.
859 4945 890 4959 -
926 4920 972 4972 88.
990 4921 1035 4972 red
1051 4923 1076 4972 ee'
1092 4921 1188 4972 imeroe'
1206 4917 1364 4969 hemhinue.
