<?xml version="1.0" encoding="UTF-8"?>
<!DOCTYPE html PUBLIC "-//W3C//DTD XHTML 1.0 Transitional//EN"
    "http://www.w3.org/TR/xhtml1/DTD/xhtml1-transitional.dtd">
<html xmlns="http://www.w3.org/1999/xhtml" xml:lang="en" lang="en">
 <head>
  <title>
</title>
<meta http-equiv="Content-Type" content="text/html;charset=utf-8" />
  <meta name='ocr-system' content='tesseract 3.04.00' />
  <meta name='ocr-capabilities' content='ocr_page ocr_carea ocr_par ocr_line ocrx_word'/>
</head>
<body>
  <div class='ocr_page' id='page_1' title='image "./mtulliiciceroni06baitgoog_0206.png"; bbox 0 0 3628 5876; ppageno 0'>
   <div class='ocr_carea' id='block_1_1' title="bbox 661 434 1525 500">
    <p class='ocr_par' dir='ltr' id='par_1_1' title="bbox 661 434 1525 500">
     <span class='ocr_line' id='line_1_1' title="bbox 661 434 1525 500; baseline 0 -3"><span class='ocrx_word' id='word_1_1' title='bbox 661 435 736 498; x_wconf 82' lang='lat' dir='ltr'><strong>Llli.</strong></span> <span class='ocrx_word' id='word_1_2' title='bbox 757 435 838 500; x_wconf 85' lang='lat' dir='ltr'><strong>Vlll.</strong></span> <span class='ocrx_word' id='word_1_3' title='bbox 880 435 940 499; x_wconf 90' lang='grc' dir='ltr'><strong>ΕΡ.</strong></span> <span class='ocrx_word' id='word_1_4' title='bbox 964 435 1012 498; x_wconf 84' lang='grc'><strong>15.</strong></span> <span class='ocrx_word' id='word_1_5' title='bbox 1037 435 1086 497; x_wconf 91' lang='grc'><strong>16.</strong></span> <span class='ocrx_word' id='word_1_6' title='bbox 1467 434 1525 497; x_wconf 83' lang='lat' dir='ltr'><strong>itt</strong></span> 
     </span>
    </p>
   </div>
   <div class='ocr_carea' id='block_1_2' title="bbox 198 589 1528 961">
    <p class='ocr_par' dir='ltr' id='par_1_2' title="bbox 198 589 1528 961">
     <span class='ocr_line' id='line_1_2' title="bbox 198 589 1528 678; baseline -0.003 -18"><span class='ocrx_word' id='word_1_7' title='bbox 198 595 317 660; x_wconf 90' lang='lat' dir='ltr'><strong>thicum</strong></span> <span class='ocrx_word' id='word_1_8' title='bbox 339 592 457 658; x_wconf 86' lang='lat' dir='ltr'><strong>bellurn</strong></span> <span class='ocrx_word' id='word_1_9' title='bbox 480 612 544 658; x_wconf 92' lang='lat' dir='ltr'><strong>non</strong></span> <span class='ocrx_word' id='word_1_10' title='bbox 565 599 637 664; x_wconf 92' lang='lat' dir='ltr'><strong>eat,</strong></span> <span class='ocrx_word' id='word_1_11' title='bbox 669 591 764 658; x_wconf 83' lang='lat' dir='ltr'><strong>video</strong></span> <span class='ocrx_word' id='word_1_12' title='bbox 784 612 912 677; x_wconf 84' lang='lat' dir='ltr'><strong>magnas</strong></span> <span class='ocrx_word' id='word_1_13' title='bbox 933 591 1116 678; x_wconf 88' lang='lat' dir='ltr'><strong>impendere</strong></span> <span class='ocrx_word' id='word_1_14' title='bbox 1147 589 1335 666; x_wconf 76' lang='lat' dir='ltr'><strong>discordias,</strong></span> <span class='ocrx_word' id='word_1_15' title='bbox 1358 611 1434 677; x_wconf 93' lang='lat' dir='ltr'><strong>quas</strong></span> <span class='ocrx_word' id='word_1_16' title='bbox 1464 590 1528 657; x_wconf 86' lang='lat' dir='ltr'><strong>ler-</strong></span> 
     </span>
     <span class='ocr_line' id='line_1_3' title="bbox 198 684 1526 772; baseline -0.002 -18"><span class='ocrx_word' id='word_1_17' title='bbox 198 711 271 754; x_wconf 92' lang='lat' dir='ltr'><strong>rum</strong></span> <span class='ocrx_word' id='word_1_18' title='bbox 297 699 329 753; x_wconf 89' lang='lat' dir='ltr'><strong>et</strong></span> <span class='ocrx_word' id='word_1_19' title='bbox 358 689 406 754; x_wconf 80' lang='lat' dir='ltr'><strong>ris</strong></span> <span class='ocrx_word' id='word_1_20' title='bbox 433 685 594 752; x_wconf 76' lang='lat' dir='ltr'><strong>iudicabit.</strong></span> <span class='ocrx_word' id='word_1_21' title='bbox 637 690 773 772; x_wconf 76' lang='lat' dir='ltr'>Uterque</span> <span class='ocrx_word' id='word_1_22' title='bbox 796 693 827 749; x_wconf 88' lang='lat' dir='ltr'><strong>et</strong></span> <span class='ocrx_word' id='word_1_23' title='bbox 856 684 961 750; x_wconf 90' lang='lat' dir='ltr'><strong>animo</strong></span> <span class='ocrx_word' id='word_1_24' title='bbox 987 695 1019 749; x_wconf 90' lang='lat' dir='ltr'><strong>et</strong></span> <span class='ocrx_word' id='word_1_25' title='bbox 1036 685 1135 771; x_wconf 91' lang='lat' dir='ltr'><strong>copiis</strong></span> <span class='ocrx_word' id='word_1_26' title='bbox 1153 693 1200 748; x_wconf 90' lang='lat' dir='ltr'><strong>est</strong></span> <span class='ocrx_word' id='word_1_27' title='bbox 1219 693 1358 771; x_wconf 85' lang='lat' dir='ltr'><strong>paratus.</strong></span> <span class='ocrx_word' id='word_1_28' title='bbox 1402 686 1434 750; x_wconf 91' lang='lat' dir='ltr'><strong>Si</strong></span> <span class='ocrx_word' id='word_1_29' title='bbox 1458 686 1526 751; x_wconf 91' lang='lat' dir='ltr'><strong>sine</strong></span> 
     </span>
     <span class='ocr_line' id='line_1_4' title="bbox 198 778 1526 868; baseline 0 -20"><span class='ocrx_word' id='word_1_30' title='bbox 198 793 254 848; x_wconf 87' lang='lat' dir='ltr'><strong>tuo</strong></span> <span class='ocrx_word' id='word_1_31' title='bbox 276 782 418 868; x_wconf 91' lang='lat' dir='ltr'><strong>periculo</strong></span> <span class='ocrx_word' id='word_1_32' title='bbox 441 781 510 846; x_wconf 89' lang='lat' dir='ltr'><strong>lieri</strong></span> <span class='ocrx_word' id='word_1_33' title='bbox 530 790 651 868; x_wconf 89' lang='lat' dir='ltr'><strong>posset,</strong></span> <span class='ocrx_word' id='word_1_34' title='bbox 673 800 820 866; x_wconf 88' lang='lat' dir='ltr'><strong>magnum</strong></span> <span class='ocrx_word' id='word_1_35' title='bbox 840 787 873 844; x_wconf 87' lang='lat' dir='ltr'><strong>et</strong></span> <span class='ocrx_word' id='word_1_36' title='bbox 892 778 1063 846; x_wconf 89' lang='lat' dir='ltr'><strong>iucundum</strong></span> <span class='ocrx_word' id='word_1_37' title='bbox 1084 778 1142 844; x_wconf 92' lang='lat' dir='ltr'><strong>tihi</strong></span> <span class='ocrx_word' id='word_1_38' title='bbox 1161 783 1299 845; x_wconf 80' lang='lat' dir='ltr'><strong>Fortuna</strong></span> <span class='ocrx_word' id='word_1_39' title='bbox 1313 781 1526 866; x_wconf 78' lang='lat' dir='ltr'><strong>spectaculum</strong></span> 
     </span>
     <span class='ocr_line' id='line_1_5' title="bbox 199 877 341 961; baseline 0.007 -21"><span class='ocrx_word' id='word_1_40' title='bbox 199 877 341 961; x_wconf 79' lang='lat' dir='ltr'><strong>parabat.</strong></span> 
     </span>
    </p>
   </div>
   <div class='ocr_carea' id='block_1_3' title="bbox 654 1013 1551 1224">
    <p class='ocr_par' dir='ltr' id='par_1_3' title="bbox 654 1013 1551 1224">
     <span class='ocr_line' id='line_1_6' title="bbox 676 1013 1551 1102; baseline -0.001 -22"><span class='ocrx_word' id='word_1_41' title='bbox 676 1013 1041 1102; x_wconf 66' lang='lat' dir='ltr'><strong>iuuenum</strong></span> <span class='ocrx_word' id='word_1_42' title='bbox 1535 1047 1551 1088; x_wconf 78' lang='grc'><strong>.</strong></span> 
     </span>
     <span class='ocr_line' id='line_1_7' title="bbox 654 1157 1075 1224; baseline -0.007 0"><span class='ocrx_word' id='word_1_43' title='bbox 654 1159 815 1224; x_wconf 73' lang='lat' dir='ltr'><strong>nannius</strong></span> <span class='ocrx_word' id='word_1_44' title='bbox 838 1157 1022 1222; x_wconf 82' lang='lat' dir='ltr'><strong>crennonr</strong></span> <span class='ocrx_word' id='word_1_45' title='bbox 1044 1159 1075 1221; x_wconf 95' lang='lat' dir='ltr'><strong>s.</strong></span> 
     </span>
    </p>
   </div>
   <div class='ocr_carea' id='block_1_4' title="bbox 197 1286 1563 1659">
    <p class='ocr_par' dir='ltr' id='par_1_4' title="bbox 197 1286 1563 1659">
     <span class='ocr_line' id='line_1_8' title="bbox 285 1286 1526 1377; baseline 0.002 -23"><span class='ocrx_word' id='word_1_46' title='bbox 285 1293 312 1354; x_wconf 90' lang='lat'><strong>1.</strong></span> <span class='ocrx_word' id='word_1_47' title='bbox 334 1287 504 1376; x_wconf 84' lang='lat' dir='ltr'><strong>Ecquando</strong></span> <span class='ocrx_word' id='word_1_48' title='bbox 529 1299 565 1354; x_wconf 92' lang='lat' dir='ltr'><strong>tu</strong></span> <span class='ocrx_word' id='word_1_49' title='bbox 592 1288 753 1354; x_wconf 90' lang='lat' dir='ltr'><strong>bominem</strong></span> <span class='ocrx_word' id='word_1_50' title='bbox 786 1286 974 1372; x_wconf 80' lang='lat' dir='ltr'><strong>ineptiorem</strong></span> <span class='ocrx_word' id='word_1_51' title='bbox 1007 1308 1100 1374; x_wconf 59' lang='lat' dir='ltr'><strong>mam</strong></span> <span class='ocrx_word' id='word_1_52' title='bbox 1135 1296 1223 1353; x_wconf 88' lang='lat' dir='ltr'><strong>tuum</strong></span> <span class='ocrx_word' id='word_1_53' title='bbox 1255 1294 1308 1355; x_wconf 92' lang='lat' dir='ltr'><strong>Cn.</strong></span> <span class='ocrx_word' id='word_1_54' title='bbox 1342 1291 1526 1377; x_wconf 89' lang='lat' dir='ltr'><strong>Pompeium</strong></span> 
     </span>
     <span class='ocr_line' id='line_1_9' title="bbox 197 1381 1525 1471; baseline 0.001 -23"><span class='ocrx_word' id='word_1_55' title='bbox 197 1383 320 1457; x_wconf 84' lang='lat' dir='ltr'><strong>vidisti,</strong></span> <span class='ocrx_word' id='word_1_56' title='bbox 355 1384 410 1470; x_wconf 92' lang='lat' dir='ltr'><strong>qui</strong></span> <span class='ocrx_word' id='word_1_57' title='bbox 442 1392 541 1448; x_wconf 88' lang='lat' dir='ltr'><strong>tantas</strong></span> <span class='ocrx_word' id='word_1_58' title='bbox 577 1383 700 1456; x_wconf 82' lang='lat' dir='ltr'><strong>turbas,</strong></span> <span class='ocrx_word' id='word_1_59' title='bbox 733 1381 787 1468; x_wconf 91' lang='lat' dir='ltr'><strong>qui</strong></span> <span class='ocrx_word' id='word_1_60' title='bbox 816 1389 879 1444; x_wconf 88' lang='lat' dir='ltr'><strong>tam</strong></span> <span class='ocrx_word' id='word_1_61' title='bbox 901 1401 1004 1466; x_wconf 80' lang='lat' dir='ltr'><strong>nugax</strong></span> <span class='ocrx_word' id='word_1_62' title='bbox 1040 1391 1136 1454; x_wconf 84' lang='lat' dir='ltr'><strong>esset,</strong></span> <span class='ocrx_word' id='word_1_63' title='bbox 1164 1383 1350 1448; x_wconf 74' lang='lat' dir='ltr'><strong>commorit?</strong></span> <span class='ocrx_word' id='word_1_64' title='bbox 1387 1387 1525 1471; x_wconf 87' lang='lat' dir='ltr'><strong>Ecquem</strong></span> 
     </span>
     <span class='ocr_line' id='line_1_10' title="bbox 198 1474 1523 1560; baseline 0.001 -18"><span class='ocrx_word' id='word_1_65' title='bbox 198 1487 303 1544; x_wconf 87' lang='lat' dir='ltr'><strong>autem</strong></span> <span class='ocrx_word' id='word_1_66' title='bbox 336 1482 468 1544; x_wconf 82' lang='lat' dir='ltr'><strong>Caesare</strong></span> <span class='ocrx_word' id='word_1_67' title='bbox 494 1488 604 1544; x_wconf 85' lang='lat' dir='ltr'><strong>nostro</strong></span> <span class='ocrx_word' id='word_1_68' title='bbox 632 1477 787 1542; x_wconf 91' lang='lat' dir='ltr'><strong>acriorem</strong></span> <span class='ocrx_word' id='word_1_69' title='bbox 819 1475 852 1539; x_wconf 93' lang='lat' dir='ltr'><strong>in</strong></span> <span class='ocrx_word' id='word_1_70' title='bbox 885 1474 980 1539; x_wconf 89' lang='lat' dir='ltr'><strong>rebus</strong></span> <span class='ocrx_word' id='word_1_71' title='bbox 1007 1475 1173 1560; x_wconf 84' lang='lat' dir='ltr'><strong>gerendis,</strong></span> <span class='ocrx_word' id='word_1_72' title='bbox 1205 1475 1316 1540; x_wconf 89' lang='lat' dir='ltr'><strong>eodem</strong></span> <span class='ocrx_word' id='word_1_73' title='bbox 1338 1477 1369 1542; x_wconf 93' lang='lat' dir='ltr'><strong>in</strong></span> <span class='ocrx_word' id='word_1_74' title='bbox 1391 1478 1523 1544; x_wconf 86' lang='lat' dir='ltr'><strong>victoria</strong></span> 
     </span>
     <span class='ocr_line' id='line_1_11' title="bbox 198 1568 1563 1659; baseline -0.005 -23"><span class='ocrx_word' id='word_1_75' title='bbox 198 1572 454 1659; x_wconf 87' lang='lat' dir='ltr'><strong>temperatiorem</strong></span> <span class='ocrx_word' id='word_1_76' title='bbox 477 1581 530 1636; x_wconf 94' lang='lat' dir='ltr'><strong>aut</strong></span> <span class='ocrx_word' id='word_1_77' title='bbox 554 1571 655 1657; x_wconf 84' lang='lat' dir='ltr'><strong>legisti</strong></span> <span class='ocrx_word' id='word_1_78' title='bbox 677 1579 730 1635; x_wconf 88' lang='lat' dir='ltr'><strong>aut</strong></span> <span class='ocrx_word' id='word_1_79' title='bbox 751 1568 886 1634; x_wconf 76' lang='lat' dir='ltr'><strong>audisti?</strong></span> <span class='ocrx_word' id='word_1_80' title='bbox 921 1568 1004 1645; x_wconf 88' lang='lat' dir='ltr'><strong>Quid</strong></span> <span class='ocrx_word' id='word_1_81' title='bbox 1027 1575 1095 1634; x_wconf 81' lang='lat' dir='ltr'><strong>esti</strong></span> <span class='ocrx_word' id='word_1_82' title='bbox 1118 1592 1181 1635; x_wconf 92' lang='lat' dir='ltr'><strong>non</strong></span> <span class='ocrx_word' id='word_1_83' title='bbox 1200 1569 1258 1635; x_wconf 91' lang='lat' dir='ltr'><strong>tibi</strong></span> <span class='ocrx_word' id='word_1_84' title='bbox 1280 1571 1379 1637; x_wconf 91' lang='lat' dir='ltr'><strong>nostri</strong></span> <span class='ocrx_word' id='word_1_85' title='bbox 1400 1571 1563 1646; x_wconf 71' lang='lat' dir='ltr'><strong>militasse</strong></span> 
     </span>
    </p>
   </div>
   <div class='ocr_carea' id='block_1_5' title="bbox 198 1661 1528 2032">
    <p class='ocr_par' dir='ltr' id='par_1_5' title="bbox 198 1661 1528 2032">
     <span class='ocr_line' id='line_1_12' title="bbox 198 1661 1525 1753; baseline 0.001 -22"><span class='ocrx_word' id='word_1_86' title='bbox 198 1667 253 1753; x_wconf 89' lang='lat' dir='ltr'><strong>qui</strong></span> <span class='ocrx_word' id='word_1_87' title='bbox 278 1665 454 1731; x_wconf 89' lang='lat' dir='ltr'><strong>durissimis</strong></span> <span class='ocrx_word' id='word_1_88' title='bbox 477 1673 507 1730; x_wconf 88' lang='lat' dir='ltr'><strong>et</strong></span> <span class='ocrx_word' id='word_1_89' title='bbox 529 1664 739 1751; x_wconf 79' lang='lat' dir='ltr'><strong>[rigidissimis</strong></span> <span class='ocrx_word' id='word_1_90' title='bbox 762 1663 855 1736; x_wconf 92' lang='lat' dir='ltr'><strong>locis,</strong></span> <span class='ocrx_word' id='word_1_91' title='bbox 878 1661 1039 1728; x_wconf 89' lang='lat' dir='ltr'><strong>teterrima</strong></span> <span class='ocrx_word' id='word_1_92' title='bbox 1060 1663 1180 1738; x_wconf 88' lang='lat' dir='ltr'><strong>hieme,</strong></span> <span class='ocrx_word' id='word_1_93' title='bbox 1203 1662 1321 1730; x_wconf 91' lang='lat' dir='ltr'><strong>bellum</strong></span> <span class='ocrx_word' id='word_1_94' title='bbox 1336 1664 1525 1733; x_wconf 90' lang='lat' dir='ltr'><strong>ambulando</strong></span> 
     </span>
     <span class='ocr_line' id='line_1_13' title="bbox 198 1756 1523 1846; baseline 0.002 -22"><span class='ocrx_word' id='word_1_95' title='bbox 198 1759 420 1834; x_wconf 82' lang='lat' dir='ltr'><strong>coniecerunt,</strong></span> <span class='ocrx_word' id='word_1_96' title='bbox 453 1759 542 1824; x_wconf 90' lang='lat' dir='ltr'><strong>malis</strong></span> <span class='ocrx_word' id='word_1_97' title='bbox 564 1758 747 1824; x_wconf 90' lang='lat' dir='ltr'><strong>orbiculatis</strong></span> <span class='ocrx_word' id='word_1_98' title='bbox 769 1779 838 1822; x_wconf 91' lang='lat' dir='ltr'><strong>esse</strong></span> <span class='ocrx_word' id='word_1_99' title='bbox 859 1756 938 1843; x_wconf 90' lang='lat' dir='ltr'><strong>pasti</strong></span> <span class='ocrx_word' id='word_1_100' title='bbox 969 1756 1142 1822; x_wconf 76' lang='lat' dir='ltr'><strong>ridentur?</strong></span> <span class='ocrx_word' id='word_1_101' title='bbox 1185 1759 1269 1835; x_wconf 85' lang='lat' dir='ltr'><strong>Quid</strong></span> <span class='ocrx_word' id='word_1_102' title='bbox 1291 1758 1374 1823; x_wconf 84' lang='lat' dir='ltr'><strong>ianr‘i</strong></span> <span class='ocrx_word' id='word_1_103' title='bbox 1409 1760 1523 1846; x_wconf 75' lang='lat' dir='ltr'><strong>inquis·</strong></span> 
     </span>
     <span class='ocr_line' id='line_1_14' title="bbox 200 1851 1528 1939; baseline -0.001 -21"><span class='ocrx_word' id='word_1_104' title='bbox 200 1854 346 1919; x_wconf 84' lang='lat' dir='ltr'><strong>Gloriosa</strong></span> <span class='ocrx_word' id='word_1_105' title='bbox 377 1852 491 1918; x_wconf 90' lang='lat' dir='ltr'><strong>omnia.</strong></span> <span class='ocrx_word' id='word_1_106' title='bbox 549 1853 583 1918; x_wconf 91' lang='lat' dir='ltr'><strong>Si</strong></span> <span class='ocrx_word' id='word_1_107' title='bbox 604 1853 699 1928; x_wconf 85' lang='lat' dir='ltr'><strong>scias,</strong></span> <span class='ocrx_word' id='word_1_108' title='bbox 731 1873 824 1939; x_wconf 88' lang='lat' dir='ltr'><strong>quarn</strong></span> <span class='ocrx_word' id='word_1_109' title='bbox 846 1851 995 1916; x_wconf 89' lang='lat' dir='ltr'><strong>sollicitus</strong></span> <span class='ocrx_word' id='word_1_110' title='bbox 1018 1873 1104 1926; x_wconf 91' lang='lat' dir='ltr'><strong>sum,</strong></span> <span class='ocrx_word' id='word_1_111' title='bbox 1138 1859 1203 1916; x_wconf 91' lang='lat' dir='ltr'><strong>tum</strong></span> <span class='ocrx_word' id='word_1_112' title='bbox 1225 1851 1304 1917; x_wconf 89' lang='lat' dir='ltr'><strong>hanc</strong></span> <span class='ocrx_word' id='word_1_113' title='bbox 1337 1874 1438 1918; x_wconf 88' lang='lat' dir='ltr'><strong>meam</strong></span> <span class='ocrx_word' id='word_1_114' title='bbox 1461 1854 1528 1938; x_wconf 91' lang='lat' dir='ltr'><strong>glo-</strong></span> 
     </span>
     <span class='ocr_line' id='line_1_15' title="bbox 198 1943 1524 2032; baseline -0.001 -20"><span class='ocrx_word' id='word_1_115' title='bbox 198 1946 297 2022; x_wconf 89' lang='lat' dir='ltr'><strong>riam,</strong></span> <span class='ocrx_word' id='word_1_116' title='bbox 333 1967 413 2032; x_wconf 90' lang='lat' dir='ltr'><strong>quae</strong></span> <span class='ocrx_word' id='word_1_117' title='bbox 440 1945 479 2010; x_wconf 87' lang='lat' dir='ltr'><strong>ad</strong></span> <span class='ocrx_word' id='word_1_118' title='bbox 510 1967 560 2010; x_wconf 92' lang='lat' dir='ltr'><strong>me</strong></span> <span class='ocrx_word' id='word_1_119' title='bbox 594 1946 670 2011; x_wconf 89' lang='lat' dir='ltr'><strong>nihil</strong></span> <span class='ocrx_word' id='word_1_120' title='bbox 703 1946 856 2032; x_wconf 90' lang='lat' dir='ltr'><strong>pertinet,</strong></span> <span class='ocrx_word' id='word_1_121' title='bbox 886 1943 1040 2009; x_wconf 88' lang='lat' dir='ltr'><strong>derideas.</strong></span> <span class='ocrx_word' id='word_1_122' title='bbox 1091 1947 1179 2022; x_wconf 87' lang='lat' dir='ltr'><strong>Quae</strong></span> <span class='ocrx_word' id='word_1_123' title='bbox 1202 1944 1259 2008; x_wconf 92' lang='lat' dir='ltr'><strong>tibi</strong></span> <span class='ocrx_word' id='word_1_124' title='bbox 1281 1967 1440 2032; x_wconf 83' lang='lat' dir='ltr'><strong>exponere</strong></span> <span class='ocrx_word' id='word_1_125' title='bbox 1462 1945 1524 2011; x_wconf 92' lang='lat' dir='ltr'><strong>nisi</strong></span> 
     </span>
    </p>
   </div>
   <div class='ocr_carea' id='block_1_6' title="bbox 198 2039 1676 2126">
    <p class='ocr_par' dir='ltr' id='par_1_6' title="bbox 198 2039 1676 2126">
     <span class='ocr_line' id='line_1_16' title="bbox 198 2039 1676 2126; baseline -0.006 -20"><span class='ocrx_word' id='word_1_126' title='bbox 198 2063 306 2106; x_wconf 92' lang='lat' dir='ltr'><strong>coram</strong></span> <span class='ocrx_word' id='word_1_127' title='bbox 327 2062 392 2105; x_wconf 93' lang='lat' dir='ltr'><strong>non</strong></span> <span class='ocrx_word' id='word_1_128' title='bbox 416 2061 561 2126; x_wconf 82' lang='lat' dir='ltr'><strong>possum3</strong></span> <span class='ocrx_word' id='word_1_129' title='bbox 598 2039 694 2126; x_wconf 88' lang='lat' dir='ltr'><strong>idque</strong></span> <span class='ocrx_word' id='word_1_130' title='bbox 717 2039 864 2104; x_wconf 87' lang='lat' dir='ltr'><strong>celeriter</strong></span> <span class='ocrx_word' id='word_1_131' title='bbox 885 2039 955 2103; x_wconf 89' lang='lat' dir='ltr'><strong>lore</strong></span> <span class='ocrx_word' id='word_1_132' title='bbox 978 2059 1083 2124; x_wconf 89' lang='lat' dir='ltr'><strong>spero.</strong></span> <span class='ocrx_word' id='word_1_133' title='bbox 1125 2043 1202 2102; x_wconf 85' lang='lat' dir='ltr'><strong>Nam</strong></span> <span class='ocrx_word' id='word_1_134' title='bbox 1223 2059 1289 2114; x_wconf 90' lang='lat' dir='ltr'><strong>me,</strong></span> <span class='ocrx_word' id='word_1_135' title='bbox 1312 2060 1399 2124; x_wconf 32' lang='lat' dir='ltr'><strong>&#39;cum</strong></span> <span class='ocrx_word' id='word_1_136' title='bbox 1426 2059 1563 2124; x_wconf 82' lang='lat' dir='ltr'><strong>expo-n</strong></span> <span class='ocrx_word' id='word_1_137' title='bbox 1671 2093 1676 2108; x_wconf 84' lang='grc'><em>,</em></span> 
     </span>
    </p>
   </div>
   <div class='ocr_carea' id='block_1_7' title="bbox 198 2131 1563 3349">
    <p class='ocr_par' dir='ltr' id='par_1_7' title="bbox 198 2131 1563 3349">
     <span class='ocr_line' id='line_1_17' title="bbox 199 2131 1523 2220; baseline -0.001 -22"><span class='ocrx_word' id='word_1_138' title='bbox 199 2134 285 2199; x_wconf 88' lang='lat' dir='ltr'><strong>lisset</strong></span> <span class='ocrx_word' id='word_1_139' title='bbox 313 2155 354 2199; x_wconf 82' lang='lat' dir='ltr'><strong>ex</strong></span> <span class='ocrx_word' id='word_1_140' title='bbox 384 2134 473 2198; x_wconf 91' lang='lat' dir='ltr'><strong>ltalia</strong></span> <span class='ocrx_word' id='word_1_141' title='bbox 506 2135 707 2220; x_wconf 89' lang='lat' dir='ltr'><strong>Pompeium,</strong></span> <span class='ocrx_word' id='word_1_142' title='bbox 737 2132 897 2199; x_wconf 87' lang='lat' dir='ltr'><strong>constituit</strong></span> <span class='ocrx_word' id='word_1_143' title='bbox 924 2133 963 2197; x_wconf 91' lang='lat' dir='ltr'><strong>ad</strong></span> <span class='ocrx_word' id='word_1_144' title='bbox 993 2131 1105 2197; x_wconf 89' lang='lat' dir='ltr'><strong>urbem</strong></span> <span class='ocrx_word' id='word_1_145' title='bbox 1128 2154 1263 2198; x_wconf 90' lang='lat' dir='ltr'><strong>vocare:</strong></span> <span class='ocrx_word' id='word_1_146' title='bbox 1299 2132 1332 2197; x_wconf 92' lang='lat' dir='ltr'><strong>id</strong></span> <span class='ocrx_word' id='word_1_147' title='bbox 1353 2132 1439 2219; x_wconf 91' lang='lat' dir='ltr'><strong>quod</strong></span> <span class='ocrx_word' id='word_1_148' title='bbox 1460 2133 1523 2197; x_wconf 90' lang='lat' dir='ltr'><strong>iam</strong></span> 
     </span>
     <span class='ocr_line' id='line_1_18' title="bbox 199 2225 1525 2311; baseline -0.002 -17"><span class='ocrx_word' id='word_1_149' title='bbox 199 2229 346 2294; x_wconf 81' lang='lat' dir='ltr'><strong>existimo</strong></span> <span class='ocrx_word' id='word_1_150' title='bbox 369 2228 565 2301; x_wconf 85' lang='lat' dir='ltr'><strong>conlectum,</strong></span> <span class='ocrx_word' id='word_1_151' title='bbox 606 2227 667 2292; x_wconf 90' lang='lat' dir='ltr'><strong>nisi</strong></span> <span class='ocrx_word' id='word_1_152' title='bbox 703 2227 730 2292; x_wconf 93' lang='lat' dir='ltr'><strong>si</strong></span> <span class='ocrx_word' id='word_1_153' title='bbox 762 2227 871 2292; x_wconf 86' lang='lat' dir='ltr'><strong>maluit</strong></span> <span class='ocrx_word' id='word_1_154' title='bbox 899 2226 1067 2311; x_wconf 88' lang='lat' dir='ltr'><strong>Pompeius</strong></span> <span class='ocrx_word' id='word_1_155' title='bbox 1096 2225 1257 2291; x_wconf 88' lang='lat' dir='ltr'><strong>Brundisii</strong></span> <span class='ocrx_word' id='word_1_156' title='bbox 1292 2225 1525 2292; x_wconf 87' lang='lat' dir='ltr'><strong>circumsederi.</strong></span> 
     </span>
     <span class='ocr_line' id='line_1_19' title="bbox 199 2319 1524 2406; baseline -0.002 -20"><span class='ocrx_word' id='word_1_157' title='bbox 199 2327 229 2388; x_wconf 89' lang='grc'><strong>2.</strong></span> <span class='ocrx_word' id='word_1_158' title='bbox 251 2328 396 2396; x_wconf 89' lang='lat' dir='ltr'><strong>Peream,</strong></span> <span class='ocrx_word' id='word_1_159' title='bbox 432 2322 458 2386; x_wconf 87' lang='lat' dir='ltr'><strong>si</strong></span> <span class='ocrx_word' id='word_1_160' title='bbox 487 2321 616 2386; x_wconf 89' lang='lat' dir='ltr'><strong>minima</strong></span> <span class='ocrx_word' id='word_1_161' title='bbox 640 2343 733 2386; x_wconf 86' lang='lat' dir='ltr'><strong>causa</strong></span> <span class='ocrx_word' id='word_1_162' title='bbox 766 2330 813 2386; x_wconf 89' lang='lat' dir='ltr'><strong>est</strong></span> <span class='ocrx_word' id='word_1_163' title='bbox 835 2319 1025 2406; x_wconf 90' lang='lat' dir='ltr'><strong>properandi</strong></span> <span class='ocrx_word' id='word_1_164' title='bbox 1047 2319 1108 2385; x_wconf 92' lang='lat' dir='ltr'><strong>isto</strong></span> <span class='ocrx_word' id='word_1_165' title='bbox 1131 2319 1225 2395; x_wconf 88' lang='lat' dir='ltr'><strong>mibi,</strong></span> <span class='ocrx_word' id='word_1_166' title='bbox 1256 2321 1342 2406; x_wconf 90' lang='lat' dir='ltr'><strong>quod</strong></span> <span class='ocrx_word' id='word_1_167' title='bbox 1365 2331 1394 2386; x_wconf 90' lang='lat' dir='ltr'><strong>te</strong></span> <span class='ocrx_word' id='word_1_168' title='bbox 1417 2319 1524 2384; x_wconf 87' lang='lat' dir='ltr'><strong>videre</strong></span> 
     </span>
     <span class='ocr_line' id='line_1_20' title="bbox 199 2412 1526 2501; baseline 0 -21"><span class='ocrx_word' id='word_1_169' title='bbox 199 2427 231 2481; x_wconf 91' lang='lat' dir='ltr'><strong>et</strong></span> <span class='ocrx_word' id='word_1_170' title='bbox 262 2414 367 2480; x_wconf 89' lang='lat' dir='ltr'><strong>omnia</strong></span> <span class='ocrx_word' id='word_1_171' title='bbox 393 2416 501 2479; x_wconf 92' lang='lat' dir='ltr'><strong>intima</strong></span> <span class='ocrx_word' id='word_1_172' title='bbox 532 2415 677 2480; x_wconf 83' lang='lat' dir='ltr'><strong>conferre</strong></span> <span class='ocrx_word' id='word_1_173' title='bbox 710 2414 863 2501; x_wconf 88' lang='lat' dir='ltr'><strong>discupio.</strong></span> <span class='ocrx_word' id='word_1_174' title='bbox 920 2412 1031 2480; x_wconf 86' lang='lat' dir='ltr'><strong>liabeo</strong></span> <span class='ocrx_word' id='word_1_175' title='bbox 1059 2421 1164 2478; x_wconf 89' lang='lat' dir='ltr'><strong>autem</strong></span> <span class='ocrx_word' id='word_1_176' title='bbox 1194 2435 1287 2500; x_wconf 88' lang='lat' dir='ltr'><strong>quam</strong></span> <span class='ocrx_word' id='word_1_177' title='bbox 1314 2415 1420 2480; x_wconf 84' lang='lat' dir='ltr'><strong>nrulta.</strong></span> <span class='ocrx_word' id='word_1_178' title='bbox 1463 2414 1526 2480; x_wconf 88' lang='lat' dir='ltr'><strong>Hui</strong></span> 
     </span>
     <span class='ocr_line' id='line_1_21' title="bbox 199 2507 1562 2595; baseline -0.004 -20"><span class='ocrx_word' id='word_1_179' title='bbox 199 2531 334 2586; x_wconf 89' lang='lat' dir='ltr'><strong>vereor,</strong></span> <span class='ocrx_word' id='word_1_180' title='bbox 368 2509 454 2595; x_wconf 86' lang='lat' dir='ltr'><strong>quod</strong></span> <span class='ocrx_word' id='word_1_181' title='bbox 476 2510 557 2575; x_wconf 91' lang='lat' dir='ltr'><strong>solet</strong></span> <span class='ocrx_word' id='word_1_182' title='bbox 578 2509 663 2584; x_wconf 86' lang='lat' dir='ltr'><strong>lieri,</strong></span> <span class='ocrx_word' id='word_1_183' title='bbox 697 2529 756 2584; x_wconf 92' lang='lat' dir='ltr'><strong>ne,</strong></span> <span class='ocrx_word' id='word_1_184' title='bbox 788 2529 859 2572; x_wconf 92' lang='lat' dir='ltr'><strong>cum</strong></span> <span class='ocrx_word' id='word_1_185' title='bbox 885 2516 916 2572; x_wconf 87' lang='lat' dir='ltr'><strong>te</strong></span> <span class='ocrx_word' id='word_1_186' title='bbox 938 2507 1068 2582; x_wconf 83' lang='lat' dir='ltr'><strong>videro,</strong></span> <span class='ocrx_word' id='word_1_187' title='bbox 1099 2507 1204 2572; x_wconf 91' lang='lat' dir='ltr'><strong>omnia</strong></span> <span class='ocrx_word' id='word_1_188' title='bbox 1234 2507 1411 2575; x_wconf 83' lang='lat' dir='ltr'><strong>obliviscar.</strong></span> <span class='ocrx_word' id='word_1_189' title='bbox 1464 2507 1562 2573; x_wconf 82' lang='lat' dir='ltr'><strong>Seden</strong></span> 
     </span>
     <span class='ocr_line' id='line_1_22' title="bbox 198 2601 1524 2691; baseline -0.001 -22"><span class='ocrx_word' id='word_1_190' title='bbox 198 2613 303 2669; x_wconf 88' lang='lat' dir='ltr'><strong>tamen</strong></span> <span class='ocrx_word' id='word_1_191' title='bbox 325 2602 484 2691; x_wconf 92' lang='lat' dir='ltr'><strong>quodnam</strong></span> <span class='ocrx_word' id='word_1_192' title='bbox 506 2601 547 2667; x_wconf 93' lang='lat' dir='ltr'><strong>ob</strong></span> <span class='ocrx_word' id='word_1_193' title='bbox 570 2604 670 2668; x_wconf 89' lang='lat' dir='ltr'><strong>scelus</strong></span> <span class='ocrx_word' id='word_1_194' title='bbox 692 2602 753 2666; x_wconf 92' lang='lat' dir='ltr'><strong>iter</strong></span> <span class='ocrx_word' id='word_1_195' title='bbox 774 2602 850 2667; x_wconf 91' lang='lat' dir='ltr'><strong>mihi</strong></span> <span class='ocrx_word' id='word_1_196' title='bbox 872 2601 1084 2666; x_wconf 90' lang='lat' dir='ltr'><strong>necessarium</strong></span> <span class='ocrx_word' id='word_1_197' title='bbox 1105 2611 1192 2665; x_wconf 91' lang='lat' dir='ltr'><strong>retro</strong></span> <span class='ocrx_word' id='word_1_198' title='bbox 1225 2601 1265 2666; x_wconf 90' lang='lat' dir='ltr'><strong>ad</strong></span> <span class='ocrx_word' id='word_1_199' title='bbox 1296 2603 1389 2689; x_wconf 81' lang='lat' dir='ltr'><strong>Alpes</strong></span> <span class='ocrx_word' id='word_1_200' title='bbox 1412 2625 1524 2669; x_wconf 89' lang='lat' dir='ltr'><strong>versus</strong></span> 
     </span>
     <span class='ocr_line' id='line_1_23' title="bbox 198 2695 1525 2783; baseline 0.001 -21"><span class='ocrx_word' id='word_1_201' title='bbox 198 2697 330 2763; x_wconf 75' lang='lat' dir='ltr'><strong>incidit?</strong></span> <span class='ocrx_word' id='word_1_202' title='bbox 365 2697 459 2771; x_wconf 91' lang='lat' dir='ltr'><strong>ldeo,</strong></span> <span class='ocrx_word' id='word_1_203' title='bbox 488 2695 573 2783; x_wconf 91' lang='lat' dir='ltr'><strong>quod</strong></span> <span class='ocrx_word' id='word_1_204' title='bbox 601 2697 747 2762; x_wconf 91' lang='lat' dir='ltr'><strong>lntimclii</strong></span> <span class='ocrx_word' id='word_1_205' title='bbox 779 2698 811 2762; x_wconf 93' lang='lat' dir='ltr'><strong>in</strong></span> <span class='ocrx_word' id='word_1_206' title='bbox 838 2699 933 2762; x_wconf 86' lang='lat' dir='ltr'><strong>armis</strong></span> <span class='ocrx_word' id='word_1_207' title='bbox 962 2705 1050 2771; x_wconf 87' lang='lat' dir='ltr'><strong>sunt,</strong></span> <span class='ocrx_word' id='word_1_208' title='bbox 1087 2716 1191 2782; x_wconf 90' lang='lat' dir='ltr'><strong>neque</strong></span> <span class='ocrx_word' id='word_1_209' title='bbox 1221 2695 1260 2760; x_wconf 91' lang='lat' dir='ltr'><strong>dc</strong></span> <span class='ocrx_word' id='word_1_210' title='bbox 1289 2718 1399 2783; x_wconf 87' lang='lat' dir='ltr'><strong>magna</strong></span> <span class='ocrx_word' id='word_1_211' title='bbox 1422 2719 1525 2763; x_wconf 90' lang='lat' dir='ltr'><strong>causa.</strong></span> 
     </span>
     <span class='ocr_line' id='line_1_24' title="bbox 199 2788 1526 2879; baseline 0.002 -24"><span class='ocrx_word' id='word_1_212' title='bbox 199 2790 372 2862; x_wconf 87' lang='lat' dir='ltr'><strong>Bellienus,</strong></span> <span class='ocrx_word' id='word_1_213' title='bbox 395 2811 493 2855; x_wconf 84' lang='lat' dir='ltr'><strong>verna</strong></span> <span class='ocrx_word' id='word_1_214' title='bbox 514 2791 681 2866; x_wconf 89' lang='lat' dir='ltr'><strong>Demetrii,</strong></span> <span class='ocrx_word' id='word_1_215' title='bbox 713 2791 768 2877; x_wconf 92' lang='lat' dir='ltr'><strong>qui</strong></span> <span class='ocrx_word' id='word_1_216' title='bbox 791 2789 835 2856; x_wconf 93' lang='lat' dir='ltr'><strong>ibi</strong></span> <span class='ocrx_word' id='word_1_217' title='bbox 856 2810 926 2855; x_wconf 91' lang='lat' dir='ltr'><strong>cum</strong></span> <span class='ocrx_word' id='word_1_218' title='bbox 947 2788 1107 2875; x_wconf 90' lang='lat' dir='ltr'><strong>pracsidio</strong></span> <span class='ocrx_word' id='word_1_219' title='bbox 1130 2796 1210 2866; x_wconf 90' lang='lat' dir='ltr'><strong>erat,</strong></span> <span class='ocrx_word' id='word_1_220' title='bbox 1233 2791 1406 2856; x_wconf 87' lang='lat' dir='ltr'><strong>Domitium</strong></span> <span class='ocrx_word' id='word_1_221' title='bbox 1428 2813 1526 2879; x_wconf 92' lang='lat' dir='ltr'><strong>quen·</strong></span> 
     </span>
     <span class='ocr_line' id='line_1_25' title="bbox 200 2883 1525 2969; baseline 0.002 -21"><span class='ocrx_word' id='word_1_222' title='bbox 200 2883 287 2958; x_wconf 87' lang='lat' dir='ltr'><strong>dam,</strong></span> <span class='ocrx_word' id='word_1_223' title='bbox 316 2883 453 2949; x_wconf 88' lang='lat' dir='ltr'><strong>nobilem</strong></span> <span class='ocrx_word' id='word_1_224' title='bbox 475 2884 554 2959; x_wconf 89' lang='lat' dir='ltr'><strong>illic,</strong></span> <span class='ocrx_word' id='word_1_225' title='bbox 587 2884 727 2949; x_wconf 85' lang='lat' dir='ltr'><strong>Caesaris</strong></span> <span class='ocrx_word' id='word_1_226' title='bbox 749 2883 918 2969; x_wconf 90' lang='lat' dir='ltr'><strong>hospitem,</strong></span> <span class='ocrx_word' id='word_1_227' title='bbox 943 2905 961 2947; x_wconf 91' lang='lat' dir='ltr'><strong>a</strong></span> <span class='ocrx_word' id='word_1_228' title='bbox 983 2883 1138 2947; x_wconf 90' lang='lat' dir='ltr'><strong>contraria</strong></span> <span class='ocrx_word' id='word_1_229' title='bbox 1161 2884 1296 2949; x_wconf 84' lang='lat' dir='ltr'><strong>factione</strong></span> <span class='ocrx_word' id='word_1_230' title='bbox 1318 2885 1453 2950; x_wconf 91' lang='lat' dir='ltr'><strong>nummis</strong></span> <span class='ocrx_word' id='word_1_231' title='bbox 1475 2907 1525 2950; x_wconf 90' lang='lat' dir='ltr'><strong>ac·</strong></span> 
     </span>
     <span class='ocr_line' id='line_1_26' title="bbox 200 2976 1563 3065; baseline -0.002 -22"><span class='ocrx_word' id='word_1_232' title='bbox 200 2978 310 3064; x_wconf 87' lang='lat' dir='ltr'><strong>ceptis,</strong></span> <span class='ocrx_word' id='word_1_233' title='bbox 333 2978 570 3065; x_wconf 86' lang='lat' dir='ltr'><strong>comprehendit</strong></span> <span class='ocrx_word' id='word_1_234' title='bbox 591 2988 622 3043; x_wconf 93' lang='lat' dir='ltr'><strong>et</strong></span> <span class='ocrx_word' id='word_1_235' title='bbox 643 2977 856 3062; x_wconf 82' lang='lat' dir='ltr'><strong>strangulavit.</strong></span> <span class='ocrx_word' id='word_1_236' title='bbox 901 2977 1014 3043; x_wconf 74' lang='lat' dir='ltr'><strong>Civitas</strong></span> <span class='ocrx_word' id='word_1_237' title='bbox 1035 2976 1074 3040; x_wconf 89' lang='lat' dir='ltr'><strong>ad</strong></span> <span class='ocrx_word' id='word_1_238' title='bbox 1096 2999 1183 3042; x_wconf 87' lang='lat' dir='ltr'><strong>arma</strong></span> <span class='ocrx_word' id='word_1_239' title='bbox 1204 2978 1253 3055; x_wconf 91' lang='lat' dir='ltr'><strong>iit;</strong></span> <span class='ocrx_word' id='word_1_240' title='bbox 1287 2999 1326 3042; x_wconf 87' lang='lat' dir='ltr'><strong>ec</strong></span> <span class='ocrx_word' id='word_1_241' title='bbox 1348 2999 1430 3042; x_wconf 93' lang='lat' dir='ltr'><strong>nunc</strong></span> <span class='ocrx_word' id='word_1_242' title='bbox 1452 2999 1563 3043; x_wconf 76' lang='lat' dir='ltr'><strong>cumis</strong></span> 
     </span>
     <span class='ocr_line' id='line_1_27' title="bbox 200 3071 1525 3159; baseline 0.001 -24"><span class='ocrx_word' id='word_1_243' title='bbox 200 3071 382 3137; x_wconf 88' lang='lat' dir='ltr'><strong>cohortibus</strong></span> <span class='ocrx_word' id='word_1_244' title='bbox 401 3073 477 3138; x_wconf 81' lang='lat' dir='ltr'><strong>inihi</strong></span> <span class='ocrx_word' id='word_1_245' title='bbox 499 3094 558 3159; x_wconf 92' lang='lat' dir='ltr'><strong>per</strong></span> <span class='ocrx_word' id='word_1_246' title='bbox 579 3077 666 3137; x_wconf 86' lang='lat' dir='ltr'><strong>nives</strong></span> <span class='ocrx_word' id='word_1_247' title='bbox 685 3072 821 3137; x_wconf 91' lang='lat' dir='ltr'><strong>eundum</strong></span> <span class='ocrx_word' id='word_1_248' title='bbox 837 3080 892 3136; x_wconf 85' lang='lat' dir='ltr'><strong>est.</strong></span> <span class='ocrx_word' id='word_1_249' title='bbox 935 3075 1181 3157; x_wconf 87' lang='lat' dir='ltr'><strong>Usquequaque,</strong></span> <span class='ocrx_word' id='word_1_250' title='bbox 1203 3071 1320 3158; x_wconf 90' lang='lat' dir='ltr'><strong>inquis,</strong></span> <span class='ocrx_word' id='word_1_251' title='bbox 1344 3093 1378 3135; x_wconf 90' lang='lat' dir='ltr'><strong>se</strong></span> <span class='ocrx_word' id='word_1_252' title='bbox 1396 3071 1525 3136; x_wconf 87' lang='lat' dir='ltr'><strong>Domitii</strong></span> 
     </span>
     <span class='ocr_line' id='line_1_28' title="bbox 200 3164 1526 3252; baseline 0.002 -24"><span class='ocrx_word' id='word_1_253' title='bbox 200 3165 279 3229; x_wconf 88' lang='lat' dir='ltr'><strong>male</strong></span> <span class='ocrx_word' id='word_1_254' title='bbox 302 3165 384 3231; x_wconf 86' lang='lat' dir='ltr'><strong>dant.</strong></span> <span class='ocrx_word' id='word_1_255' title='bbox 427 3167 545 3233; x_wconf 89' lang='lat' dir='ltr'><strong>Vellem</strong></span> <span class='ocrx_word' id='word_1_256' title='bbox 568 3166 695 3252; x_wconf 88' lang='lat' dir='ltr'><strong>quidem</strong></span> <span class='ocrx_word' id='word_1_257' title='bbox 718 3171 841 3231; x_wconf 88' lang='lat' dir='ltr'><strong>Venere</strong></span> <span class='ocrx_word' id='word_1_258' title='bbox 863 3175 1034 3250; x_wconf 90' lang='lat' dir='ltr'><strong>prognatus</strong></span> <span class='ocrx_word' id='word_1_259' title='bbox 1056 3173 1174 3230; x_wconf 93' lang='lat' dir='ltr'><strong>tantum</strong></span> <span class='ocrx_word' id='word_1_260' title='bbox 1196 3165 1290 3229; x_wconf 91' lang='lat' dir='ltr'><strong>animi</strong></span> <span class='ocrx_word' id='word_1_261' title='bbox 1312 3164 1471 3232; x_wconf 88' lang='lat' dir='ltr'><strong>habuisset</strong></span> <span class='ocrx_word' id='word_1_262' title='bbox 1493 3165 1526 3230; x_wconf 92' lang='lat' dir='ltr'><strong>in</strong></span> 
     </span>
     <span class='ocr_line' id='line_1_29' title="bbox 200 3258 1523 3349; baseline 0.003 -27"><span class='ocrx_word' id='word_1_263' title='bbox 200 3267 306 3324; x_wconf 83' lang='lat' dir='ltr'><strong>vestro</strong></span> <span class='ocrx_word' id='word_1_264' title='bbox 327 3261 479 3337; x_wconf 90' lang='lat' dir='ltr'><strong>Domitio,</strong></span> <span class='ocrx_word' id='word_1_265' title='bbox 502 3271 652 3349; x_wconf 91' lang='lat' dir='ltr'><strong>quantum</strong></span> <span class='ocrx_word' id='word_1_266' title='bbox 673 3259 808 3326; x_wconf 87' lang='lat' dir='ltr'><strong>Psecade</strong></span> <span class='ocrx_word' id='word_1_267' title='bbox 831 3269 922 3324; x_wconf 92' lang='lat' dir='ltr'><strong>natus</strong></span> <span class='ocrx_word' id='word_1_268' title='bbox 944 3259 975 3324; x_wconf 92' lang='lat' dir='ltr'><strong>in</strong></span> <span class='ocrx_word' id='word_1_269' title='bbox 996 3259 1057 3324; x_wconf 92' lang='lat' dir='ltr'><strong>hoc</strong></span> <span class='ocrx_word' id='word_1_270' title='bbox 1070 3258 1189 3325; x_wconf 89' lang='lat' dir='ltr'><strong>babuit.</strong></span> <span class='ocrx_word' id='word_1_271' title='bbox 1233 3260 1377 3326; x_wconf 87' lang='lat' dir='ltr'><strong>Ciceroni</strong></span> <span class='ocrx_word' id='word_1_272' title='bbox 1390 3265 1423 3325; x_wconf 89' lang='lat' dir='ltr'><strong>F.</strong></span> <span class='ocrx_word' id='word_1_273' title='bbox 1439 3264 1470 3326; x_wconf 88' lang='lat' dir='ltr'><strong>S.</strong></span> <span class='ocrx_word' id='word_1_274' title='bbox 1485 3265 1523 3326; x_wconf 90' lang='lat' dir='ltr'><strong>D.</strong></span> 
     </span>
    </p>
   </div>
   <div class='ocr_carea' id='block_1_8' title="bbox 664 3425 1062 3513">
    <p class='ocr_par' dir='ltr' id='par_1_8' title="bbox 664 3425 1062 3513">
     <span class='ocr_line' id='line_1_30' title="bbox 664 3425 1062 3513; baseline 0.003 -20"><span class='ocrx_word' id='word_1_275' title='bbox 664 3425 1062 3513; x_wconf 47' lang='lat' dir='ltr'><strong>munuum&amp;</strong></span> 
     </span>
    </p>
   </div>
   <div class='ocr_carea' id='block_1_9' title="bbox 648 3562 1561 3626">
    <p class='ocr_par' dir='ltr' id='par_1_9' title="bbox 648 3562 1561 3626">
     <span class='ocr_line' id='line_1_31' title="bbox 648 3562 1561 3626; baseline -0.001 0"><span class='ocrx_word' id='word_1_276' title='bbox 648 3564 810 3626; x_wconf 82' lang='lat' dir='ltr'><strong>CAELlUS</strong></span> <span class='ocrx_word' id='word_1_277' title='bbox 833 3562 1018 3626; x_wconf 79' lang='lat' dir='ltr'><strong>CICERONI</strong></span> <span class='ocrx_word' id='word_1_278' title='bbox 1040 3565 1071 3626; x_wconf 89' lang='lat' dir='ltr'><strong>S.</strong></span> <span class='ocrx_word' id='word_1_279' title='bbox 1533 3584 1561 3626; x_wconf 88' lang='lat' dir='ltr'><strong>so</strong></span> 
     </span>
    </p>
   </div>
   <div class='ocr_carea' id='block_1_10' title="bbox 201 3680 1524 4050">
    <p class='ocr_par' dir='ltr' id='par_1_10' title="bbox 201 3680 1524 4050">
     <span class='ocr_line' id='line_1_32' title="bbox 287 3680 1524 3768; baseline 0 -20"><span class='ocrx_word' id='word_1_280' title='bbox 287 3687 315 3748; x_wconf 91' lang='lat'><strong>1.</strong></span> <span class='ocrx_word' id='word_1_281' title='bbox 336 3683 540 3750; x_wconf 84' lang='lat' dir='ltr'><strong>Exanimatus</strong></span> <span class='ocrx_word' id='word_1_282' title='bbox 562 3682 622 3748; x_wconf 87' lang='lat' dir='ltr'><strong>tuis</strong></span> <span class='ocrx_word' id='word_1_283' title='bbox 643 3681 769 3754; x_wconf 86' lang='lat' dir='ltr'><strong>litteris,</strong></span> <span class='ocrx_word' id='word_1_284' title='bbox 793 3680 907 3767; x_wconf 91' lang='lat' dir='ltr'><strong>quibus</strong></span> <span class='ocrx_word' id='word_1_285' title='bbox 929 3690 960 3746; x_wconf 90' lang='lat' dir='ltr'><strong>te</strong></span> <span class='ocrx_word' id='word_1_286' title='bbox 982 3681 1060 3747; x_wconf 90' lang='lat' dir='ltr'><strong>nihil</strong></span> <span class='ocrx_word' id='word_1_287' title='bbox 1081 3682 1141 3748; x_wconf 93' lang='lat' dir='ltr'><strong>nisi</strong></span> <span class='ocrx_word' id='word_1_288' title='bbox 1164 3683 1252 3748; x_wconf 87' lang='lat' dir='ltr'><strong>triste</strong></span> <span class='ocrx_word' id='word_1_289' title='bbox 1267 3683 1405 3768; x_wconf 86' lang='lat' dir='ltr'><strong>cogitare</strong></span> <span class='ocrx_word' id='word_1_290' title='bbox 1420 3693 1524 3750; x_wconf 88' lang='lat' dir='ltr'><strong>osten-</strong></span> 
     </span>
     <span class='ocr_line' id='line_1_33' title="bbox 201 3774 1522 3864; baseline 0.002 -24"><span class='ocrx_word' id='word_1_291' title='bbox 201 3775 273 3841; x_wconf 91' lang='lat' dir='ltr'><strong>disti</strong></span> <span class='ocrx_word' id='word_1_292' title='bbox 301 3797 404 3862; x_wconf 90' lang='lat' dir='ltr'><strong>neque</strong></span> <span class='ocrx_word' id='word_1_293' title='bbox 432 3777 464 3842; x_wconf 91' lang='lat' dir='ltr'><strong>id</strong></span> <span class='ocrx_word' id='word_1_294' title='bbox 493 3778 569 3864; x_wconf 90' lang='lat' dir='ltr'><strong>quid</strong></span> <span class='ocrx_word' id='word_1_295' title='bbox 596 3787 678 3841; x_wconf 91' lang='lat' dir='ltr'><strong>essct</strong></span> <span class='ocrx_word' id='word_1_296' title='bbox 703 3774 913 3862; x_wconf 87' lang='lat' dir='ltr'><strong>perscripsisti</strong></span> <span class='ocrx_word' id='word_1_297' title='bbox 943 3797 1044 3863; x_wconf 90' lang='lat' dir='ltr'><strong>neque</strong></span> <span class='ocrx_word' id='word_1_298' title='bbox 1069 3787 1273 3851; x_wconf 89' lang='lat' dir='ltr'><strong>nontamen,</strong></span> <span class='ocrx_word' id='word_1_299' title='bbox 1311 3778 1402 3863; x_wconf 88' lang='lat' dir='ltr'><strong>quale</strong></span> <span class='ocrx_word' id='word_1_300' title='bbox 1424 3789 1522 3853; x_wconf 87' lang='lat' dir='ltr'><strong>esset,</strong></span> 
     </span>
     <span class='ocr_line' id='line_1_34' title="bbox 201 3869 1524 3957; baseline 0 -21"><span class='ocrx_word' id='word_1_301' title='bbox 201 3869 286 3956; x_wconf 90' lang='lat' dir='ltr'><strong>quod</strong></span> <span class='ocrx_word' id='word_1_302' title='bbox 308 3870 480 3954; x_wconf 88' lang='lat' dir='ltr'><strong>cogitares,</strong></span> <span class='ocrx_word' id='word_1_303' title='bbox 503 3872 673 3957; x_wconf 87' lang='lat' dir='ltr'><strong>aperuisti,</strong></span> <span class='ocrx_word' id='word_1_304' title='bbox 696 3870 750 3935; x_wconf 90' lang='lat' dir='ltr'><strong>has</strong></span> <span class='ocrx_word' id='word_1_305' title='bbox 772 3869 813 3933; x_wconf 89' lang='lat' dir='ltr'><strong>ad</strong></span> <span class='ocrx_word' id='word_1_306' title='bbox 834 3879 863 3933; x_wconf 92' lang='lat' dir='ltr'><strong>te</strong></span> <span class='ocrx_word' id='word_1_307' title='bbox 885 3869 970 3934; x_wconf 90' lang='lat' dir='ltr'><strong>illico</strong></span> <span class='ocrx_word' id='word_1_308' title='bbox 992 3871 1110 3934; x_wconf 89' lang='lat' dir='ltr'><strong>litteras</strong></span> <span class='ocrx_word' id='word_1_309' title='bbox 1132 3871 1253 3957; x_wconf 88' lang='lat' dir='ltr'><strong>scripsi.</strong></span> <span class='ocrx_word' id='word_1_310' title='bbox 1296 3875 1356 3935; x_wconf 91' lang='lat' dir='ltr'><strong>Per</strong></span> <span class='ocrx_word' id='word_1_311' title='bbox 1381 3870 1524 3936; x_wconf 83' lang='lat' dir='ltr'><strong>fortunas</strong></span> 
     </span>
     <span class='ocr_line' id='line_1_35' title="bbox 201 3962 1520 4050; baseline -0.002 -20"><span class='ocrx_word' id='word_1_312' title='bbox 201 3975 278 4038; x_wconf 89' lang='lat' dir='ltr'><strong>tuas,</strong></span> <span class='ocrx_word' id='word_1_313' title='bbox 302 3964 422 4040; x_wconf 89' lang='lat' dir='ltr'><strong>Cicero,</strong></span> <span class='ocrx_word' id='word_1_314' title='bbox 444 3986 502 4050; x_wconf 93' lang='lat' dir='ltr'><strong>per</strong></span> <span class='ocrx_word' id='word_1_315' title='bbox 524 3965 640 4030; x_wconf 84' lang='lat' dir='ltr'><strong>liberos</strong></span> <span class='ocrx_word' id='word_1_316' title='bbox 663 3985 737 4041; x_wconf 92' lang='lat' dir='ltr'><strong>oro,</strong></span> <span class='ocrx_word' id='word_1_317' title='bbox 760 3962 909 4037; x_wconf 88' lang='lat' dir='ltr'><strong>obsecro,</strong></span> <span class='ocrx_word' id='word_1_318' title='bbox 932 3984 972 4028; x_wconf 92' lang='lat' dir='ltr'><strong>ne</strong></span> <span class='ocrx_word' id='word_1_319' title='bbox 994 3964 1070 4050; x_wconf 90' lang='lat' dir='ltr'><strong>quid</strong></span> <span class='ocrx_word' id='word_1_320' title='bbox 1092 3964 1217 4050; x_wconf 85' lang='lat' dir='ltr'><strong>gravius</strong></span> <span class='ocrx_word' id='word_1_321' title='bbox 1239 3964 1279 4030; x_wconf 89' lang='lat' dir='ltr'><strong>de</strong></span> <span class='ocrx_word' id='word_1_322' title='bbox 1301 3965 1400 4029; x_wconf 90' lang='lat' dir='ltr'><strong>salute</strong></span> <span class='ocrx_word' id='word_1_323' title='bbox 1422 3974 1452 4029; x_wconf 89' lang='lat' dir='ltr'><strong>et</strong></span> <span class='ocrx_word' id='word_1_324' title='bbox 1474 3965 1520 4028; x_wconf 92' lang='lat' dir='ltr'><strong>in-</strong></span> 
     </span>
    </p>
   </div>
   <div class='ocr_carea' id='block_1_11' title="bbox 201 4175 1527 5018">
    <p class='ocr_par' dir='ltr' id='par_1_11' title="bbox 201 4175 1527 5018">
     <span class='ocr_line' id='line_1_36' title="bbox 270 4175 1526 4248; baseline 0.006 -23"><span class='ocrx_word' id='word_1_325' title='bbox 270 4176 297 4225; x_wconf 80' lang='grc'><strong>2.</strong></span> <span class='ocrx_word' id='word_1_326' title='bbox 320 4175 428 4238; x_wconf 80' lang='lat' dir='ltr'><strong>Uterque</strong></span> <span class='ocrx_word' id='word_1_327' title='bbox 447 4183 471 4224; x_wconf 87' lang='lat' dir='ltr'><strong>ei</strong></span> <span class='ocrx_word' id='word_1_328' title='bbox 490 4178 578 4226; x_wconf 84' lang='lat' dir='ltr'><strong>animo</strong></span> <span class='ocrx_word' id='word_1_329' title='bbox 597 4176 641 4225; x_wconf 86' lang='lat' dir='ltr'><strong>lli:</strong></span> <span class='ocrx_word' id='word_1_330' title='bbox 676 4179 783 4244; x_wconf 81' lang='lat' dir='ltr'><strong>Uterque</strong></span> <span class='ocrx_word' id='word_1_331' title='bbox 801 4184 890 4232; x_wconf 84' lang='lat' dir='ltr'><strong>animo</strong></span> <span class='ocrx_word' id='word_1_332' title='bbox 915 4182 944 4232; x_wconf 91' lang='grc' dir='ltr'><strong>Ε.</strong></span> <span class='ocrx_word' id='word_1_333' title='bbox 975 4209 1004 4220; x_wconf 92' lang='grc'>-</span> <span class='ocrx_word' id='word_1_334' title='bbox 1050 4183 1076 4232; x_wconf 90' lang='grc'><strong>3.</strong></span> <span class='ocrx_word' id='word_1_335' title='bbox 1095 4197 1141 4231; x_wconf 90' lang='lat' dir='ltr'><strong>suo</strong></span> <span class='ocrx_word' id='word_1_336' title='bbox 1170 4183 1205 4233; x_wconf 93' lang='grc' dir='ltr'><strong>Μ.</strong></span> <span class='ocrx_word' id='word_1_337' title='bbox 1227 4210 1258 4218; x_wconf 98' lang='grc'>-</span> <span class='ocrx_word' id='word_1_338' title='bbox 1307 4183 1334 4233; x_wconf 85' lang='grc'><strong>9.</strong></span> <span class='ocrx_word' id='word_1_339' title='bbox 1354 4185 1416 4248; x_wconf 88' lang='lat' dir='ltr'><strong>quid</strong></span> <span class='ocrx_word' id='word_1_340' title='bbox 1435 4191 1526 4234; x_wconf 82' lang='lat' dir='ltr'><strong>tonius</strong></span> 
     </span>
     <span class='ocr_line' id='line_1_37' title="bbox 202 4246 1527 4318; baseline 0.005 -22"><span class='ocrx_word' id='word_1_341' title='bbox 202 4246 289 4296; x_wconf 75' lang='grc'><strong>11.-</strong></span> <span class='ocrx_word' id='word_1_342' title='bbox 327 4259 406 4309; x_wconf 85' lang='lat' dir='ltr'><strong>quum</strong></span> <span class='ocrx_word' id='word_1_343' title='bbox 433 4253 487 4296; x_wconf 86' lang='lat' dir='ltr'><strong>inm</strong></span> <span class='ocrx_word' id='word_1_344' title='bbox 513 4248 632 4298; x_wconf 82' lang='lat' dir='ltr'><strong>snalebat</strong></span> <span class='ocrx_word' id='word_1_345' title='bbox 660 4249 810 4318; x_wconf 68' lang='lat' dir='ltr'><strong>Ergasilus.</strong></span> <span class='ocrx_word' id='word_1_346' title='bbox 832 4275 863 4288; x_wconf 91' lang='lat'><strong>·-</strong></span> <span class='ocrx_word' id='word_1_347' title='bbox 897 4266 1008 4316; x_wconf 80' lang='lat' dir='ltr'><strong>nuqcces</strong></span> <span class='ocrx_word' id='word_1_348' title='bbox 1026 4256 1163 4304; x_wconf 84' lang='lat' dir='ltr'><strong>commorit</strong></span> <span class='ocrx_word' id='word_1_349' title='bbox 1181 4255 1311 4303; x_wconf 79' lang='lat' dir='ltr'><strong>Romana.</strong></span> <span class='ocrx_word' id='word_1_350' title='bbox 1345 4279 1375 4289; x_wconf 94' lang='lat'>-</span> <span class='ocrx_word' id='word_1_351' title='bbox 1411 4256 1453 4303; x_wconf 90' lang='lat'><strong>10.</strong></span> <span class='ocrx_word' id='word_1_352' title='bbox 1473 4269 1527 4303; x_wconf 89' lang='lat' dir='ltr'><strong>non</strong></span> 
     </span>
     <span class='ocr_line' id='line_1_38' title="bbox 201 4315 1525 4390; baseline 0.007 -26"><span class='ocrx_word' id='word_1_353' title='bbox 201 4315 295 4365; x_wconf 79' lang='lat' dir='ltr'><strong>Ambe.</strong></span> <span class='ocrx_word' id='word_1_354' title='bbox 316 4317 366 4365; x_wconf 80' lang='lat'><strong>15:</strong></span> <span class='ocrx_word' id='word_1_355' title='bbox 386 4330 455 4365; x_wconf 77' lang='lat' dir='ltr'><strong>necne</strong></span> <span class='ocrx_word' id='word_1_356' title='bbox 472 4317 532 4390; x_wconf 78' lang='grc' dir='ltr'><strong>ΜΕ.</strong></span> <span class='ocrx_word' id='word_1_357' title='bbox 556 4342 584 4352; x_wconf 97' lang='grc'>-</span> <span class='ocrx_word' id='word_1_358' title='bbox 623 4319 665 4367; x_wconf 87' lang='grc'><strong>12.</strong></span> <span class='ocrx_word' id='word_1_359' title='bbox 685 4322 867 4372; x_wconf 82' lang='lat' dir='ltr'><strong>videnturltl:</strong></span> <span class='ocrx_word' id='word_1_360' title='bbox 887 4323 1027 4372; x_wconf 77' lang='lat' dir='ltr'><strong>nideunmr</strong></span> <span class='ocrx_word' id='word_1_361' title='bbox 1051 4323 1080 4371; x_wconf 89' lang='grc' dir='ltr'><strong>Ε.</strong></span> <span class='ocrx_word' id='word_1_362' title='bbox 1101 4345 1132 4358; x_wconf 96' lang='grc'>-</span> <span class='ocrx_word' id='word_1_363' title='bbox 1170 4325 1213 4373; x_wconf 94' lang='grc'><strong>13.</strong></span> <span class='ocrx_word' id='word_1_364' title='bbox 1231 4339 1288 4372; x_wconf 88' lang='lat' dir='ltr'><strong>sum</strong></span> <span class='ocrx_word' id='word_1_365' title='bbox 1306 4324 1525 4374; x_wconf 75' lang='grc'><strong>1111111111.-</strong></span> 
     </span>
     <span class='ocr_line' id='line_1_39' title="bbox 203 4386 1527 4457; baseline 0.007 -23"><span class='ocrx_word' id='word_1_366' title='bbox 203 4386 245 4434; x_wconf 82' lang='grc'><strong>17.</strong></span> <span class='ocrx_word' id='word_1_367' title='bbox 264 4387 447 4435; x_wconf 80' lang='lat' dir='ltr'><strong>circumsedere</strong></span> <span class='ocrx_word' id='word_1_368' title='bbox 465 4387 501 4437; x_wconf 94' lang='grc' dir='ltr'><strong>Μ.</strong></span> <span class='ocrx_word' id='word_1_369' title='bbox 524 4412 554 4423; x_wconf 97' lang='grc'>-</span> <span class='ocrx_word' id='word_1_370' title='bbox 592 4388 635 4438; x_wconf 81' lang='grc'><strong>18.</strong></span> <span class='ocrx_word' id='word_1_371' title='bbox 653 4393 823 4452; x_wconf 84' lang='lat' dir='ltr'><strong>properando</strong></span> <span class='ocrx_word' id='word_1_372' title='bbox 841 4393 878 4442; x_wconf 91' lang='lat' dir='ltr'><strong>M.</strong></span> <span class='ocrx_word' id='word_1_373' title='bbox 900 4416 931 4426; x_wconf 96' lang='lat'>-</span> <span class='ocrx_word' id='word_1_374' title='bbox 967 4393 1011 4441; x_wconf 90' lang='grc'><strong>29.</strong></span> <span class='ocrx_word' id='word_1_375' title='bbox 1030 4394 1074 4441; x_wconf 84' lang='lat' dir='ltr'><strong>sed</strong></span> <span class='ocrx_word' id='word_1_376' title='bbox 1093 4399 1147 4440; x_wconf 89' lang='lat' dir='ltr'><strong>tum</strong></span> <span class='ocrx_word' id='word_1_377' title='bbox 1164 4408 1244 4457; x_wconf 86' lang='lat' dir='ltr'><strong>quom</strong></span> <span class='ocrx_word' id='word_1_378' title='bbox 1262 4394 1293 4443; x_wconf 84' lang='lat' dir='ltr'><strong>ab</strong></span> <span class='ocrx_word' id='word_1_379' title='bbox 1312 4395 1358 4454; x_wconf 89' lang='grc' dir='ltr'><strong>Μ,</strong></span> <span class='ocrx_word' id='word_1_380' title='bbox 1377 4396 1420 4442; x_wconf 83' lang='lat' dir='ltr'><strong>sed</strong></span> <span class='ocrx_word' id='word_1_381' title='bbox 1439 4402 1527 4443; x_wconf 85' lang='lat' dir='ltr'><strong>tumen</strong></span> 
     </span>
     <span class='ocr_line' id='line_1_40' title="bbox 202 4455 1525 4527; baseline 0.005 -23"><span class='ocrx_word' id='word_1_382' title='bbox 202 4463 328 4519; x_wconf 81' lang='lat' dir='ltr'><strong>quonium</strong></span> <span class='ocrx_word' id='word_1_383' title='bbox 351 4455 382 4505; x_wconf 90' lang='lat' dir='ltr'><strong>ob</strong></span> <span class='ocrx_word' id='word_1_384' title='bbox 410 4457 584 4508; x_wconf 82' lang='lat' dir='ltr'><strong>benedictus.</strong></span> <span class='ocrx_word' id='word_1_385' title='bbox 613 4483 644 4494; x_wconf 98' lang='lat'>-</span> <span class='ocrx_word' id='word_1_386' title='bbox 680 4460 723 4508; x_wconf 87' lang='grc'><strong>22.</strong></span> <span class='ocrx_word' id='word_1_387' title='bbox 744 4463 805 4510; x_wconf 84' lang='lat' dir='ltr'><strong>ideo</strong></span> <span class='ocrx_word' id='word_1_388' title='bbox 823 4461 986 4511; x_wconf 84' lang='lat' dir='ltr'><strong>Lambinus:</strong></span> <span class='ocrx_word' id='word_1_389' title='bbox 1018 4464 1083 4512; x_wconf 86' lang='lat' dir='ltr'><strong>adeo</strong></span> <span class='ocrx_word' id='word_1_390' title='bbox 1105 4462 1164 4513; x_wconf 88' lang='grc' dir='ltr'><strong>ΜΕ.</strong></span> <span class='ocrx_word' id='word_1_391' title='bbox 1185 4464 1234 4513; x_wconf 86' lang='lat' dir='ltr'><strong>cir.</strong></span> <span class='ocrx_word' id='word_1_392' title='bbox 1256 4464 1334 4513; x_wconf 84' lang='lat' dir='ltr'><strong>Hand</strong></span> <span class='ocrx_word' id='word_1_393' title='bbox 1353 4465 1430 4512; x_wconf 80' lang='lat' dir='ltr'><strong>Tura.</strong></span> <span class='ocrx_word' id='word_1_394' title='bbox 1453 4465 1475 4512; x_wconf 93' lang='lat' dir='ltr'><strong>l.</strong></span> <span class='ocrx_word' id='word_1_395' title='bbox 1498 4479 1525 4527; x_wconf 92' lang='lat' dir='ltr'><strong>p.</strong></span> 
     </span>
     <span class='ocr_line' id='line_1_41' title="bbox 202 4527 1525 4596; baseline 0.007 -22"><span class='ocrx_word' id='word_1_396' title='bbox 202 4527 262 4576; x_wconf 87' lang='grc'><strong>155.</strong></span> <span class='ocrx_word' id='word_1_397' title='bbox 289 4548 322 4561; x_wconf 90' lang='lat'><strong>-·</strong></span> <span class='ocrx_word' id='word_1_398' title='bbox 357 4527 473 4575; x_wconf 85' lang='lat' dir='ltr'><strong>intimidi</strong></span> <span class='ocrx_word' id='word_1_399' title='bbox 490 4527 528 4578; x_wconf 91' lang='grc' dir='ltr'><strong>Μ.</strong></span> <span class='ocrx_word' id='word_1_400' title='bbox 558 4551 589 4566; x_wconf 83' lang='lat'><em>-</em></span> <span class='ocrx_word' id='word_1_401' title='bbox 624 4529 669 4578; x_wconf 85' lang='grc'><strong>23.</strong></span> <span class='ocrx_word' id='word_1_402' title='bbox 688 4527 742 4594; x_wconf 88' lang='lat' dir='ltr'><strong>qui]</strong></span> <span class='ocrx_word' id='word_1_403' title='bbox 762 4532 865 4594; x_wconf 83' lang='lat' dir='ltr'><strong>quehl.</strong></span> <span class='ocrx_word' id='word_1_404' title='bbox 886 4557 916 4567; x_wconf 92' lang='lat'>-</span> <span class='ocrx_word' id='word_1_405' title='bbox 952 4531 997 4581; x_wconf 77' lang='grc'><strong>21.</strong></span> <span class='ocrx_word' id='word_1_406' title='bbox 1017 4531 1058 4580; x_wconf 88' lang='grc'><strong>1111</strong></span> <span class='ocrx_word' id='word_1_407' title='bbox 1076 4533 1113 4582; x_wconf 91' lang='grc' dir='ltr'><strong>Μ.</strong></span> <span class='ocrx_word' id='word_1_408' title='bbox 1151 4533 1206 4584; x_wconf 85' lang='lat' dir='ltr'><strong>Cir.</strong></span> <span class='ocrx_word' id='word_1_409' title='bbox 1227 4535 1305 4583; x_wconf 89' lang='lat' dir='ltr'><strong>lland</strong></span> <span class='ocrx_word' id='word_1_410' title='bbox 1326 4533 1405 4583; x_wconf 82' lang='lat' dir='ltr'><strong>Ture.</strong></span> <span class='ocrx_word' id='word_1_411' title='bbox 1427 4535 1477 4582; x_wconf 92' lang='grc' dir='ltr'><strong>ΙΙΙ.</strong></span> <span class='ocrx_word' id='word_1_412' title='bbox 1498 4549 1525 4596; x_wconf 90' lang='lat' dir='ltr'><strong>p.</strong></span> 
     </span>
     <span class='ocr_line' id='line_1_42' title="bbox 202 4595 1526 4667; baseline 0.005 -22"><span class='ocrx_word' id='word_1_413' title='bbox 202 4595 263 4645; x_wconf 80' lang='grc'><strong>291.</strong></span> <span class='ocrx_word' id='word_1_414' title='bbox 283 4617 314 4631; x_wconf 89' lang='grc'>-</span> <span class='ocrx_word' id='word_1_415' title='bbox 352 4595 396 4644; x_wconf 86' lang='grc'><strong>25.</strong></span> <span class='ocrx_word' id='word_1_416' title='bbox 416 4609 445 4645; x_wconf 85' lang='lat' dir='ltr'><strong>ao</strong></span> <span class='ocrx_word' id='word_1_417' title='bbox 462 4611 532 4648; x_wconf 89' lang='lat' dir='ltr'><strong>nunc</strong></span> <span class='ocrx_word' id='word_1_418' title='bbox 550 4612 606 4647; x_wconf 88' lang='lat' dir='ltr'><strong>cum</strong></span> <span class='ocrx_word' id='word_1_419' title='bbox 625 4601 771 4650; x_wconf 78' lang='lat' dir='ltr'><strong>cohortibus</strong></span> <span class='ocrx_word' id='word_1_420' title='bbox 790 4601 848 4650; x_wconf 82' lang='lat' dir='ltr'><strong>Vb:</strong></span> <span class='ocrx_word' id='word_1_421' title='bbox 868 4615 897 4652; x_wconf 90' lang='lat' dir='ltr'><strong>eo</strong></span> <span class='ocrx_word' id='word_1_422' title='bbox 916 4615 978 4660; x_wconf 80' lang='lat' dir='ltr'><strong>pum</strong></span> <span class='ocrx_word' id='word_1_423' title='bbox 997 4602 1145 4652; x_wconf 76' lang='lat' dir='ltr'><strong>cohortibus</strong></span> <span class='ocrx_word' id='word_1_424' title='bbox 1162 4603 1205 4661; x_wconf 91' lang='grc' dir='ltr'><strong>Μ,</strong></span> <span class='ocrx_word' id='word_1_425' title='bbox 1225 4619 1254 4653; x_wconf 91' lang='lat' dir='ltr'><strong>eo</strong></span> <span class='ocrx_word' id='word_1_426' title='bbox 1272 4618 1328 4653; x_wconf 84' lang='lat' dir='ltr'><strong>curn</strong></span> <span class='ocrx_word' id='word_1_427' title='bbox 1347 4611 1526 4667; x_wconf 66' lang='grc'><strong>1111111111-</strong></span> 
     </span>
     <span class='ocr_line' id='line_1_43' title="bbox 201 4665 1526 4734; baseline 0.006 -20"><span class='ocrx_word' id='word_1_428' title='bbox 201 4665 319 4714; x_wconf 79' lang='lat' dir='ltr'><strong>hortibus</strong></span> <span class='ocrx_word' id='word_1_429' title='bbox 338 4665 368 4714; x_wconf 93' lang='grc' dir='ltr'><strong>Ε.</strong></span> <span class='ocrx_word' id='word_1_430' title='bbox 391 4689 420 4700; x_wconf 92' lang='grc'>-</span> <span class='ocrx_word' id='word_1_431' title='bbox 458 4667 502 4716; x_wconf 84' lang='grc'><strong>29.</strong></span> <span class='ocrx_word' id='word_1_432' title='bbox 521 4671 607 4732; x_wconf 81' lang='lat' dir='ltr'><strong>inquis</strong></span> <span class='ocrx_word' id='word_1_433' title='bbox 625 4669 670 4720; x_wconf 85' lang='lat' dir='ltr'><strong>M:</strong></span> <span class='ocrx_word' id='word_1_434' title='bbox 689 4671 789 4734; x_wconf 81' lang='lat' dir='ltr'><strong>inquies</strong></span> <span class='ocrx_word' id='word_1_435' title='bbox 808 4672 838 4720; x_wconf 89' lang='grc' dir='ltr'><strong>Ε.</strong></span> <span class='ocrx_word' id='word_1_436' title='bbox 861 4697 889 4708; x_wconf 93' lang='lat'><strong>·-</strong></span> <span class='ocrx_word' id='word_1_437' title='bbox 927 4685 953 4721; x_wconf 90' lang='lat' dir='ltr'><strong>se</strong></span> <span class='ocrx_word' id='word_1_438' title='bbox 972 4672 1081 4722; x_wconf 85' lang='lat' dir='ltr'><strong>Domitii</strong></span> <span class='ocrx_word' id='word_1_439' title='bbox 1098 4673 1166 4722; x_wconf 88' lang='lat' dir='ltr'><strong>mule</strong></span> <span class='ocrx_word' id='word_1_440' title='bbox 1183 4676 1249 4724; x_wconf 87' lang='lat' dir='ltr'><strong>dont</strong></span> <span class='ocrx_word' id='word_1_441' title='bbox 1267 4674 1416 4724; x_wconf 82' lang='lat' dir='ltr'><strong>Graevius:</strong></span> <span class='ocrx_word' id='word_1_442' title='bbox 1436 4687 1461 4723; x_wconf 92' lang='lat' dir='ltr'><strong>se</strong></span> <span class='ocrx_word' id='word_1_443' title='bbox 1481 4675 1526 4722; x_wconf 85' lang='lat' dir='ltr'><strong>do-</strong></span> 
     </span>
     <span class='ocr_line' id='line_1_44' title="bbox 201 4734 1526 4807; baseline 0.007 -23"><span class='ocrx_word' id='word_1_444' title='bbox 201 4737 270 4784; x_wconf 84' lang='lat' dir='ltr'><strong>mitii</strong></span> <span class='ocrx_word' id='word_1_445' title='bbox 288 4734 353 4782; x_wconf 86' lang='lat' dir='ltr'><strong>muti</strong></span> <span class='ocrx_word' id='word_1_446' title='bbox 370 4735 435 4786; x_wconf 84' lang='lat' dir='ltr'><strong>dunt</strong></span> <span class='ocrx_word' id='word_1_447' title='bbox 454 4737 499 4793; x_wconf 88' lang='grc' dir='ltr'><strong>Μ,</strong></span> <span class='ocrx_word' id='word_1_448' title='bbox 528 4739 637 4788; x_wconf 81' lang='lat' dir='ltr'><strong>Domitii</strong></span> <span class='ocrx_word' id='word_1_449' title='bbox 654 4741 723 4790; x_wconf 85' lang='lat' dir='ltr'><strong>mute</strong></span> <span class='ocrx_word' id='word_1_450' title='bbox 740 4742 806 4791; x_wconf 83' lang='lat' dir='ltr'><strong>duni</strong></span> <span class='ocrx_word' id='word_1_451' title='bbox 825 4742 855 4792; x_wconf 89' lang='lat' dir='ltr'><strong>li.</strong></span> <span class='ocrx_word' id='word_1_452' title='bbox 889 4767 918 4778; x_wconf 92' lang='lat'>-</span> <span class='ocrx_word' id='word_1_453' title='bbox 957 4742 1001 4792; x_wconf 86' lang='grc'><strong>27.</strong></span> <span class='ocrx_word' id='word_1_454' title='bbox 1019 4755 1135 4792; x_wconf 83' lang='lat' dir='ltr'><strong>venerem</strong></span> <span class='ocrx_word' id='word_1_455' title='bbox 1152 4753 1335 4807; x_wconf 71' lang='lat' dir='ltr'><strong>propugnatne</strong></span> <span class='ocrx_word' id='word_1_456' title='bbox 1354 4745 1391 4794; x_wconf 90' lang='grc' dir='ltr'><strong>Μ.</strong></span> <span class='ocrx_word' id='word_1_457' title='bbox 1414 4767 1442 4778; x_wconf 93' lang='lat'>-</span> <span class='ocrx_word' id='word_1_458' title='bbox 1480 4745 1526 4793; x_wconf 89' lang='lat' dir='ltr'><strong>hu·</strong></span> 
     </span>
     <span class='ocr_line' id='line_1_45' title="bbox 202 4804 1525 4876; baseline 0.007 -22"><span class='ocrx_word' id='word_1_459' title='bbox 202 4806 283 4855; x_wconf 86' lang='lat' dir='ltr'><strong>buisse</strong></span> <span class='ocrx_word' id='word_1_460' title='bbox 302 4804 340 4854; x_wconf 86' lang='grc' dir='ltr'><strong>Μ.</strong></span> <span class='ocrx_word' id='word_1_461' title='bbox 373 4829 403 4839; x_wconf 95' lang='grc'>-</span> <span class='ocrx_word' id='word_1_462' title='bbox 440 4807 484 4856; x_wconf 82' lang='grc'><strong>28.</strong></span> <span class='ocrx_word' id='word_1_463' title='bbox 511 4816 637 4871; x_wconf 62' lang='lat' dir='ltr'><strong>wantum</strong></span> <span class='ocrx_word' id='word_1_464' title='bbox 663 4813 717 4873; x_wconf 84' lang='lat' dir='ltr'><strong>ipse</strong></span> <span class='ocrx_word' id='word_1_465' title='bbox 744 4813 886 4861; x_wconf 86' lang='lat' dir='ltr'><strong>cudenatus</strong></span> <span class='ocrx_word' id='word_1_466' title='bbox 904 4810 940 4861; x_wconf 90' lang='grc' dir='ltr'><strong>Μ.</strong></span> <span class='ocrx_word' id='word_1_467' title='bbox 969 4837 1003 4846; x_wconf 90' lang='lat'><strong>·-</strong></span> <span class='ocrx_word' id='word_1_468' title='bbox 1051 4813 1095 4862; x_wconf 94' lang='grc'><strong>29.</strong></span> <span class='ocrx_word' id='word_1_469' title='bbox 1116 4813 1237 4870; x_wconf 76' lang='lat' dir='ltr'><strong>Alterum</strong></span> <span class='ocrx_word' id='word_1_470' title='bbox 1257 4814 1408 4876; x_wconf 79' lang='lat' dir='ltr'><strong>enenipium</strong></span> <span class='ocrx_word' id='word_1_471' title='bbox 1429 4815 1525 4863; x_wconf 87' lang='lat' dir='ltr'><strong>harum</strong></span> 
     </span>
     <span class='ocr_line' id='line_1_46' title="bbox 202 4875 1526 4942; baseline 0.006 -16"><span class='ocrx_word' id='word_1_472' title='bbox 202 4875 352 4926; x_wconf 82' lang='lat' dir='ltr'><strong>litterarum</strong></span> <span class='ocrx_word' id='word_1_473' title='bbox 371 4881 411 4924; x_wconf 87' lang='lat' dir='ltr'><strong>est</strong></span> <span class='ocrx_word' id='word_1_474' title='bbox 426 4876 458 4924; x_wconf 84' lang='lat' dir='ltr'><strong>ad</strong></span> <span class='ocrx_word' id='word_1_475' title='bbox 478 4876 532 4928; x_wconf 76' lang='lat' dir='ltr'><strong>Ati.</strong></span> <span class='ocrx_word' id='word_1_476' title='bbox 554 4880 602 4940; x_wconf 87' lang='lat'><strong>10,</strong></span> <span class='ocrx_word' id='word_1_477' title='bbox 622 4881 649 4931; x_wconf 92' lang='grc'><strong>9.</strong></span> <span class='ocrx_word' id='word_1_478' title='bbox 671 4906 701 4917; x_wconf 97' lang='grc'>-</span> <span class='ocrx_word' id='word_1_479' title='bbox 738 4881 782 4931; x_wconf 89' lang='grc'><strong>31.</strong></span> <span class='ocrx_word' id='word_1_480' title='bbox 802 4883 977 4931; x_wconf 76' lang='lat' dir='ltr'><strong>Erunimuius</strong></span> <span class='ocrx_word' id='word_1_481' title='bbox 995 4883 1027 4931; x_wconf 86' lang='lat' dir='ltr'><strong>ad</strong></span> <span class='ocrx_word' id='word_1_482' title='bbox 1047 4883 1101 4932; x_wconf 77' lang='lat' dir='ltr'><strong>hit.</strong></span> <span class='ocrx_word' id='word_1_483' title='bbox 1123 4885 1164 4942; x_wconf 90' lang='grc'><strong>10,</strong></span> <span class='ocrx_word' id='word_1_484' title='bbox 1183 4884 1210 4942; x_wconf 83' lang='lat' dir='ltr'><strong>a,</strong></span> <span class='ocrx_word' id='word_1_485' title='bbox 1230 4886 1262 4933; x_wconf 88' lang='lat'><strong>1:</strong></span> <span class='ocrx_word' id='word_1_486' title='bbox 1283 4887 1458 4934; x_wconf 74' lang='lat' dir='ltr'><strong>[inanimatus</strong></span> <span class='ocrx_word' id='word_1_487' title='bbox 1469 4899 1526 4934; x_wconf 88' lang='lat' dir='ltr'><strong>sum</strong></span> 
     </span>
     <span class='ocr_line' id='line_1_47' title="bbox 202 4945 1526 5018; baseline 0.007 -22"><span class='ocrx_word' id='word_1_488' title='bbox 202 4947 261 4996; x_wconf 88' lang='grc' dir='ltr'><strong>ΜΕ.</strong></span> <span class='ocrx_word' id='word_1_489' title='bbox 283 4971 313 4981; x_wconf 89' lang='grc'><strong>-</strong></span> <span class='ocrx_word' id='word_1_490' title='bbox 351 4945 660 5011; x_wconf 66' lang='lat' dir='ltr'><strong>superscripsit·</strong></span> <span class='ocrx_word' id='word_1_491' title='bbox 695 4954 834 5001; x_wconf 87' lang='lat' dir='ltr'><strong>nonenim</strong></span> <span class='ocrx_word' id='word_1_492' title='bbox 853 4952 1338 5018; x_wconf 79' lang='lat' dir='ltr'><strong>quotisessetqnodeoqnitoresbl.</strong></span> <span class='ocrx_word' id='word_1_493' title='bbox 1360 4979 1390 4990; x_wconf 89' lang='lat'><strong>-·</strong></span> <span class='ocrx_word' id='word_1_494' title='bbox 1426 4955 1470 5005; x_wconf 88' lang='grc'><strong>33.</strong></span> <span class='ocrx_word' id='word_1_495' title='bbox 1490 4957 1526 5005; x_wconf 86' lang='lat' dir='ltr'><strong>od</strong></span> 
     </span>
    </p>
   </div>
   <div class='ocr_carea' id='block_1_12' title="bbox 203 5015 1526 5148">
    <p class='ocr_par' dir='ltr' id='par_1_12' title="bbox 203 5015 1526 5148">
     <span class='ocr_line' id='line_1_48' title="bbox 203 5015 1526 5087; baseline 0.007 -20"><span class='ocrx_word' id='word_1_496' title='bbox 203 5024 226 5067; x_wconf 90' lang='lat' dir='ltr'><strong>te</strong></span> <span class='ocrx_word' id='word_1_497' title='bbox 243 5017 316 5065; x_wconf 85' lang='lat' dir='ltr'><strong>illico</strong></span> <span class='ocrx_word' id='word_1_498' title='bbox 334 5015 381 5066; x_wconf 79' lang='lat' dir='ltr'><strong>ht:</strong></span> <span class='ocrx_word' id='word_1_499' title='bbox 413 5016 482 5066; x_wconf 85' lang='lat' dir='ltr'><strong>illico</strong></span> <span class='ocrx_word' id='word_1_500' title='bbox 500 5019 535 5067; x_wconf 87' lang='lat' dir='ltr'><strong>od</strong></span> <span class='ocrx_word' id='word_1_501' title='bbox 554 5027 578 5069; x_wconf 89' lang='grc'><strong>11</strong></span> <span class='ocrx_word' id='word_1_502' title='bbox 597 5020 626 5071; x_wconf 93' lang='grc' dir='ltr'><strong>Ε.</strong></span> <span class='ocrx_word' id='word_1_503' title='bbox 654 5045 685 5058; x_wconf 90' lang='lat'><strong>··</strong></span> <span class='ocrx_word' id='word_1_504' title='bbox 721 5023 795 5072; x_wconf 79' lang='lat' dir='ltr'><strong>Fort-</strong></span> <span class='ocrx_word' id='word_1_505' title='bbox 815 5023 865 5072; x_wconf 84' lang='lat' dir='ltr'><strong>Per</strong></span> <span class='ocrx_word' id='word_1_506' title='bbox 883 5029 908 5072; x_wconf 85' lang='lat' dir='ltr'><strong>ts</strong></span> <span class='ocrx_word' id='word_1_507' title='bbox 924 5023 1055 5087; x_wconf 68' lang='lat' dir='ltr'><strong>fortunus.</strong></span> <span class='ocrx_word' id='word_1_508' title='bbox 1076 5023 1127 5073; x_wconf 83' lang='grc'><strong>011.</strong></span> <span class='ocrx_word' id='word_1_509' title='bbox 1149 5045 1179 5058; x_wconf 95' lang='grc'>-</span> <span class='ocrx_word' id='word_1_510' title='bbox 1216 5023 1260 5074; x_wconf 76' lang='lat' dir='ltr'><strong>ai.</strong></span> <span class='ocrx_word' id='word_1_511' title='bbox 1280 5025 1374 5076; x_wconf 87' lang='lat' dir='ltr'><strong>liberos</strong></span> <span class='ocrx_word' id='word_1_512' title='bbox 1393 5030 1417 5074; x_wconf 84' lang='lat' dir='ltr'><strong>te</strong></span> <span class='ocrx_word' id='word_1_513' title='bbox 1435 5039 1482 5076; x_wconf 89' lang='lat' dir='ltr'><strong>oro</strong></span> <span class='ocrx_word' id='word_1_514' title='bbox 1500 5032 1526 5076; x_wconf 88' lang='lat' dir='ltr'><strong>st</strong></span> 
     </span>
     <span class='ocr_line' id='line_1_49' title="bbox 203 5085 587 5148; baseline 0.01 -12"><span class='ocrx_word' id='word_1_515' title='bbox 203 5087 305 5138; x_wconf 81' lang='lat' dir='ltr'><strong>obsecro</strong></span> <span class='ocrx_word' id='word_1_516' title='bbox 323 5085 357 5135; x_wconf 84' lang='lat' dir='ltr'><strong>sd</strong></span> <span class='ocrx_word' id='word_1_517' title='bbox 376 5085 431 5136; x_wconf 79' lang='lat' dir='ltr'><strong>Ati.</strong></span> <span class='ocrx_word' id='word_1_518' title='bbox 453 5088 495 5148; x_wconf 88' lang='grc'><strong>19,</strong></span> <span class='ocrx_word' id='word_1_519' title='bbox 515 5091 542 5148; x_wconf 82' lang='grc'><strong>9,</strong></span> <span class='ocrx_word' id='word_1_520' title='bbox 562 5090 587 5139; x_wconf 92' lang='grc'><strong>1.</strong></span> 
     </span>
    </p>
   </div>
   <div class='ocr_carea' id='block_1_13' title="bbox 0 0 1823 5876">
    <p class='ocr_par' dir='ltr' id='par_1_13' title="bbox 0 0 1823 5876">
     <span class='ocr_line' id='line_1_50' title="bbox 0 0 1823 5876; baseline 0 0"><span class='ocrx_word' id='word_1_521' title='bbox 0 0 1823 5876; x_wconf 95' lang='lat' dir='ltr'><strong> </strong></span> 
     </span>
    </p>
   </div>
  </div>
 </body>
</html>
