3658 5930
297 319 359 380 642
800 315 860 377 ΕΡ.
880 314 932 376 ΑΙ)
953 312 1125 376 truttam

295 493 360 538 uon
389 471 643 540 dissimulationis
669 468 725 536 sed
753 469 857 556 potius
885 468 1023 534 leniendi
1053 478 1085 535 et
1111 469 1238 535 sanandi
1267 469 1361 536 animi
1392 489 1486 534 cansa
1513 463 1624 544 facio,

296 576 412 643 tamen,
441 568 468 632 si
497 564 574 630 mibi
600 565 702 630 minus
728 563 875 650 proficio,
907 563 1095 630 simulationi
1124 575 1208 628 certe
1229 563 1311 628 facio
1333 564 1415 630 satis.
1458 567 1488 628 2.
1510 565 1625 630 Minus

296 661 391 726 multa
420 659 459 726 ad
488 671 518 726 te
546 660 670 744 scripsi,
704 657 789 743 quod
818 657 1036 742 exspectabam
1065 667 1132 722 tuas
1160 657 1278 723 litteras
1306 658 1438 731 adeas,
1475 679 1555 744 quas
1578 655 1625 720 ad

296 765 325 820 te
348 755 449 842 pridie
471 754 629 820 dederam.
671 750 897 837 Exspectabam
918 761 1022 816 autem
1044 752 1180 816 maxime
1198 750 1237 816 de
1251 751 1340 828 fano,
1363 750 1505 817 nonnibil
1519 751 1623 815 etiarn

272 850 334 915 ede
356 849 510 915 Terentia.
552 847 653 913 Velim
682 867 732 910 me
758 844 853 910 facias
875 847 1044 911 certiorem
1065 846 1219 933 proximis
1245 845 1370 919 litteris,
1403 849 1458 911 Cn.
1481 847 1620 930 Caepio,

260 961 274 1019 ,s
296 943 445 1009 Serviliae
469 942 586 1009 Claudii
608 953 712 1027 puter,
735 940 850 1005 vivone
871 951 960 1026 patre
982 961 1040 1004 sno
1062 939 1226 1026 naufragio
1248 939 1395 1026 perierit,
1417 960 1457 1004 an
1472 949 1622 1014 mortuo;

260 1022 369 1102 litem
391 1037 506 1103 Rutilia
525 1037 639 1101 usone
661 1038 694 1102 C.
717 1038 822 1109 Cotta,
852 1033 916 1097 lilio
939 1053 1013 1107 sno,
1045 1043 1169 1098 mortua
1191 1033 1245 1107 sit,
1273 1054 1312 1097 an
1334 1043 1472 1099 mortuo.
1514 1031 1623 1098 Perti-

293 1138 368 1195 nent
389 1129 428 1194 ad
449 1151 521 1195 eum
543 1127 675 1202 librum,
697 1148 790 1215 quem
812 1115 959 1192 del'uctu
980 1126 1150 1191 minuendo
1172 1125 1362 1213 scripsimus.

749 1299 833 1360 xr1.
876 1294 932 1380 (A.
958 1299 990 1360 a.
1013 1298 1045 1361 c.
1067 1295 1159 1376 roa.)

259 1462 285 1499 0
577 1399 580 1408 ’
768 1439 910 1504 acano
932 1439 1077 1503 arrico
1100 1440 1132 1503 s.

379 1577 407 1638 1.
438 1569 515 1656 Legi
543 1568 632 1635 Bruti
659 1568 823 1654 epistolam
852 1589 985 1656 eamque
1013 1567 1069 1633 tibi
1096 1568 1222 1641 remisi,
1255 1589 1330 1634 sane
1357 1589 1420 1633 non
1442 1567 1622 1654 prudenter

292 1667 477 1752 rescriptam
499 1663 615 1738 adea,
648 1685 728 1750 quae
749 1665 949 1753 requisieras.
992 1664 1054 1729 Sed
1075 1665 1143 1750 ipse
1165 1664 1297 1742 viderit;
1329 1685 1518 1751 quamquam
1538 1663 1622 1729 illud

293 1763 427 1847 turpiter
454 1760 595 1845 ignorat:
626 1761 773 1824 Catonem
799 1765 935 1845 primum
964 1759 1146 1823 sententiam
1177 1767 1264 1844 putat
1284 1757 1323 1822 de
1345 1758 1620 1823 animadversione

293 1856 430 1931 dixisse,
464 1874 557 1940 quam
585 1873 694 1918 omnes
722 1864 793 1917 ante
818 1853 964 1918 dixerant
991 1864 1116 1939 praeter
1145 1855 1325 1931 Caesarem
1362 1861 1393 1916 et
1421 1874 1492 1919 cum
1517 1853 1620 1939 ipsius

256 1972 283 2015 ra
294 1949 434 2018 Caesaris
456 1958 519 2013 tam
541 1967 651 2012 severa
673 1945 785 2020 fuerit,
808 1947 861 2032 qui
883 1956 948 2011 tum
971 1946 1132 2032 praetorio
1154 1947 1225 2011 loco
1243 1946 1379 2021 dixerit,
1402 1946 1618 2012 consularium

291 2053 380 2132 putat
401 2041 536 2108 leniores
558 2039 670 2112 fuisse,
703 2039 817 2115 Catuli,
840 2041 985 2116 Servilii,
1014 2041 1231 2114 Lucullorum,
1262 2040 1422 2115 Curionis,
1445 2042 1618 2126 Torquati,

293 2137 421 2224 Lepidi,
453 2133 560 2209 Gellii,
589 2133 737 2208 Volcatii,
766 2133 883 2218 Figuli,
912 2139 1035 2209 Cottae,
1064 2138 1098 2198 L.
1122 2136 1276 2208 Caesaris,
1300 2138 1332 2201 C.
1355 2135 1496 2209 Pisonis,
1520 2135 1618 2198 etiam

293 2236 344 2297 Μ’.
368 2228 561 2300 Glabrionis,
590 2227 703 2300 Silani,
730 2231 896 2302 Murenae,
927 2228 1161 2314 designatorum
1185 2228 1357 2295 consulum.
1402 2231 1465 2294 Car
1485 2248 1561 2313 ergo
1581 2227 1619 2292 in

294 2323 477 2390 sententiam
505 2320 656 2387 Catonis?
694 2321 775 2397 Quia
802 2322 908 2388 verbis
939 2322 1199 2390 luculentioribus
1230 2313 1429 2409 e't’pluribus¹
1445 2343 1513 2387 rem
1543 2342 1619 2386 ean-

256 2417 368 2484 eedem
390 2412 682 2502 comprehenderat.
724 2419 900 2481 Menatem
922 2415 972 2482 bic
994 2416 1115 2493 laudat,
1137 2416 1222 2504 qnod
1238 2417 1428 2490 rettulerim,
1450 2437 1514 2482 non
1531 2414 1617 2504 quod

294 2509 517 2597 patefecerim,
554 2508 735 2574 cohortatus
762 2509 836 2586 sim,
873 2511 958 2598 quod
992 2511 1126 2598 deniqne
1155 2521 1243 2585 ante,
1277 2533 1372 2598 quam
1403 2510 1614 2583 consulerem,

295 2605 364 2690 ipse
385 2602 598 2668 indicaverim.
650 2606 739 2680 Quae
760 2605 881 2680 omnia,
905 2605 978 2693 quia
1000 2609 1075 2672 Cato
1097 2605 1241 2671 laudibus
1269 2605 1424 2670 extulerat
1443 2605 1477 2670 in
1498 2605 1616 2670 caelum

295 2695 580 2784 perscribendaque
602 2707 781 2773 censuerat,
802 2699 921 2765 idcirco
943 2700 975 2764 in
997 2701 1064 2765 eins
1087 2701 1268 2766 sententiam
1291 2710 1338 2764 est
1357 2698 1437 2765 facta
1458 2699 1615 2764 discessio.

296 2791 356 2856 Hic
376 2800 480 2856 autem
503 2811 537 2855 se
563 2791 655 2856 etiam
677 2791 817 2858 tribuere
839 2793 971 2859 ruralium
993 2794 1037 2859 mi
1058 2803 1160 2880 putat,
1194 2793 1280 2880 qaod
1301 2794 1479 2880 scripserit,
1510 2792 1618 2879 „opti-

259 2906 384 2950 rsmum
414 2885 603 2951 consulem.”
648 2887 726 2963 Quis
753 2891 837 2952 enim
866 2888 1003 2954 ieiunius
1032 2888 1112 2953 dixit
1141 2887 1308 2952 inimicust
1344 2888 1392 2953 Ad
1416 2897 1520 2952 cetera
1542 2907 1616 2951 vcro

297 2979 355 3046 tibi
382 2979 646 3066 quemadmodum
676 2982 851 3068 rescripsit!
897 2987 1029 3048 Tantum
1058 2991 1164 3067 rogat,
1197 2980 1236 3046 de
1264 2991 1389 3049 senatus
1414 2981 1556 3046 consulto
1582 2987 1618 3044 ut

297 3073 449 3160 corrigas.
491 3078 560 3140 Hoc
588 3074 714 3160 quidem
735 3075 880 3152 fecisset,
903 3076 997 3141 etiam
1017 3077 1044 3141 si
1065 3077 1190 3158 †Rario
1218 3074 1394 3141 admonitus
1423 3083 1515 3139 esset.
1557 3071 1618 3138 Sed

297 3169 375 3234 baec
393 3170 508 3235 iterum
530 3169 598 3256 ipse
619 3169 744 3235 viderit.
786 3173 817 3235 2.
839 3174 885 3235 De
907 3167 1024 3246 hortis,
1054 3170 1203 3257 quoniam
1225 3167 1359 3255 probas,
1382 3169 1469 3234 effice
1490 3165 1618 3253 aliquid.

298 3263 445 3328 Rationes
475 3285 560 3329 meas
593 3262 686 3328 nosti.
730 3262 764 3328 Si
792 3284 869 3329 vero
899 3265 993 3330 etiam
1023 3287 1041 3330 a
1069 3264 1203 3331 Faberio
1233 3263 1350 3350 aliquid
1371 3262 1506 3336 recedit,
1542 3259 1619 3325 nibil

263 3373 291 3416 ae
299 3357 417 3442 negotii
439 3367 495 3422 est.
538 3355 600 3421 Sed
622 3361 716 3421 etiam
738 3356 804 3422 sine
827 3379 865 3422 eo
887 3379 981 3444 posse
1002 3359 1115 3426 videor
1137 3356 1337 3424 contendere.
1380 3355 1513 3422 Venales
1534 3363 1619 3418 certe

299 3460 370 3516 sunt
390 3451 504 3530 Drusi;
534 3449 667 3516 fortasse
689 3460 720 3515 et
740 3452 880 3516 Lamiani
902 3461 933 3516 et
955 3455 1108 3520 Cassiani:
1142 3453 1198 3519 sed
1219 3473 1335 3518 coram.
1386 3456 1416 3516 3.
1437 3453 1484 3513 De
1505 3453 1621 3512 Feren-

299 3544 341 3609 tia
362 3565 426 3610 non
447 3564 576 3630 possum
597 3543 793 3610 commodius
815 3545 974 3621 scribere,
996 3568 1090 3634 quam
1113 3556 1146 3612 tu
1168 3545 1289 3612 scribis.
1340 3543 1482 3610 Officium
1504 3541 1543 3606 sit
1564 3559 1620 3605 no-

300 3635 348 3702 bis
369 3637 634 3724 antiquissimum;
658 3637 781 3724 siquid
803 3660 860 3704 nos
881 3640 1045 3715 fefellerit,
1069 3640 1154 3706 illius
1176 3640 1258 3705 malo
1279 3659 1331 3705 me
1354 3659 1446 3724 quam
1468 3636 1530 3700 mei
1545 3655 1619 3721 poe-

299 3735 410 3796 nitere.
453 3735 484 3796 4.
508 3731 606 3796 Oviae
628 3734 661 3797 C.
683 3732 776 3798 Lollii
796 3733 934 3800 curanda
956 3744 1029 3800 sunt
1049 3737 1120 3801 HS.
1143 3754 1173 3800 c.
1216 3737 1313 3819 Negat
1333 3736 1413 3797 Eros
1434 3751 1526 3816 posse
1554 3729 1620 3794 sine

371 3952 396 4002 3.
418 3951 455 4000 od
473 3965 517 4000 eae
536 3951 574 4000 ad
590 3965 658 4017 paee
672 3953 763 4014 pridie
780 3954 824 4016 11,
850 3956 887 4004 ad
906 3969 951 4005 eas
968 3971 1036 4020 qaae
1050 3957 1140 4019 pridie
1159 3957 1190 4006 11.
1210 3979 1244 3993 -
1280 3955 1306 4006 4.
1328 3949 1419 4016 etiam]
1438 3957 1527 4002 autem
1545 3951 1568 4001 1.
1589 3973 1620 3986 -

301 4025 328 4074 ’1.
351 4023 467 4086 pertinet
493 4022 517 4072 1.
537 4048 569 4058 -
606 4024 648 4072 11.
672 4023 806 4084 pudenter
833 4038 850 4076 e
878 4027 944 4078 Cod.
973 4028 1041 4077 Ball.
1072 4027 1213 4078 Graevius.
1243 4053 1276 4063 -
1312 4021 1620 4086 1110010013.-

303 4094 346 4144 13.
366 4093 473 4142 levioris
501 4092 522 4142 1.
557 4117 586 4129 -
625 4091 667 4141 18.
692 4090 751 4156 Mn}
771 4109 854 4144 mona
878 4097 921 4157 11,
952 4097 999 4147 Μ’.
1019 4097 1102 4147 Anicii
1119 4099 1150 4148 11.
1173 4121 1201 4134 -
1240 4095 1303 4147 Post
1330 4109 1393 4158 erpo
1418 4095 1479 4144 tort.
1505 4090 1620 4142 excidit:

301 4162 523 4214 1111010101.-
560 4162 605 4212 21.
624 4163 777 4213 cohortatur
795 4166 878 4218 sitit:
900 4167 972 4230 qaod
991 4169 1145 4217 cohortatur
1162 4181 1224 4218 cum
1243 4167 1362 4217 victorio
1383 4165 1412 4214 11.
1435 4187 1465 4199 -
1492 4164 1536 4212 22.
1557 4162 1624 4224 quia

302 4249 358 4287 om.
378 4233 410 4284 tt.
443 4258 474 4269 -
510 4231 554 4281 23.
580 4234 838 4300 praescribendopae
857 4237 879 4288 1.
912 4263 943 4274 -
980 4239 1024 4288 21.
1043 4238 1180 4288 mittut:
1209 4238 1274 4286 mibi
1292 4239 1322 4287 11.
1353 4261 1383 4273 -
1420 4235 1464 4284 25.
1494 4227 1622 4294 ieiunius]

303 4306 410 4354 lentim
431 4303 470 4359 Β.
491 4301 699 4353 1000100101.-
721 4305 765 4356 aa.
784 4309 871 4356 senati
888 4308 1036 4358 Lambinus
1051 4310 1078 4358 in
1092 4322 1147 4371 mg.
1168 4309 1273 4370 Repett.
1292 4331 1322 4342 -
1341 4304 1384 4355 27.
1403 4304 1504 4367 [eciem
1517 4329 1527 4339 -
1539 4313 1624 4351 -eaeee

303 4389 353 4426 eno
373 4373 503 4424 arbitratu
524 4373 671 4423 lirneetiae.
689 4397 716 4409 -
745 4377 769 4424 ei
786 4376 870 4426 llario
889 4380 931 4430 M:
956 4380 980 4428 ei
1001 4378 1078 4427 Tatio
1096 4379 1137 4439 11,
1156 4379 1180 4426 01
1199 4379 1306 4426 Fannio
1326 4376 1354 4435 l,
1379 4377 1403 4424 si
1421 4390 1440 4424 a
1458 4375 1543 4423 ltonio
1561 4385 1624 4422 cnm

304 4446 420 4497 Graerio
439 4445 473 4504 11,
492 4444 516 4491 ri
533 4457 551 4491 o
570 4442 648 4492 Kone
668 4444 735 4504 (Lib.
756 4447 799 4508 13,
818 4449 862 4508 31,
887 4448 927 4509 d.)
951 4450 1118 4499 Tonstallns.
1155 4448 1277 4508 10111110
1298 4448 1378 4495 etiam
1398 4445 1555 4508 Tyrannio,
1574 4444 1622 4490 st.»

304 4513 391 4579 Pras.)
422 4537 452 4549 -
489 4512 533 4562 28.
553 4512 592 4562 De
617 4511 713 4576 bortis]
738 4515 860 4566 aduertit
888 4518 926 4570 11.
956 4543 987 4554 -
1023 4518 1201 4570 2111110010
1231 4517 1335 4580 aliquid
1360 4517 1458 4564 recedit
1476 4511 1625 4563 Cratander

306 4600 368 4636 cunr
396 4583 454 4634 Fz:
479 4582 592 4632 Faberio
616 4584 712 4633 recedit
737 4587 821 4647 11111,
840 4587 952 4638 Faberio
971 4589 1074 4654 aliquid
1093 4589 1193 4639 aceedit
1210 4587 1329 4639 Conrado
1349 4591 1459 4636 auctore
1478 4585 1509 4634 ti.
1539 4581 1623 4646 (Fert.

306 4657 386 4705 000111.
418 4655 481 4708 Oa.)
512 4677 543 4688 —
581 4654 647 4702 nibil
665 4656 689 4702 ei
706 4658 807 4718 nepotis¹
825 4658 847 4707 l.
880 4682 910 4696 -
948 4659 991 4709 31.
1021 4661 1100 4708 druse
1121 4663 1242 4721 perteue
1260 4663 1284 4706 et
1302 4658 1461 4706 tomianitoe
1484 4655 1626 4704 coarianos

307 4727 358 4784 11,
385 4724 471 4774 Druse
488 4725 603 4787 sortasse
622 4729 645 4773 et
667 4723 816 4776 Tamianite
834 4727 960 4780 emesam
978 4730 1017 4789 tt,
1046 4731 1151 4780 Draeae
1167 4732 1283 4795 fortasse
1310 4734 1333 4776 et
1354 4726 1503 4775 Cananitae
1521 4729 1545 4773 et
1564 4725 1626 4774 cns·

307 4797 402 4845 tianae
420 4795 442 4844 l·
480 4793 525 4851 (Ul
544 4807 614 4852 1¹⁰⁸,
634 4795 793 4852 liudulfus.)
822 4822 852 4833 -
888 4800 935 4850 sed
953 4800 1015 4849 baec
1033 4814 1122 4850 eoram
1141 4802 1162 4850 1.
1184 4824 1215 4836 -
1252 4799 1295 4849 at.
1317 4797 1400 4847 Ouiae
1419 4795 1445 4844 C.
1467 4795 1545 4844 Lollii
1564 4795 1627 4845 Cra·

309 4865 422 4916 tander:
450 4862 532 4912 Oatoe
550 4863 578 4914 C.
598 4864 754 4927 10111111,
788 4867 1026 4931 0010101011111,
1056 4871 1155 4920 Omnia
1177 4883 1195 4919 a
1213 4874 1237 4918 te
1255 4869 1340 4919 Laelii
1360 4869 1381 4917 1.
1403 4891 1434 4902 -
1471 4861 1552 4928 Eros]
1569 4866 1626 4929 [ort

307 4934 383 4987 11111.
421 4933 507 4994 (Corr-
529 4934 557 4983 tn
576 4934 637 4983 Asc.
658 4932 728 4999 ecc.)
