3668 5936
349 373 413 436 430
821 373 878 438 m.
903 373 955 436 ,to
976 369 1147 437 A'l'l'lCUhl

350 531 449 597 allatis
475 529 596 598 facilius
622 539 761 596 statuere
786 538 913 615 potero.
942 525 997 594 uhi
1019 528 1088 594 sim.
1142 531 1232 602 Nam,
1264 528 1292 592 si
1319 529 1381 594 crit
1406 547 1522 604 eausa,
1563 528 1600 594 si
1628 529 1716 615 qnid

351 635 478 710 agetur.
509 625 535 690 si
561 644 647 709 spem
677 623 801 698 videro,
834 632 888 688 aut
912 621 1029 687 ibidem
1057 621 1207 708 opperiar
1235 631 1288 686 aut
1308 641 1359 686 me
1380 621 1421 686 ad
1441 633 1473 688 te
1493 621 1715 698 conferam:

350 720 413 795 sin,
446 727 480 784 ut
508 728 542 782 tu
569 717 695 794 scribis,
722 717 779 782 ista
808 717 1004 790 evanuerint,
1034 714 1152 802 aliquid
1179 714 1264 780 aliud
1293 714 1479 782 videbimus.
1550 718 1716 782 Omnino

351 813 452 898 adhue
477 812 553 879 nihil
575 812 651 878 mihi
679 811 857 898 significatis
883 811 943 878 uisi
974 811 1162 877 discordiam
1184 810 1334 889 istorum
1366 832 1447 897 quae
1467 820 1596 876 tamen
1623 811 1715 876 inter

328 925 407 974 seos
434 905 473 972 de
501 905 647 972 omnihus
675 907 779 992 potins
807 905 904 972 rehus
936 915 982 971 est
1004 927 1096 992 mam
1119 905 1158 970 de
1180 925 1241 974 rne.
1293 909 1417 992 ltaque,
1440 905 1521 992 quid
1550 926 1600 970 ea
1626 905 1713 970 mihi

351 997 467 1086 prosit,
490 997 606 1064 nescio.
649 999 710 1066 Sed
731 1010 852 1073 umen,
882 998 986 1086 quoad
1008 1022 1058 1064 me
1080 1021 1137 1066 vos
1158 1019 1286 1086 sperare
1307 999 1415 1074 vultis,
1438 997 1537 1064 vohis
1566 997 1712 1064 obtem-

351 1092 480 1181 peraho.
537 1097 567 1157 2.
589 1096 665 1158 Nam
695 1092 781 1182 quod
811 1115 861 1158 me
891 1103 954 1160 tarn
982 1115 1074 1181 saepe
1101 1103 1133 1158 et
1159 1101 1220 1158 tam
1242 1092 1444 1159 vehementer
1470 1092 1653 1178 obiurgas
1677 1102 1710 1158 el

222 1195 245 1289 h
351 1188 456 1254 animo
484 1183 610 1253 infirmo
633 1208 701 1253 esse
723 1187 817 1262 dicis,
843 1205 977 1274 quaeso,
1007 1185 1129 1274 ecquod
1158 1197 1276 1252 tantum
1304 1187 1419 1252 malurn
1441 1197 1503 1262 est,
1540 1187 1708 1274 quodie

244 1355 250 1381 P
351 1303 422 1348 mea
449 1281 621 1348 calamitate
651 1304 715 1350 non
744 1281 804 1348 citt
837 1281 949 1378 ecquisz
974 1303 1111 1368 unquam
1140 1289 1203 1344 tam
1232 1301 1272 1344 ex
1298 1281 1403 1367 amplo
1425 1289 1529 1356 statu,
1569 1280 1706 1346 tamin

237 1386 261 1433 ·ι’
307 1375 435 1463 globosa
455 1395 563 1449 eausa,
585 1375 677 1441 tantis
698 1376 893 1442 facultatibus
913 1375 1046 1460 ingenii,
1069 1373 1206 1449 consilii,
1229 1375 1363 1460 gratiae„
1395 1375 1487 1441 tantis
1508 1374 1705 1462 praesidiis

304 1466 319 1539 l
351 1469 508 1536 honorum
529 1469 668 1535 omnium
692 1469 846 1535 concidit?
888 1474 1018 1536 Possum
1039 1467 1196 1544 oblivisci,
1218 1490 1274 1574 qm
1294 1468 1432 1536 luerim?
1452 1491 1516 1535 non
1543 1471 1701 1542 sentire,

306 1550 329 1618 h
352 1563 406 1652 qni
427 1563 507 1628 siml
535 1583 600 1649 quo
621 1583 745 1628 caream
767 1563 903 1638 honore,
932 1585 993 1652 qna
1014 1563 1131 1647 gloria,
1153 1560 1266 1649 quibus
1288 1562 1411 1638 liberis,
1436 1561 1557 1650 quihus
1587 1563 1702 1628 fortn-

351 1658 416 1731 nis,
445 1677 509 1744 quo
538 1655 655 1722 fratre?
683 1679 776 1744 quem
797 1678 857 1743 ego
885 1696 926 1706 -
954 1667 989 1722 ut
1010 1677 1126 1722 novum
1147 1655 1328 1723 calamitatis
1350 1678 1448 1742 genus
1469 1657 1630 1723 attendas
1655 1693 1696 1703 -

351 1773 421 1818 cnm
451 1751 550 1838 plmis
571 1750 706 1817 lacerem
729 1773 823 1839 quam
844 1751 1016 1838 meipsum
1039 1770 1225 1838 semperque
1247 1748 1404 1825 iecissem,
1432 1749 1546 1823 vitavi,
1575 1771 1625 1814 ne
1651 1749 1699 1813 vi-

316 1845 477 1922 ¹⁵derem,
506 1867 547 1910 ne
567 1853 621 1911 aut
643 1844 727 1911 illins
747 1846 864 1912 luctum
886 1845 1127 1931 squaloremque
1149 1843 1320 1929 aspicerem
1342 1852 1396 1907 aut
1416 1864 1482 1916 me,
1504 1865 1614 1930 quem
1640 1843 1694 1907 ille

352 1937 606 2005 florentissimum
627 1939 811 2024 reliquerat,
833 1938 988 2025 perditum
1010 1938 1055 2003 illi
1077 1938 1286 2023 alllictumqne
1308 1937 1467 2004 ollerrem.
1510 1939 1616 2022 hlitto
1641 1958 1696 2002 ce-

350 2042 417 2100 tera
438 2031 657 2098 intolerabilia.
699 2032 820 2097 Etenim
839 2031 914 2099 ssetu
932 2031 1096 2118 impedior.
1140 2033 1198 2098 llic
1220 2040 1324 2097 utrum
1348 2031 1471 2096 tandem
1492 2053 1566 2096 sum
1593 2051 1692 2096 accu-

350 2125 480 2201 sandus,
508 2125 594 2213 quod
621 2124 729 2201 doleo,
757 2148 814 2202 an,
843 2125 927 2213 quod
948 2127 1105 2201 commisi,
1128 2138 1163 2191 ut
1183 2125 1259 2190 haec
1280 2135 1334 2190 aut
1354 2147 1418 2190 non
1438 2127 1621 2190 retinerem
1649 2159 1690 2172 -

350 2219 435 2306 quod
464 2217 555 2284 facile
583 2217 709 2294 luisset,
743 2217 805 2284 nisi
830 2219 911 2284 intra
936 2220 1071 2305 parietes
1097 2240 1185 2285 meos
1213 2219 1252 2284 de
1280 2239 1350 2283 mea
1376 2219 1515 2305 pernicie
1543 2219 1688 2284 consilia

314 2312 505 2378 roinirentm
532 2347 589 2384 —,
617 2319 671 2376 aut
698 2321 782 2376 certe
808 2317 899 2379 vivus
925 2333 990 2378 non
1020 2313 1221 2380 amitterem?
1263 2317 1293 2378 3.
1315 2316 1401 2378 Haec
1422 2333 1461 2378 eo
1483 2311 1621 2400 scripsi,
1651 2320 1688 2378 ut

350 2405 455 2491 potius
482 2402 639 2470 relevares
660 2426 727 2481 me,
757 2406 842 2492 quod
863 2406 955 2480 lacis,
985 2427 1078 2493 quam
1099 2417 1134 2472 nt
1154 2407 1355 2494 castigatione
1377 2416 1431 2472 aut
1452 2405 1684 2491 obiurgatione

351 2497 479 2582 (lignum
499 2507 646 2584 putares;
669 2521 770 2586 eoque
791 2499 832 2565 ad
852 2508 883 2565 te
904 2499 1007 2566 minus
1028 2500 1123 2565 multa
1144 2499 1265 2576 scribo,
1288 2500 1373 2588 quod
1395 2511 1426 2566 et
1446 2521 1599 2565 maerore
1624 2497 1685 2562 irn-

350 2589 462 2678 petlior
484 2599 532 2664 et,
562 2590 645 2678 quod
668 2601 845 2678 exspectem
866 2593 972 2668 istinc,
1001 2597 1099 2679 magis
1127 2591 1246 2670 haheo,
1277 2617 1371 2681 quam
1399 2593 1485 2680 quod
1506 2593 1577 2680 ipse
1602 2592 1682 2659 scri-

351 2682 434 2750 ham.
479 2687 567 2762 Quae
589 2684 615 2750 si
637 2696 730 2751 erunt
750 2687 856 2764 allata,
878 2687 990 2753 faciam
1012 2695 1042 2752 te
1064 2687 1184 2752 consilii
1205 2689 1304 2753 nostri
1326 2687 1504 2753 certiorem.
1547 2691 1622 2758 Tu,
1646 2693 1682 2750 nt

314 2776 588 2854 sacmeleensi,
622 2801 715 2866 quam
735 2780 880 2867 plmimis
901 2780 941 2846 de
962 2779 1057 2847 rebus
1079 2779 1118 2846 ad
1139 2801 1190 2845 me
1211 2779 1305 2846 velim
1326 2779 1462 2856 scribas,
1483 2787 1519 2844 ut
1539 2799 1678 2868 prorsus

350 2891 390 2938 ne
412 2871 487 2959 quid
507 2873 661 2960 ignorem.
702 2879 773 2941 Dat.
795 2894 888 2942 xlm.
909 2875 977 2941 Kal.
1000 2874 1105 2953 Quint
1128 2873 1374 2940 Thessalonicae.

827 3047 882 3110 rr.
924 3043 976 3126 (A.
1002 3045 1034 3110 u
1056 3045 1089 3109 c.
1110 3043 1201 3124 ιιι.)

830 3195 973 3262 cronno
994 3181 1138 3261 linco
1161 3193 1192 3256 a.

435 3323 534 3419 1(Μο
559 3342 591 3400 et
618 3343 689 3401 tuae
717 3334 837 3400 litterae
866 3341 898 3399 et
924 3331 1052 3420 qaridam
1078 3331 1154 3398 honi
1183 3323 1302 3427 nuntii)
1332 3353 1396 3399 non
1417 3335 1544 3422 optimis
1565 3347 1670 3402 tamen

198 3499 205 3513 ,
313 3430 544 3502 canaonem,
558 3426 606 3501 t'et
626 3428 817 3514 exspectatio
843 3437 1018 3494 vestrarum
1046 3425 1219 3492 htteramm
1245 3436 1276 3491 et
1297 3426 1382 3513 quod
1402 3426 1460 3493 tihi
1481 3429 1524 3495 ita
1546 3430 1671 3515 placue-

349 3513 414 3600 rat,
434 3522 536 3588 adhuc
556 3521 793 3588 Thessalonicae
813 3519 993 3631 tenchant.)
1013 3520 1046 3586 Si
1068 3539 1220 3606 accepero
1241 3519 1381 3596 litteras,
1403 3543 1481 3608 quas
1502 3533 1667 3608 exspecto.

349 3617 377 3682 si
404 3637 475 3702 spes
503 3615 563 3682 erit
591 3637 643 3692 ea,
673 3636 754 3702 quae
770 3613 964 3681 ‘mmorihus
992 3613 1201 3689 allerehatm,
1231 3613 1270 3679 ad
1298 3622 1329 3679 te
1358 3637 1409 3681 me
1436 3615 1614 3694 conseram
1643 3614 1668 3680 si

349 3731 414 3776 non
435 3709 510 3786 erit,
532 3709 644 3775 faciam
659 3717 689 3775 te
704 3709 888 3800 certiorem,
909 3706 985 3795 quid
1007 3708 1138 3794 egerim.
1180 3711 1211 3773 2.
1232 3712 1280 3772 l¹u
1301 3729 1370 3784 me,
1392 3719 1428 3775 nt
1447 3709 1538 3784 sacis,
1561 3730 1666 3796 opera,
1729 3702 1732 3709 ’

349 3802 497 3876 consilio,
525 3803 624 3889 grath
646 3802 735 3882 iuva;
764 3802 921 3868 consolari
949 3801 1012 3867 iam
1033 3801 1156 3880 desine;
1188 3799 1359 3886 obiurgare
1380 3825 1458 3870 vero
1479 3803 1560 3882 noli;
1583 3801 1667 3888 quod

314 3917 420 3964 ascum
448 3894 541 3971 lacis,
571 3905 605 3962 ut
626 3917 687 3982 ego
709 3907 797 3962 tuum
825 3915 964 3961 amorem
994 3905 1025 3960 et
1046 3895 1188 3961 dolorem
1210 3893 1376 3961 desideret
1407 3902 1508 3977 Quem
1530 3897 1572 3962 ita
1594 3897 1668 3962 alle·

349 3999 433 4054 etum
461 4010 530 4054 mea
559 4010 708 4055 aemmna
735 4009 805 4054 esse
832 3986 984 4062 arbitror,
1012 3996 1048 4053 ut
1073 3998 1104 4053 te
1132 3988 1236 4075 ipsum
1263 3989 1418 4057 consolari
1446 4011 1539 4056 nemo
1561 3990 1665 4077 possit

350 4082 501 4161 Quintum
521 4081 651 4147 fratrem
671 4081 823 4168 optimum
844 4080 1164 4168 humanissimumque
1185 4091 1332 4148 sustenta.
1373 4085 1421 4150 Ad
1441 4106 1509 4158 nse,
1535 4083 1666 4148 ohsecro

264 4178 267 4184 '
349 4184 400 4252 te,
421 4185 456 4240 nt
476 4175 581 4240 omnia
602 4184 686 4241 certa
706 4174 892 4262 perscribas.
933 4175 1309 4254 Dat.1111.llal.Quint.

417 4397 443 4446 t.
462 4402 576 4446 aarum
592 4395 696 4460 [aaran
715 4395 736 4443 ι.
768 4419 800 4432 -
835 4393 863 4445 a.
882 4400 1042 4445 mmmm
1059 4393 1081 4445 1.
1111 4419 1146 4430 -
1180 4395 1254 4445 actua
1271 4395 1372 4460 atqua
1389 4396 1413 4446 1.
1433 4417 1465 4432 -
1500 4395 1527 4446 c.
1547 4396 1616 4459 quoa
1632 4391 1665 4444 aa

348 4466 432 4516 11.-
469 4474 584 4528 spretore
602 4467 634 4516 n.
657 4487 685 4499 -
722 4465 800 4515 uoltis
816 4465 854 4517 hl.
876 4488 907 4500 -
943 4465 968 4514 8.
986 4469 1011 4515 et
1030 4465 1100 4528 quod
1117 4465 1149 4515 n.
1185 4463 1264 4528 (non
1281 4463 1322 4528 Ι.)
1344 4489 1374 4500 -
1410 4461 1457 4527 eat]
1475 4473 1555 4528 puter
1573 4466 1604 4515 a.
1635 4485 1663 4500 ·-

348 4535 376 4586 9.
395 4543 420 4586 et
438 4537 495 4600 quta
513 4537 544 4587 u.
564 4561 596 4572 -
614 4543 669 4586 tem
686 4535 813 4596 retempto
831 4548 849 4586 o
866 4541 939 4585 stuta
957 4531 967 4598 (
977 4535 1004 4584 ln
1022 4537 1134 4593 rasura)
1152 4534 1195 4597 hl,
1214 4549 1247 4585 aa
1264 4542 1320 4586 tam
1338 4536 1427 4599 empto
1443 4542 1516 4586 statu
1534 4535 1555 4584 l.
1587 4533 1663 4597 (Cor

349 4611 452 4656 rectum
470 4612 511 4656 est
529 4607 555 4655 tn
575 4603 620 4670 ll.)
656 4629 680 4641 -
716 4611 771 4654 tum
789 4617 843 4654 om.
862 4603 908 4664 ll,
933 4606 964 4654 tn
980 4611 1036 4654 tum
1054 4605 1076 4655 1.
1114 4602 1167 4670 (Ut
1185 4619 1250 4668 noa,
1278 4604 1331 4664 ll.)
1351 4631 1381 4642 —
1418 4607 1461 4656 11.
1487 4604 1550 4670 quid
1573 4606 1664 4668 martur

349 4675 414 4727 Cod.
435 4675 549 4726 ltetmst.
576 4699 607 4711 -
643 4675 687 4725 12.
706 4674 768 4737 quid
792 4677 842 4724 um
867 4673 928 4724 llll·
965 4675 1158 4739 ctum-15,
1185 4676 1212 4726 2.
1245 4701 1274 4713 -
1311 4674 1355 4725 14.
1374 4672 1449 4738 cum]
1477 4689 1554 4739 quom
1571 4675 1608 4725 hl.
1635 4695 1662 4710 ·-

350 4746 392 4797 ta.
411 4745 497 4810 [mlta
515 4745 547 4795 ll.
576 4768 607 4781 ·-
642 4745 687 4793 20.
705 4745 782 4793 cartis
799 4743 831 4793 lt.
864 4769 896 4778 -
931 4758 985 4795 uon
1003 4745 1103 4808 thltl,
1132 4745 1196 4796 ttem
1215 4745 1361 4795 Lambinus
1381 4746 1408 4795 tn
1427 4745 1504 4796 Coris
1522 4745 1661 4795 meantis:

349 4829 404 4866 om.
423 4814 656 4876 concretarum,
674 4818 869 4863 nuncruetore
887 4814 966 4864 Bouto
985 4814 1016 4865 E.
1044 4839 1075 4852 -
1110 4815 1155 4866 at.
1172 4815 1289 4866 acuns
1308 4822 1355 4865 aaa
1374 4815 1417 4865 m.
1442 4841 1476 4852 -
1510 4816 1555 4865 ait.
1577 4808 1661 4880 eoque]

349 4891 421 4948 atqua
439 4899 480 4948 pr.
500 4885 536 4936 hl.
560 4907 586 4920 -
624 4883 687 4949 qvttd
705 4883 727 4932 1.
748 4905 779 4919 -
815 4883 860 4933 23.
878 4884 1009 4947 quidhll.
1030 4909 1061 4923 -
1096 4885 1141 4937 hh.
1160 4884 1254 4940 mum
1273 4885 1463 4938 stmulonleo.
1481 4884 1533 4936 Or.
1552 4910 1585 4920 -
1621 4883 1660 4936 th·

349 4962 501 5005 nostrarum
519 4955 541 5004 1.
563 4977 591 4992 -·
627 4952 672 5004 38.
691 4959 720 5004 ut
739 4965 795 5003 om.
814 4952 846 5004 ll.
