3658 5930
313 345 375 408 610
803 340 864 404 ΕΡ.
885 340 937 402 ΑΙ)
959 339 1133 402 ATTICUM

314 501 426 570 Cluatii
448 541 504 576 -,
527 519 628 586 neque
650 496 690 563 de
711 517 748 563 re
769 533 810 546 -
832 505 978 563 statutum
999 505 1047 561 est
1067 495 1149 560 enim
1172 529 1203 542 -
1223 525 1238 570 ,·
1255 495 1379 562 deloco
1396 516 1671 584 nonnunquam.

313 597 413 666 Velim
435 601 532 682 igitur
553 593 681 678 cogites.
738 597 821 678 Ego,
855 602 1003 677 quantum
1030 589 1078 655 bis
1101 588 1295 676 temporibus
1323 600 1385 655 tam
1408 590 1555 655 eruditis
1586 589 1672 654 fieri

313 690 443 777 poterit,
466 689 606 775 proiecto
621 688 705 753 illam
720 685 911 753 consecrabo
927 686 1012 751 omni
1027 705 1143 770 genere
1157 683 1420 750 monimentorum
1436 683 1475 749 ab
1489 685 1671 749 omnium

313 785 446 870 ingeniis
468 793 663 870 sumptorum
693 792 724 846 et
746 785 937 847 Graecorum
959 789 990 844 et
1010 779 1211 856 Latinorum
1247 800 1327 865 quae
1356 800 1407 844 res
1437 779 1594 843 forsitan
1623 779 1671 843 sit

292 878 498 947 arciricatura
519 878 631 943 vulnus
652 897 768 941 meum.
819 875 880 940 Sed
903 879 964 939 iam
986 872 1076 960 quasi
1097 882 1172 937 voto
1194 871 1329 959 quodam
1351 885 1381 937 et
1403 873 1579 958 promisso
1607 893 1669 936 me
1780 909 1781 924 ι

316 975 415 1039 teneri
443 981 536 1058 puto;
573 972 763 1058 longumque
784 969 861 1034 illud
883 978 1024 1054 tempus,
1058 986 1130 1032 cum
1151 987 1214 1030 non
1236 987 1311 1041 ero,
1334 968 1432 1050 magis
1455 989 1503 1032 me
1533 977 1671 1032 movet
1780 1029 1781 1036 ,

314 1089 407 1154 quam
428 1066 489 1131 hoc
509 1065 672 1150 exiguum,
711 1064 796 1151 quod
818 1063 893 1130 mibi
914 1075 1018 1128 tamen
1040 1061 1171 1126 nimium
1194 1061 1321 1146 longum
1343 1061 1477 1128 videtur.
1526 1061 1668 1127 Habeo

315 1161 398 1226 enim
427 1160 519 1232 nibil,
555 1159 680 1224 tentatis
701 1158 797 1224 rebus
819 1155 980 1230 omnibus,
1014 1155 1132 1242 inquo
1164 1161 1367 1242 acquiescam.
1425 1159 1523 1230 Nam,
1575 1156 1668 1220 dum

315 1253 390 1321 illud
413 1251 596 1327 tractabam,
619 1251 658 1318 de
680 1273 743 1338 quc
765 1261 835 1317 ante
858 1251 897 1316 ad
919 1260 948 1315 te
972 1249 1099 1337 scripsi,
1123 1252 1212 1336 quasi
1231 1248 1376 1316 fovebam
1392 1248 1521 1314 dolores
1542 1271 1666 1316 meos.

281 1353 401 1413 soNunc
431 1347 535 1413 omnia
563 1369 698 1433 respuo;
733 1366 790 1411 uec
818 1344 990 1433 quidquam
1019 1343 1121 1411 habeo
1155 1343 1348 1409 tolerabilius
1377 1365 1469 1430 quam
1491 1343 1666 1408 solitudi-

316 1462 403 1515 nem,
433 1463 541 1527 quam,
575 1442 659 1528 qund
688 1461 772 1506 eram
794 1440 928 1514 veritus,
964 1460 1028 1504 non
1049 1437 1229 1505 obturbavit
1250 1439 1420 1524 Philippus.
1473 1441 1583 1510 Nam.
1625 1451 1665 1503 ut

315 1535 385 1600 heri
417 1556 467 1600 me
498 1535 657 1610 salutavit,
693 1535 796 1601 statim
826 1539 957 1600 Romam
985 1532 1143 1618 proiectus
1174 1542 1231 1598 est.
1274 1539 1303 1598 2.
1326 1531 1510 1618 Epistulam,
1547 1553 1664 1619 quam

315 1628 356 1694 ad
377 1631 520 1703 Brutum,
554 1640 588 1694 ut
618 1627 675 1694 tibi
704 1629 881 1716 placuerat.
915 1628 1042 1713 scripsi,
1073 1626 1144 1693 misi
1176 1626 1216 1693 ad
1242 1637 1282 1692 te.
1336 1624 1466 1692 Curubis
1488 1646 1572 1690 cum
1600 1636 1662 1690 tua

315 1721 544 1809 perferendam.
587 1724 662 1790 Eius
685 1733 787 1788 tamen
809 1721 879 1788 misi
902 1721 939 1788 ad
962 1732 992 1787 te
1014 1722 1205 1807 exemplum,
1232 1732 1283 1796 ut,
1311 1721 1462 1786 siminus
1485 1721 1661 1806 placeret,

282 1838 355 1881 asne
377 1816 526 1882 mitteres.
570 1821 601 1882 3.
628 1817 805 1883 Domestica
826 1816 912 1903 quod
932 1816 978 1882 ais
1000 1816 1111 1881 ordine
1132 1814 1357 1888 administrari,
1395 1814 1534 1888 scribes,
1564 1837 1658 1901 quae

316 1911 377 1975 siut
397 1932 443 1976 ea.
488 1911 648 1988 Quaedam
671 1911 753 1975 eninr
776 1920 937 1995 exspecto.
994 1909 1142 1975 Cocceius
1163 1909 1235 1973 vide
1264 1929 1303 1972 ne
1324 1908 1502 1974 frustretur.
1569 1915 1659 1974 Nam

315 2003 394 2070 Libo
422 2004 505 2090 quod
534 2006 714 2091 pollicetur,
742 2013 777 2070 ut
806 2009 887 2070 Eros
915 2001 1041 2077 scribit,
1078 2024 1141 2067 non
1168 2003 1322 2069 incertum
1346 2013 1431 2089 puto.
1480 2007 1528 2067 De
1556 2013 1656 2067 sorte

315 2119 385 2162 mea
407 2098 545 2184 Sulpicio
568 2098 691 2164 conlido
713 2109 744 2164 et
765 2099 897 2184 Egnatio
919 2099 1046 2166 scilicet.
1090 2103 1136 2162 De
1158 2097 1327 2183 Appuleio,
1360 2096 1522 2182 quidest,
1558 2094 1657 2181 quod

316 2189 456 2266 labores,
487 2211 557 2256 cum
579 2193 618 2258 sit
639 2194 799 2259 excusatio
829 2191 953 2258 lacilist
983 2196 1013 2260 d.
1035 2191 1106 2256 Tibi
1127 2191 1167 2256 ad
1188 2212 1239 2256 me
1261 2192 1387 2266 venire,
1422 2200 1457 2255 ut
1478 2190 1653 2264 ostendis,

278 2284 409 2358 arride,
445 2306 485 2349 ue
514 2306 577 2350 non
605 2286 644 2350 sit
672 2286 772 2352 facile.
815 2290 869 2351 Est
901 2287 983 2351 eninr
1013 2286 1141 2371 longum
1172 2285 1252 2358 iter,
1289 2283 1570 2370 discedentemque
1601 2293 1654 2352 te.

317 2377 404 2464 quod
432 2379 578 2444 celeriter
607 2377 663 2444 tibi
690 2380 750 2445 erit
771 2379 904 2445 sortasse
925 2379 1116 2454 laciendum,
1147 2400 1211 2445 non
1232 2379 1300 2445 sinc
1321 2399 1435 2462 magno
1457 2375 1577 2443 dolore
1603 2377 1653 2441 di·

318 2470 448 2535 mittam.
491 2470 552 2537 Sed
581 2478 702 2546 omnia,
739 2483 774 2539 ut
802 2473 899 2538 voles.
942 2479 1008 2559 Ego
1031 2474 1133 2549 enim,
1170 2471 1323 2561 quidquid
1345 2471 1473 2547 loceris,
1510 2471 1547 2537 id
1572 2491 1653 2536 cum

318 2575 421 2642 recte,
444 2575 510 2633 tum
531 2567 624 2633 ctiam
646 2588 714 2632 mea
737 2587 829 2633 causa
849 2567 966 2633 lactum
988 2566 1116 2654 putabo.

674 2749 789 2813 XVIII.
810 2768 840 2812 a.
885 2748 1040 2826 [CICERO
1062 2749 1207 2814 ATTICO
1230 2747 1273 2832 S]

280 2900 309 2946 ῃ,
404 2872 431 2933 1.
455 2868 545 2960 Heri,
574 2889 644 2933 cum
673 2889 713 2934 ex
741 2869 876 2935 aliorum
896 2868 1008 2934 litteris
1033 2869 1251 2953 cognovissem
1273 2867 1312 2934 de
1333 2868 1458 2934 Antonii
1482 2868 1649 2940 adventu,

318 2962 488 3029 admiratus
518 2984 587 3028 sum
617 2963 693 3029 nihil
722 2984 791 3028 esse
819 2963 851 3028 in
881 2963 953 3029 tuis.
997 2963 1059 3028 Sed
1090 2971 1178 3027 eraut
1209 2962 1311 3048 pridie
1341 2963 1473 3028 tortasse
1501 2963 1646 3048 scriptae

319 3077 411 3143 qnam
435 3058 533 3123 datae.
576 3062 683 3145 Neque
704 3057 761 3122 ista
783 3057 910 3144 quidem
932 3078 1020 3123 curo.
1063 3057 1124 3122 Sed
1147 3066 1249 3122 tamen
1272 3057 1386 3143 opinor
1401 3067 1532 3143 propter
1549 3077 1648 3144 prae-

320 3149 375 3214 dcs
407 3172 481 3217 suos
511 3152 735 3217 accucurrisse.
777 3155 808 3215 2.
841 3151 935 3228 Quod
957 3149 1085 3223 scribis,
1122 3152 1298 3216 Terentiam
1321 3150 1360 3215 de
1382 3148 1645 3236 obsignatoribus

319 3243 382 3309 mei
403 3245 579 3310 testamenti
601 3245 702 3332 loqui,
725 3245 863 3331 primum
885 3245 941 3310 tibi
964 3245 1117 3331 persuade
1140 3266 1191 3310 me
1213 3245 1308 3310 istaec
1330 3265 1393 3309 uon
1407 3265 1518 3310 curare
1535 3265 1645 3331 neque

282 3371 310 3412 ³0
320 3359 388 3404 esse
403 3339 573 3426 quidquam
589 3349 642 3404 aut
656 3359 771 3425 parvae
786 3359 879 3404 curae
890 3349 944 3404 aut
958 3359 1057 3404 novae
1072 3339 1142 3404 loci.
1165 3339 1228 3404 Sed
1241 3349 1345 3404 mmeu
1357 3339 1432 3424 quid
1443 3337 1571 3404 similet
1588 3337 1643 3402 llla

320 3451 376 3497 eos
397 3452 460 3496 non
482 3431 643 3506 adhibuit,
667 3455 747 3520 quos
768 3433 958 3498 existimavit
973 3433 1186 3519 quaesituros,
1210 3433 1267 3498 nisi
1283 3438 1431 3508 scissent,
1453 3432 1528 3519 quid
1545 3441 1642 3498 esset.

320 3528 399 3588 Num
431 3525 465 3590 id
495 3527 587 3590 etiam
616 3527 693 3592 mibi
725 3527 856 3613 periculi
884 3527 965 3593 luitt
1009 3527 1071 3592 Sed
1099 3536 1203 3592 tamen
1231 3525 1323 3591 iaciat
1350 3527 1418 3598 illa,
1451 3526 1535 3613 quod
1570 3547 1643 3609 ego.

320 3615 409 3682 Dabo
432 3638 536 3684 meum
559 3629 774 3686 testamentum
797 3619 962 3705 legendum
984 3621 1035 3687 cui
1057 3620 1206 3698 voluerit;
1239 3621 1391 3705 intelliget
1412 3641 1475 3685 non
1497 3623 1641 3705 potuisse

320 3709 578 3780 honorificentius
607 3735 624 3780 a
652 3736 702 3779 me
731 3714 798 3780 lieri
828 3715 868 3781 de
895 3725 1023 3801 nepote,
1060 3736 1153 3802 quam
1186 3714 1323 3780 fecerim.
1367 3718 1443 3779 Nam
1465 3713 1552 3802 quod
1576 3734 1639 3778 non

282 3804 469 3880 ..advocavi
496 3807 536 3872 ad
564 3807 806 3894 obsignandum,
840 3809 976 3894 primum
999 3808 1075 3874 mihi
1097 3829 1160 3874 non
1182 3809 1266 3873 venit
1288 3809 1319 3873 in
1342 3818 1494 3886 mentem;
1524 3805 1640 3873 deinde

320 3919 357 3963 ea
379 3919 415 3964 re
436 3921 499 3966 non
521 3903 618 3975 venit,
643 3902 715 3989 quia
737 3902 812 3967 nibil
834 3907 967 3968 attinuit.
1009 3908 1088 3968 Tute
1110 3905 1170 3967 scis
1193 3935 1231 3946 -
1255 3903 1282 3969 si
1305 3901 1399 3968 modo
1415 3902 1585 3968 meministi
1598 3935 1639 3948 -·

319 4013 370 4058 me
391 3992 448 4059 tibi
471 4005 535 4061 tum
559 3995 692 4072 dixisse,
714 4005 749 4062 ut
770 3996 809 4061 de
830 3997 890 4062 tuis
912 3996 1034 4083 aliquos
1055 3996 1243 4074 adduceres;
1265 3997 1341 4083 quid
1362 3997 1445 4063 euim
1468 4016 1548 4081 opus
1571 4001 1638 4060 erat

320 4087 451 4156 multist
485 4092 638 4178 Equidem
661 4091 848 4158 domesticos
870 4092 1033 4158 iusseram.
1076 4095 1154 4156 Tum
1176 4090 1233 4156 tibi
1260 4091 1389 4177 placuit,
1425 4102 1460 4158 ut
1480 4092 1636 4158 mitterem

390 4341 415 4393 1.
436 4339 580 4401 electili,
599 4341 682 4392 stoan·
700 4342 721 4391 1.
743 4368 772 4378 -
792 4343 921 4408 neqaede
939 4357 967 4393 re
985 4357 1039 4392 orn.
1060 4343 1135 4391 1.—
1170 4343 1197 4392 2.
1217 4343 1469 4405 eruditisqunntum
1487 4343 1544 4407 pert
1562 4342 1582 4390 l.
1607 4359 1633 4372 -

320 4409 346 4458 3.
371 4413 489 4473 poenam
516 4411 568 4463 ΜΙ.
600 4432 631 4446 -
665 4412 693 4461 t.
720 4419 883 4475 sumptorum
909 4413 932 4463 R
958 4419 984 4463 et
1008 4411 1073 4462 Cod.
1095 4413 1453 4475 iumg.1tepett.Lamb.:
1480 4415 1636 4476 scriptorum

318 4479 392 4530 ttttt.
423 4507 452 4517 -
489 4481 515 4532 5.
535 4481 627 4530 volnus
648 4481 684 4532 Μ.
706 4507 737 4518 -·
774 4483 798 4532 ⁸.
820 4479 898 4546 enlm]
918 4488 1005 4532 tamen
1024 4483 1054 4533 u.
1086 4507 1117 4520 -
1153 4483 1179 4533 3.
1209 4484 1325 4533 entend
1343 4485 1475 4545 tescra'psl
1499 4483 1633 4533 Orellius:

318 4551 355 4600 od
373 4557 398 4600 te
423 4557 485 4600 nate
506 4553 599 4614 scripsi
617 4552 639 4601 n
657 4557 684 4601 et
701 4565 771 4602 corr.
791 4553 834 4613 Μ,
854 4553 890 4603 nd
909 4561 934 4603 te
950 4555 1044 4616 ecrtprs'
1063 4567 1102 4616 pr.
1123 4552 1167 4609 Μ,
1189 4561 1268 4602 anteo
1291 4555 1385 4616 scrtpat
1403 4553 1439 4603 ad
1457 4561 1483 4604 te
1501 4554 1544 4603 113.
1581 4548 1633 4602 Cir·

320 4620 488 4682 ssp.1e,u.
510 4645 541 4656 -
576 4624 618 4672 to.
639 4619 723 4686 Nunc]
742 4635 788 4673 nec
806 4625 838 4674 u.
861 4648 888 4660 -
919 4625 960 4673 11.
979 4637 1070 4688 quom,
1091 4620 1169 4688 quod]
1187 4638 1249 4673 nom
1268 4624 1336 4686 quod
1356 4637 1396 4686 pr.
1417 4624 1455 4676 Μ.
1479 4649 1503 4658 -
1534 4623 1576 4673 13.
1595 4613 1633 4679 stt]

318 4698 343 4740 et
363 4704 403 4753 pr.
423 4690 461 4740 Μ.
483 4714 513 4727 -
550 4690 592 4742 13,
610 4699 671 4742 sunt
689 4693 709 4741 l.
734 4720 761 4731 -
801 4693 843 4742 17.
861 4693 1083 4756 potttcaratartt.
1106 4717 1138 4728 —
1174 4693 1258 4743 Heres
1278 4692 1297 4744 1.
1320 4717 1349 4728 -
1387 4693 1429 4743 13.
1452 4690 1550 4744 Gnatia
1568 4693 1633 4742 1.-

319 4757 398 4824 qnod]
418 4775 469 4825 qno
491 4761 552 4812 titt.
579 4787 610 4798 -
648 4763 691 4813 2³.
711 4760 779 4826 ιιιιιι]
798 4771 853 4814 tum
872 4764 893 4812 1.
930 4787 957 4798 -
994 4765 1039 4814 25.
1058 4762 1133 4825 Hert]
1161 4765 1251 4815 Norae
1278 4762 1413 4826 Eptstotae
1437 4764 1501 4813 btue
1532 4764 1632 4813 initium

319 4828 385 4880 lecit
402 4845 465 4880 cum
482 4831 534 4883 Μι,
556 4832 660 4882 lunius.
682 4859 710 4870 -
749 4834 792 4883 27.
814 4841 901 4884 rumen
919 4847 973 4884 om.
993 4835 1014 4884 a
1033 4839 1060 4884 et
1078 4848 1118 4897 pr·
1137 4835 1175 4886 Μ.
1199 4857 1228 4868 -
1250 4833 1326 4897 pectes
1344 4833 1394 4884 ΜΙ.
1419 4859 1447 4872 -·
1485 4835 1529 4884 38.
1549 4843 1633 4883 occur·

320 4902 383 4950 risse
401 4899 445 4950 31.
467 4924 497 4937 -
533 4901 757 4966 οὺιίριιιιιίοιιίῡιιι
774 4904 807 4954 n.
828 4927 856 4941 -
894 4903 1020 4968 30.1ρια
1039 4905 1155 4955 malebat
1175 4905 1321 4960 Ernestius.
1345 4929 1372 4940 -
1400 4904 1443 4954 31.
1463 4893 1631 4970 quaeritaret]

321 4969 391 5021 Fert.
411 4972 566 5022 tnastrnros.
585 4973 636 5025 Οιι.
657 4998 689 5008 -
724 4973 768 5024 33.
789 4979 972 5026 testamentum
987 4989 1071 5026 meum
1090 4975 1122 5025 n.
1143 4995 1175 5012 -··
1210 4975 1253 5026 33.
1274 4969 1346 5036 qaeu]
1366 4988 1419 5039 que
1436 4975 1474 5028 u.
