3666 5874
262 402 319 454 XVI

261 547 384 620 ninius
405 565 521 616 rursm
542 564 585 614 ex
603 545 669 615 boc
684 565 760 616 csse
774 545 979 635 descriptam
1001 551 1053 636 ai,
1075 547 1164 636 quod
1177 549 1281 639 ionga
1295 549 1401 620 maius
1416 554 1486 631 ost,
1505 553 1602 622 tuac·

262 649 390 720 damam
411 669 671 742 cognoscemus,
704 650 782 738 quid
804 651 989 720 Pctrarcba
1009 654 1133 744 ingerit
1153 655 1188 719 in
1210 657 1337 722 rasuris
1357 657 1484 742 aliquot
1504 655 1588 724 bic-

262 752 347 822 dicei
368 755 605 843 antiquissimi,
625 755 774 824 fortasse
795 755 970 832 acolacio
991 759 1050 824 aut
1072 755 1240 824 Pottttano
1262 759 1372 826 iactis.
1413 758 1454 826 id
1476 762 1588 828 tamen

260 863 341 928 ants
363 860 472 927 omnir
492 858 670 930 tenendum
692 863 764 948 cst,
787 877 1005 948 quaecunque
1027 857 1088 930 Cd.
1102 859 1176 928 Md.
1192 859 1255 928 IX.
1271 860 1375 937 babet
1395 880 1418 928 a
1439 862 1588 932 sccurtda

260 980 377 1050 mana,
407 964 466 1035 vel
486 965 698 1033 necessarias
719 964 947 1036 currcctioncs
967 983 1044 1032 essa
1064 965 1312 1034 mauiiastorum
1335 985 1499 1058 errorum,
1531 968 1588 1034 voi

261 1068 472 1139 coniecturas
494 1068 614 1153 panim
634 1085 754 1159 veroa,
783 1069 903 1154 partim
925 1068 1049 1155 iaicas,
1079 1071 1268 1156 neutiquam
1287 1071 1403 1138 uanas
1423 1071 1588 1140 medones

262 1188 306 1241 ex
332 1173 399 1240 aiio
425 1170 543 1243 codice
571 1171 718 1243 innume
744 1173 933 1258 antiquiore
959 1172 1017 1242 uei
1043 1171 1199 1242 divorsae
1218 1174 1338 1245 ιιιΙιιιιι
1360 1175 1500 1263 originis
1521 1172 1588 1243 dc„

261 1279 462 1362 monnau,
479 1275 514 1344 id
543 1273 633 1362 quod
659 1277 693 1345 iu
714 1276 858 1367 singuiis
878 1275 978 1346 incida
1000 1274 1218 1347 demonstrari
1240 1281 1356 1365 posset
1375 1279 1421 1346 ab
1443 1295 1503 1368 eo,
1535 1279 1587 1346 cri

260 1379 409 1450 codicum
430 1382 538 1466 ipsum
560 1381 666 1450 ocutis
686 1399 850 1468 ιιιιιιριιιο
870 1398 912 1449 ιο
933 1378 1114 1474 diiigenter
1143 1382 1252 1453 omnia
1272 1382 1481 1474 inuestigare
1502 1399 1588 1452 con-

261 1501 390 1556 cessam
414 1487 516 1554 essai.
1246 1555 1252 1568 ,

344 1589 417 1659 lam
437 1589 471 1660 id
493 1589 593 1660 veiim
605 1587 779 1676 attendas,
802 1607 917 1658 omncs
932 1606 1072 1676 prorsus
1086 1586 1186 1682 cdd,
1209 1609 1345 1677 auorum
1360 1593 1456 1660 actas
1470 1610 1492 1660 o
1505 1591 1589 1660 utris

260 1693 358 1762 bidus
379 1695 464 1765 artis
485 1693 732 1782 diplomaticae
754 1694 891 1784 peritis,
912 1695 1101 1764 accuratius
1122 1699 1177 1764 est
1198 1693 1352 1784 definita,
1374 1713 1450 1764 esse
1471 1691 1588 1764 Samnii

260 1800 318 1866 vci
339 1797 435 1866 XIV.
455 1797 512 1864 vol
540 1798 732 1884 plerumque
764 1795 858 1883 XV„
892 1798 989 1868 trium
1017 1799 1121 1890 igitur
1148 1799 1335 1868 seculorum
1361 1801 1590 1869 tntarvaiioa

259 1901 418 1972 Mediana
446 1904 634 1987 separatos.
676 1901 784 1970 Huius
804 1903 940 1992 generis
962 1921 1023 1988 pro
1046 1904 1140 1970 certo
1162 1904 1243 1970 novi
1265 1921 1379 1972 amnes
1399 1902 1483 1973 cdd.
1503 1904 1589 1972 Flo.

260 2007 412 2076 reatinos
440 2007 576 2090 praeter
603 2008 752 2077 nocuum
784 1995 841 2086 (v.
857 1998 1114 2092 Buctdtutunc),
1147 2006 1391 2074 Ambrosianus
1418 1998 1474 2089 (v.
1496 2005 1590 2084 Muti

263 2105 336 2180 oce.
356 2100 539 2190 Ambrae.)
546 2159 557 2198 7
580 2108 851 2179 Parrarmitanum
873 2112 908 2175 et
925 2108 1203 2199 Agrigentinum,
1225 2114 1314 2180 testa
1335 2113 1441 2184 amico
1463 2110 1589 2181 Goatt-

260 2215 385 2304 lingis,
420 2212 623 2300 Bounimon,
653 2213 796 2280 alterum
818 2211 859 2280 N.
879 2209 1057 2300 cmx,
1090 2215 1229 2280 aiterum
1251 2214 1409 2285 item.
1430 2217 1589 2302 amintam

254 2311 323 2403 'ura
355 2315 589 2388 &rarissimo
618 2323 654 2386 et
680 2317 971 2388 eccellentissimo
998 2315 1129 2386 Menti
1149 2315 1300 2386 Domino
1320 2309 1417 2402 (sio)
1449 2317 1589 2386 Veneto

260 2422 318 2493 dte
339 2419 397 2493 18
421 2425 550 2492 ammte
575 2417 794 2508 cepimus-n
823 2409 947 2492 1423.
980 2419 1193 2492 Bresdcnses
1214 2424 1248 2488 ct
1270 2419 1590 2508 tinelpbcrbytanos

262 2515 320 2606 [v.
344 2523 473 2599 Biertt
498 2528 679 2616 mnusque
706 2517 948 2594 Bibliothecae
973 2516 1194 2615 catalanos),
1223 2524 1510 2597 Vraticiauicnsas
1531 2516 1587 2608 (u.

263 2619 535 2715 marnaio),
567 2625 740 2701 Ciasnseru
764 2619 821 2710 [v.
838 2620 1028 2720 Dacicae),
1063 2627 1305 2714 reinnerus,
1336 2627 1467 2719 Regios
1488 2629 1589 2698 Pari-

260 2733 407 2817 starrsas,
428 2734 516 2800 teste
538 2751 611 2800 mea
633 2733 756 2816 amico,
779 2727 900 2807 Carbia
922 2731 1108 2802 Benedicta
1131 2733 1228 2802 Hans
1249 2733 1291 2806 V.
1311 2729 1360 2802 ci
1367 2752 1378 2818 3
1409 2733 1589 2803 Basticca-

260 2855 331 2916 seru
361 2836 646 2910 membranaceum
678 2841 713 2903 et
744 2831 782 2905 S.
810 2837 1001 2908 animumn
1032 2853 1200 2926 naucum,
1230 2835 1462 2926 chartaceum,
1494 2855 1588 2924 quem

260 2944 435 3027 mumque
455 2941 530 3028 ipsc
551 2940 756 3026 examinare
777 2938 927 3013 idcm'dc
944 2939 1168 3025 manationis,
1188 2939 1453 3027 Gebhnrdtaais,
1474 2940 1589 3014 urm„
1619 2945 1625 2960 ’

260 3040 620 3128 viants‚Scae1siano,
643 3043 881 3136 angariensi,
905 3040 1153 3117 oxoniensibus
1166 3061 1208 3112 ao
1222 3047 1279 3116 rel
1300 3047 1374 3131 inno
1396 3044 1589 3116 Erfuctcnsi

260 3169 357 3221 nemo
373 3165 500 3240 nagera
514 3147 660 3222 audebit.
702 3145 845 3219 Omnino
860 3151 988 3236 numm,
1010 3166 1055 3216 ex
1076 3168 1141 3236 quo
1161 3147 1246 3218 tidd.
1267 3148 1450 3236 antiquitas
1471 3149 1589 3222 meiius

261 3251 434 3330 diiudicari
456 3255 580 3338 coapta
601 3255 672 3338 est,
694 3270 790 3323 namo
811 3251 921 3320 adbuc
941 3254 1084 3322 exortus
1105 3271 1181 3323 coac
1201 3251 1350 3337 vidctur,
1377 3255 1437 3338 qui
1456 3254 1589 3342 gioria«,

259 3362 355 3426 retur
382 3376 405 3426 ι
435 3375 473 3424 sc
504 3359 684 3426 amatum
717 3374 793 3424 csse
825 3353 885 3426 Cd.
908 3357 1129 3442 antiquiorem
1160 3357 1274 3424 sccuia
1306 3353 1418 3445 xiv,
1452 3359 1589 3442 premar

261 3461 458 3548 Victoriam,
481 3463 535 3528 cui
556 3459 667 3528 aditus
689 3460 828 3547 patabct
848 3459 892 3528 ad
913 3461 1020 3546 ipsum
1041 3457 1241 3531 Memcenn.
1282 3457 1333 3528 At
1353 3477 1437 3528 varo
1456 3458 1500 3530 ad
1515 3458 1590 3527 Va-

260 3567 406 3636 ticanum
423 3562 660 3638 ,bibliothecam
682 3583 733 3632 ma
753 3563 994 3650 emundabunt5
1018 3559 1134 3636 audio:
1155 3561 1216 3630 sod
1239 3562 1328 3633 itiam
1348 3564 1465 3636 saitem
1488 3557 1589 3635 Vati-

261 3689 396 3758 aauun,
428 3670 524 3736 cuius
544 3672 707 3753 excerpta
729 3666 902 3737 dumtaxat
924 3665 1083 3736 babemus
1103 3665 1194 3752 apud
1217 3665 1446 3755 Gcbbardum,
1479 3669 1589 3736 inier-

261 3774 384 3860 poiatis
413 3773 495 3857 iiiis,
529 3774 584 3859 qui
613 3771 820 3857 deceperunt
847 3769 1034 3838 iamdudum
1062 3771 1251 3841 criticorum
1281 3772 1460 3858 plerasque
1486 3775 1590 3858 atquc

261 3878 450 3951 etiamnunc
472 3874 658 3963 decipiunt,
679 3874 959 3945 adnumerandum
975 3875 1132 3942 cassiam
1154 3873 1241 3941 vidit
1261 3876 1471 3946 acutissimus
1492 3874 1589 3943 Ben-

259 3984 371 4073 geiius
392 3999 572 4067 veramque
594 3983 667 4047 eius
684 3982 883 4048 sententiaro
898 3979 1048 4065 pluribus
1062 3980 1147 4046 iocis
1161 3977 1368 4046 confirmavit
1383 3979 1589 4048 Benedictus

262 4079 408 4173 (Prncf.
429 4105 463 4174 p.
477 4082 560 4152 XX
565 4076 637 4166 Ἄ).
678 4082 862 4172 Utrumque
876 4087 987 4151 autam
1001 4085 1186 4152 rectissime
1203 4082 1386 4166 iudicasse,
1408 4086 1507 4151 tonis
1522 4101 1589 4174 ego

261 4209 392 4279 quoquc
414 4209 485 4258 sum
506 4191 735 4275 incorruptus,
758 4207 798 4256 ao
820 4191 928 4282 magis
948 4189 1063 4274 etiam,
1085 4186 1193 4275 quod,
1214 4204 1297 4253 vere
1319 4185 1444 4274 dicam,
1465 4205 1588 4285 spera-

260 4297 336 4366 bam
358 4295 448 4380 iorc,
468 4297 506 4360 ut
527 4297 667 4380 propter
687 4295 794 4380 ipsum
815 4292 905 4363 bunc
926 4288 986 4362 Od.
1005 4293 1039 4360 iu
1059 4294 1126 4360 ὶιιιι
1147 4291 1268 4358 iiiustri
1291 4289 1502 4362 Bibliotheca
1524 4307 1587 4362 cu-

261 4392 438 4485 stoditum,
460 4398 589 4484 opinio,
611 4413 708 4485 quam
728 4397 837 4464 anina
859 4413 1097 4483 conceperam,
1117 4393 1251 4462 undem
1274 4393 1589 4482 deponendaessat.
1678 4449 1681 4470 .

262 4498 335 4574 Sed
354 4505 438 4572 vicit
457 4502 596 4569 veritas.
637 4501 771 4568 Etenim
792 4499 990 4569 Vaticanum
1012 4518 1031 4567 c
1052 4497 1211 4568 Mediceo
1226 4493 1364 4570 fluxisse
1378 4519 1501 4603 magno
1515 4519 1590 4569 cum
1628 4493 1630 4498 ’

261 4607 339 4674 aitis
359 4609 557 4699 argumenta
580 4607 632 4675 cst
651 4603 730 4674 Lib.
751 4603 786 4674 i.
807 4601 878 4694 Ep·
894 4603 931 4676 7.
952 4592 989 4674 3·
1002 4601 1061 4692 8,
1085 4605 1142 4676 ubi
1163 4605 1192 4671 is
1214 4622 1345 4690 quoque
1366 4603 1469 4675 habet
1490 4604 1589 4677 laudi

262 4711 493 4802 dinudattanae
521 4709 690 4800 numne
721 4707 812 4800 quod
839 4709 957 4776 uideo:
990 4713 1151 4776 samatus
1176 4710 1233 4778 cst
1260 4708 1379 4799 igitur,
1410 4711 1588 4796 antequam

262 4814 349 4884 mala
370 4832 487 4882 manus
506 4814 542 4880 in
561 4831 682 4880 rasura
702 4809 797 4879 Med.
818 4816 994 4880 exarmet
1015 4831 1048 4879 v.
1061 4809 1267 4903 praefuisti,
1289 4813 1346 4878 vai
1363 4829 1412 4879 ex
1435 4812 1501 4879 aiio
1524 4811 1587 4878 dc-

263 4919 426 5005 sariptus,
448 4917 503 5004 qui
525 4936 597 4986 eam
616 4935 768 4983 rasuram
789 4916 933 4983 nondum
949 4917 1117 5005 expiatam
1137 4917 1173 4982 in
1193 4913 1287 4983 Med.
1306 4915 1508 5005 invenisset,
1529 4913 1587 4980 vei

263 5023 419 5094 consuito
440 5023 483 5090 ab
506 5024 577 5090 ciac
598 5023 765 5108 scriptore
785 5021 944 5112 neglecta
965 5024 1017 5090 cst
1035 5023 1217 5108 correctio,
1237 5023 1276 5088 ui
1289 5019 1373 5090 iacit
1387 5023 1423 5089 in
1437 5015 1587 5096 omnibus
