3668 5924
601 455 672 518 LlB.
695 457 732 518 ll.
775 457 832 520 ΕΡ.
859 459 905 522 ll.
934 459 979 519 12.
1006 451 1053 521 13.
1418 459 1478 522 337

165 631 273 699 quam,
309 631 463 677 renovare
486 612 621 678 honores
643 613 789 687 eosdem,
826 633 889 700 quo
911 614 1013 678 minus
1041 623 1144 698 togam
1174 623 1363 700 praetextam
1392 627 1480 703 quot·

165 707 253 771 anxiis
275 705 454 792 interpolet,
478 706 707 773 decernendum
730 706 805 771 nibil
827 727 950 771 censeo.
988 713 1050 772 Vos
1073 719 1175 772 autem
1196 709 1336 774 bomines
1352 711 1480 784 nabiles,

165 805 219 886 qui
241 807 427 865 Bostrenum
449 809 675 886 praetextatum
698 821 759 864 non
781 798 946 872 serebatis,
968 804 1210 887 Commagenum
1232 803 1386 869 leretis‘l''
1423 811 1482 872 Ge·

165 915 224 961 nus
245 893 332 959 vides
355 905 385 959 et
407 895 510 959 lacum
532 895 663 962 iocandi.
706 895 801 961 Multa
824 893 889 959 dixi
911 894 942 958 in
964 892 1133 976 ignobilem
1154 917 1278 980 regem,
1301 897 1414 985 quibus
1436 909 1483 964 to-

167 997 215 1053 tus
245 999 292 1053 est
319 988 478 1074 explosus.
528 991 600 1067 Quo
629 1010 744 1074 genere
773 998 962 1059 commotas.
991 995 1025 1054 ut
1053 987 1133 1063 dixi,
1163 991 1280 1075 Appius
1306 999 1404 1055 totum
1433 1013 1505 1061 mea

165 1082 371 1167 amplexetur.
431 1083 511 1148 Nibil
542 1095 588 1148 est
610 1084 692 1148 enirn
717 1083 835 1148 facilius
857 1103 949 1170 quam
971 1081 1091 1168 reliqua
1114 1082 1278 1148 discutere.
1338 1084 1399 1150 Sed
1420 1107 1483 1152 non

165 1174 290 1253 inciam,
329 1177 470 1242 utillum
493 1175 664 1252 offendam,
699 1197 738 1241 ne
760 1176 905 1262 imploret
936 1173 1027 1239 fidem
1049 1176 1132 1241 lovis
1152 1178 1335 1263 Hospitalis,
1374 1181 1484 1246 Graios

166 1292 275 1335 ornnes
296 1280 461 1343 convocet,
485 1292 542 1356 per
564 1293 643 1358 quos
665 1291 786 1336 mecum
808 1271 839 1335 in
866 1269 995 1353 gratiam
1017 1268 1119 1334 rediit.
1160 1274 1192 1336 d.
1215 1272 1416 1360 Theopompo
1438 1295 1486 1339 sa-

165 1365 364 1431 tisfaciemus.
406 1370 452 1430 Dc
475 1363 751 1450 Caesareiugerat
773 1385 823 1428 me
845 1363 883 1428 ad
905 1361 1106 1428 rescribere.
1155 1363 1255 1430 Video
1276 1368 1378 1442 enim,
1408 1389 1485 1456 quas

167 1470 199 1524 tu
214 1460 331 1525 litteras
345 1459 546 1545 exspectaris.
591 1456 651 1525 Sed
675 1455 727 1522 ille
749 1457 873 1544 scripsit
894 1456 933 1522 ad
957 1456 1085 1522 Balbum
1108 1457 1286 1525 fasciculum
1309 1462 1396 1528 illum
1420 1463 1519 1548 epi-m

165 1537 385 1632 stolarum,(iu
408 1577 471 1640 quo
493 1553 596 1643 luerat
618 1564 649 1618 et
670 1575 738 1619 mea
760 1562 790 1618 et
803 1538 915 1640 Balbi>
931 1561 1029 1617 totum
1051 1550 1112 1617 sibi
1134 1575 1213 1641 aqua
1234 1555 1391 1621 madidum
1414 1555 1485 1621 red·
1550 1553 1626 1636 rii-s

165 1647 265 1713 ditum
287 1669 375 1720 esse,
407 1658 441 1712 ut
463 1669 501 1712 no
522 1645 599 1712 illud
622 1648 748 1736 quidem
771 1647 866 1719 sciat,
903 1665 1003 1710 meam
1031 1644 1127 1710 luisse
1155 1647 1289 1734 aliquam
1312 1649 1483 1734 epistolam.

165 1739 227 1806 Sed
256 1763 296 1806 ex
318 1741 404 1806 Bulbi
434 1743 563 1828 epistola
592 1763 690 1829 pauca
719 1740 814 1806 verba
836 1741 1050 1814 intellexerat,
1083 1739 1121 1804 ad
1150 1761 1229 1827 quae
1257 1742 1416 1828 rescripsit
1437 1741 1485 1806 bis

163 1832 287 1901 uerbis:
310 1841 381 1910 „De
404 1836 552 1902 Cicerone
574 1845 604 1900 te
626 1835 721 1901 rideo
742 1833 890 1923 quiddam
913 1835 1091 1916 scripsisse,
1111 1835 1208 1921 ,quod
1231 1855 1290 1924 ego
1313 1856 1375 1899 non
1396 1835 1484 1899 intel-

164 1929 245 2005 lexi;
267 1939 414 2016 quantum
437 1939 540 1996 autem
562 1930 740 1995 coniectura
762 1925 995 2014 consequebar.
1019 1926 1050 1991 id
1072 1938 1139 1991 erat
1160 1928 1331 2006 eiusmodi,
1366 1940 1400 1994 ut
1422 1949 1485 1992 ma-
1498 1957 1521 1994 ιε

163 2022 214 2107 gis
228 2022 398 2109 optandum
413 2045 504 2111 quam
520 2024 708 2110 sperandum
722 2025 891 2110 putarem.''
936 2027 964 2086 5.
980 2025 1087 2108 ltaque
1109 2032 1216 2108 postea
1231 2023 1301 2088 misi
1323 2023 1360 2088 ad
1377 2027 1485 2090 Caesa·

162 2137 233 2179 rem
249 2116 360 2182 eodem
375 2117 429 2183 illo
445 2118 590 2203 exemplo
607 2117 734 2182 litteras.
777 2121 882 2181 locum
899 2122 1002 2180 autem
1016 2115 1099 2181 illius
1114 2115 1153 2180 de
1169 2137 1224 2180 sua
1239 2117 1374 2202 egestate
1389 2139 1428 2182 ne
1443 2116 1485 2182 sis

163 2220 358 2297 aspernatus.
411 2211 458 2277 Ad
480 2232 572 2298 quem
595 2231 654 2296 ego
676 2209 824 2296 rescripsi
846 2209 922 2275 nibil
945 2229 1030 2284 esse,
1060 2209 1146 2296 quod
1167 2211 1296 2296 posthac
1319 2231 1408 2277 areae
1430 2229 1486 2274 no-

163 2313 247 2369 strae
276 2304 386 2370 liducia
415 2303 631 2381 conturbaret;
661 2305 782 2391 lusique
807 2304 840 2369 in
868 2325 907 2368 eo
936 2323 1050 2389 genere
1077 2311 1108 2370 et
1135 2302 1330 2370 familiariter
1358 2314 1485 2369 etcum

163 2397 325 2482 dignitate.
368 2406 465 2464 Amor
486 2407 589 2465 autem
613 2404 681 2464 eius
703 2421 778 2486 erga
799 2420 856 2466 nos
878 2396 1037 2485 perfertur
1059 2395 1199 2462 omniurn
1220 2397 1336 2464 nuntiis
1351 2394 1521 2482 singula-ra

162 2493 220 2558 ris.
263 2492 396 2558 Litterae
426 2493 552 2580 quidem
581 2493 620 2559 ad
642 2493 687 2567 id,
717 2493 801 2580 quod
823 2500 1002 2578 exspectas,
1036 2490 1101 2556 lere
1123 2511 1194 2555 oum
1216 2503 1271 2556 tuo
1292 2492 1394 2557 reditu
1416 2492 1485 2557 iun-

163 2595 293 2670 gentum
316 2585 436 2673 reliqua
459 2586 653 2671 singulorum
675 2587 797 2653 dierum
819 2583 992 2652 scribemus
1013 2584 1053 2649 ed
1074 2594 1119 2658 te,
1143 2583 1286 2650 simodo
1308 2584 1485 2650 tabellarios

163 2691 200 2745 tu
214 2678 389 2766 praebebis.
422 2681 617 2766 Quamquam
641 2680 794 2747 eiusmodi
816 2679 915 2764 frigus
938 2676 1148 2764 impendebat,
1171 2687 1205 2742 ut
1226 2699 1381 2744 summum
1403 2683 1486 2763 peri-

163 2775 269 2840 culam
292 2783 389 2846 esset,
412 2797 451 2839 ne
473 2775 574 2861 Appio
596 2797 670 2842 suae
691 2777 785 2841 aedes
806 2780 983 2842 urerentur.

619 2919 705 2980 xm.
749 2915 802 2994 (a,
829 2917 861 2978 u.
884 2917 915 2976 c.
938 2915 1025 2992 aaa)
1495 2949 1522 2991 ,5

605 3039 758 3104 MARCUS
786 3037 824 3112 Q.
851 3037 992 3098 FRATRI
1014 3035 1045 3097 S.

251 3157 280 3218 1.
302 3152 368 3218 Risi
401 3152 533 3226 „nivem
561 3152 698 3222 atram”‚
733 3157 825 3233 teque
857 3145 947 3210 hilari
977 3144 1082 3209 animo
1112 3165 1180 3209 esse
1210 3154 1240 3210 et
1269 3155 1414 3232 prompto
1447 3143 1485 3210 ad

163 3246 330 3312 iocandum
354 3245 443 3310 valde
465 3266 515 3308 me
537 3247 631 3309 iuuat.
688 3245 735 3306 De
757 3239 922 3326 Pompeio,
956 3241 1109 3302 assentior
1137 3236 1214 3312 tibi,
1251 3239 1298 3303 uel
1327 3248 1360 3305 tu
1381 3237 1486 3325 potius

162 3341 252 3406 mibi.
301 3345 397 3413 Nam,
425 3348 461 3403 ut
481 3337 556 3411 scis,
578 3334 760 3422 iampridem
781 3333 875 3398 istum
898 3339 988 3396 canto
1011 3333 1184 3398 Caesarem.
1226 3331 1301 3398 Mibi
1325 3331 1430 3406 crede,
1455 3331 1485 3396 in

162 3435 235 3500 sinu
257 3443 324 3507 est:
353 3454 455 3520 neque
477 3451 536 3516 ego
557 3429 725 3512 discingor.
778 3431 809 3492 2.
832 3429 991 3509 Cognosce
1013 3444 1095 3488 nunc
1116 3423 1200 3489 ldus.
1251 3424 1398 3490 Decimus
1420 3433 1523 3490 cratae

162 3528 271 3595 Caelio
294 3527 370 3592 dies.
426 3525 582 3592 Domitius
610 3523 728 3588 iudices
750 3520 789 3586 ad
811 3533 980 3585 numerum
1007 3537 1069 3582 non
1096 3516 1213 3583 babuit.
1270 3525 1409 3594 Vereor,
1446 3541 1485 3585 ne

161 3622 260 3698 bomo
282 3628 362 3686 teter
383 3631 415 3686 et
435 3621 536 3689 ierus.
559 3617 632 3684 Pola
658 3615 800 3688 Servius,
823 3611 863 3678 ad
884 3611 1111 3676 accusationem
1127 3611 1238 3676 veniat.
1281 3616 1356 3677 Nam
1380 3621 1486 3678 noster
1586 3592 1611 3680 b

162 3713 287 3780 Caelius
316 3712 405 3779 valde
432 3720 673 3798 oppugnatura
702 3718 792 3793 gente
822 3704 939 3774 Clodia.
999 3705 1082 3772 Certi
1103 3704 1180 3769 nibil
1205 3712 1252 3769 est
1272 3705 1392 3783 adbuc;
1430 3705 1485 3770 sed

161 3828 322 3873 veremur.
377 3805 494 3872 Eodem
517 3805 613 3890 igitur
634 3804 684 3868 die
706 3801 807 3889 Tyriis
829 3812 876 3866 est
897 3810 1019 3865 senatus
1042 3798 1130 3864 datus
1153 3799 1315 3886 frequens;
1339 3799 1485 3887 frequen-

162 3912 210 3968 tes
233 3911 340 3968 contra
368 3901 486 3989 Spriaci
516 3897 682 3985 publicani.
742 3896 950 3962 Vehementer
976 3905 1107 3960 vexatus
1136 3893 1301 3970 Gabinium
1338 3893 1483 3978 exagitati
1493 3912 1520 3952 ⁸⁵

161 4006 267 4062 tamen
290 4018 307 4062 a
328 3995 467 4063 Domitio
488 3992 667 4080 publicani,
704 3988 788 4078 quod
811 4010 883 4054 eum
906 3996 1009 4054 essent
1030 4008 1101 4052 cnm
1123 3986 1212 4073 equis
1240 3993 1406 4072 prosecuti.
1451 3993 1483 4054 C.

162 4099 273 4156 noster
294 4091 400 4156 Lamia
421 4087 525 4175 paullo
547 4084 700 4161 ferocius,
724 4104 793 4149 cum
808 4079 965 4148 Domitius
980 4081 1126 4154 dixisset,
1149 4087 1286 4152 ..Vestra
1302 4081 1391 4166 culpa
1408 4080 1484 4146 baec

162 4184 362 4259 acciderunt,
385 4183 505 4270 equites
526 4179 674 4254 Romani;
698 4175 848 4243 dissolute
870 4179 952 4240 euim
975 4173 1153 4239 iudicatis'':
1180 4178 1271 4246 „Nos
1293 4173 1484 4248 iudicamus,

163 4299 221 4344 vos
245 4277 415 4352 laudatis'',
438 4275 548 4362 inquit.
599 4279 710 4339 Actum
733 4281 780 4336 est
808 4290 847 4335 eo
869 4268 919 4333 die
941 4267 1035 4344 nibil;
1064 4287 1127 4332 nox
1149 4266 1284 4332 diremit.
1328 4273 1358 4332 3.
1381 4268 1483 4334 Comi-

173 4421 353 4431 ——--
1384 4409 1479 4418 ..n-—

234 4495 260 4544 2.
274 4495 390 4544 homines
402 4507 456 4544 om·
471 4493 494 4543 1.
508 4515 535 4526 -
557 4491 583 4542 3.
598 4491 751 4542 Bostrenum
762 4485 895 4537 Orelliaa:
914 4484 1069 4533 Bostrenum
1080 4481 1145 4532 Cod.
1159 4481 1246 4544 lunii,
1266 4483 1410 4534 Burrenum
1422 4485 1482 4544 atu,

162 4566 298 4616 burceaum
316 4565 339 4620 1.
359 4565 404 4614 uia
422 4564 535 4612 Rhenum
555 4561 584 4610 R.
607 4586 637 4596 -
655 4555 717 4620 nan]
738 4557 815 4606 modo
833 4555 865 4605 R.
881 4578 912 4588 -
932 4554 975 4602 11.
994 4559 1019 4602 et
1036 4558 1099 4601 ante
1116 4566 1173 4602 mea
1192 4568 1246 4602 om.
1267 4553 1303 4604 nt.
1326 4577 1355 4588 -
1376 4553 1417 4602 12.
1433 4555 1481 4603 alt-

162 4649 242 4700 quam
262 4649 316 4684 om.
338 4633 358 4686 1.
390 4659 417 4671 -
456 4632 500 4682 tt.
521 4639 545 4680 te
562 4630 636 4680 uideo
653 4629 719 4680 MR:
748 4627 821 4676 uideo
839 4632 863 4674 te
882 4623 925 4674 tu.
958 4645 984 4655 -
1024 4622 1067 4672 15.
1087 4623 1309 4674 eitumodillRl:
1338 4623 1484 4674 huiusmodi

163 4707 194 4756 E·
231 4731 257 4740 -
295 4703 339 4755 18.
358 4699 445 4766 arcae]
464 4700 570 4752 arta'sl.
603 4724 630 4736 -
668 4693 930 4748 unumunurn:
960 4691 1116 4742 Etlitterue
1135 4691 1178 4742 te.
1212 4717 1242 4728 —
1279 4693 1322 4742 23.
1339 4694 1484 4756 pariendum

162 4789 218 4826 oxu.
239 4775 260 4825 l.
283 4798 312 4810 -
350 4773 393 4824 27.
413 4786 538 4823 esseorn.
559 4771 579 4819 Ι.
603 4794 629 4804 -
668 4767 712 4818 29.
731 4767 896 4816 istuneante
915 4762 1049 4812 Caesarem
1068 4761 1183 4824 Lipsius.
1205 4787 1232 4798 -—
1263 4761 1306 4812 30.
1326 4777 1373 4828 epo
1392 4763 1483 4813 distin·

161 4860 211 4909 gar
232 4859 272 4909 pr.
292 4843 333 4905 11,
362 4857 407 4909 epo
425 4843 556 4907 dtsetapor
575 4851 645 4890 corr.
665 4838 709 4893 11,
740 4837 807 4885 enim
831 4835 976 4897 distrinqor
1001 4846 1081 4894 satira
1105 4845 1210 4882 versam
1230 4831 1267 4882 11.
1299 4859 1327 4868 -
1365 4834 1484 4883 decumus

161 4915 226 4974 MR,
258 4909 342 4965 deeius
360 4915 388 4976 1,
419 4914 503 4962 dietus
523 4907 721 4961 vaticinante.
751 4929 782 4942 -
816 4905 860 4954 31.
880 4903 974 4954 iudices
997 4903 1183 4954 adnumerum
1200 4901 1267 4952 MR:
1296 4903 1483 4954 adnumerum

159 4987 255 5036 tudtees
274 4985 317 5036 tx.
339 5010 370 5020 -
406 4983 450 5034 Sd.
470 4991 559 5046 tprrus
578 4994 617 5044 pr.
637 4978 681 5038 dl,
701 4977 785 5042 Syriis
804 4973 815 5023 l
834 4980 860 5025 et
879 4988 948 5024 corr.
968 4973 1014 5034 11,
1035 4973 1112 5035 tyriis
1130 4987 1185 5034 mg.
1205 4971 1241 5023 11.
1262 4997 1295 5007 -
1325 4971 1368 5023 36.
1390 4969 1430 5036 C.]
1451 4975 1480 5024 l..

160 5055 308 5105 Manutius.

246 5159 352 5202 cetur.
372 5161 405 5201 ru.
1230 5120 1271 5182 22
