3666 5874
737 353 811 420 un.
833 355 858 418 ι.
898 354 958 418 m.
980 354 1009 416 c.
1495 357 1535 422 rs
1629 313 1634 320 ’

214 511 274 579 bis.
318 511 472 579 Vatinium
501 519 604 578 autem
633 509 713 576 scire
733 521 765 578 te
785 509 866 576 velle
887 509 1026 576 ostendis
1046 507 1160 596 quibus
1185 507 1282 577 rebus
1307 510 1458 580 adductus
1479 512 1535 580 de·

215 604 369 672 lenderim
384 615 415 670 et
429 604 591 670 laudarim.
621 604 715 683 Quod
726 603 782 669 tibi
793 613 829 670 ut
840 603 961 691 planius
975 624 1145 690 exponam,
1161 604 1251 674 altius
1263 605 1368 690 paullo
1379 607 1533 674 rationem

214 701 418 767 consiliorum
432 718 576 764 meorum
590 707 730 784 repetam
744 719 871 764 necesse
882 705 939 764 est.
981 701 1049 782 Ego
1063 719 1132 774 me,
1155 699 1301 775 Lentule,
1323 700 1411 768 initio
1424 721 1534 768 rerum

214 805 308 881 atque
336 793 492 859 actionum
520 801 645 858 tuarum
666 813 729 857 uon
750 791 853 857 solum
873 791 951 857 meis
973 791 1143 856 sedetiam
1163 791 1211 857 rei
1235 791 1379 877 publicae
1405 795 1534 860 restitu-

214 899 281 954 tum
302 885 465 972 putabam,
489 894 533 960 et,
556 885 703 972 quoniam
724 883 780 950 tibi
800 883 1015 950 incredibilem
1036 885 1192 972 quendam
1213 906 1354 952 amorem
1375 897 1407 954 et
1427 889 1557 955 omnias

212 981 245 1046 iu
266 991 297 1046 te
319 980 421 1066 ipsum
443 999 563 1044 summa
584 999 621 1044 ao
642 979 810 1064 singularia
831 977 933 1044 studia
954 977 1117 1053 deberem,
1146 977 1193 1044 rei
1214 977 1377 1064 publicae,
1400 1001 1480 1067 quae
1501 992 1533 1050 te

212 1073 245 1141 in
266 1095 318 1139 me
333 1072 525 1138 restituendo
539 1073 670 1138 multum
689 1071 873 1146 adiuvisset,
896 1092 968 1138 eum
983 1080 1068 1137 certe
1083 1093 1133 1136 me
1147 1073 1284 1138 animum
1300 1073 1415 1141 merito
1434 1073 1541 1160 ipsius.

212 1167 330 1234 debere
347 1164 536 1241 arbitrabar,
559 1186 654 1252 quem
674 1175 764 1232 antea
786 1165 1000 1232 tantummodo
1016 1165 1174 1231 communi
1192 1166 1294 1232 officio
1316 1167 1445 1244 civium,
1468 1189 1534 1236 non

211 1261 305 1326 alicui
325 1281 400 1348 erga
419 1281 470 1324 me
489 1259 637 1344 singulari
657 1258 811 1326 beneficio
833 1257 970 1325 debitum
992 1259 1227 1347 praestitissem.
1268 1265 1335 1328 Hac
1356 1283 1406 1327 me
1428 1273 1533 1330 mente

211 1354 307 1421 misse
340 1364 371 1420 et
395 1362 520 1419 senatus
550 1374 591 1418 ex
619 1373 669 1417 me
691 1363 722 1419 te
743 1353 870 1420 ccnsrde
892 1352 1010 1420 audivit
1038 1363 1069 1419 et
1090 1363 1124 1418 tu
1146 1353 1177 1418 in
1199 1353 1314 1419 nostris
1335 1355 1571 1422 semncuibusra

210 1446 532 1534 collocutionibusque
552 1447 619 1534 ipse
641 1447 753 1514 vidisti.
795 1451 826 1514 5.
847 1447 913 1514 Etsi
931 1445 992 1512 iam
1013 1446 1122 1532 primis
1144 1446 1338 1532 temporibus
1351 1447 1411 1514 illis
1426 1449 1532 1532 multis

209 1541 307 1608 rebus
326 1562 414 1606 meus
429 1541 647 1609 offendebatur
657 1541 793 1615 animus,
816 1560 887 1606 curn
904 1551 934 1606 te
948 1547 1059 1626 agente
1074 1540 1113 1606 de
1128 1540 1248 1628 reliqua
1262 1552 1369 1608 nostra
1383 1541 1532 1628 dignitate
1651 1549 1655 1558 '

210 1645 264 1701 aut
284 1634 407 1722 occulta
429 1635 652 1701 nonnullorum
672 1633 743 1700 odie
765 1641 819 1699 aut
839 1631 974 1700 obscura
994 1633 1027 1698 iu
1048 1653 1099 1698 me
1121 1633 1222 1700 studia
1244 1633 1421 1700 cernebam.
1454 1643 1531 1704 Nam

210 1749 314 1814 neque
335 1727 375 1792 de
396 1729 606 1795 monumentis
627 1727 705 1793 meis
734 1726 773 1792 ab
794 1727 832 1792 iis
853 1727 976 1794 adiutus
998 1749 1048 1802 es,
1076 1748 1095 1792 a
1117 1727 1230 1814 quibus
1255 1727 1404 1805 debuisti,
1427 1751 1531 1818 neque

211 1822 249 1887 de
270 1822 302 1889 vi
324 1821 457 1896 nefaria.
481 1843 543 1908 qua
563 1843 635 1888 cum
653 1821 750 1887 lratre
772 1841 859 1886 eram
881 1820 976 1886 domo
997 1821 1165 1906 expulsus,
1187 1843 1290 1908 neque
1304 1822 1432 1890 hercule
1446 1824 1479 1890 in
1493 1823 1572 1892 iisu

210 1914 284 2003 ipsis
305 1914 417 1991 rebus,
448 1937 529 2003 qnae
548 1935 738 2003 quamquam
760 1923 849 1980 erant
870 1913 947 1980 mibi
967 1923 1098 2000 propter
1121 1915 1168 1980 rei
1189 1915 1347 1982 familiaris
1368 1916 1532 2002 naufragia

210 2010 420 2085 necessariae,
441 2013 545 2074 tamen
566 2031 584 2074 e
606 2029 657 2073 me
677 2007 795 2074 minimi
817 2006 1021 2093 putabantur,
1042 2007 1075 2074 in
1096 2009 1173 2075 meis
1193 2008 1312 2086 damnis
1335 2031 1375 2076 ex
1396 2009 1533 2076 auctori-

209 2111 271 2169 tate
301 2113 426 2168 senatus
462 2101 630 2168 sarciendis
660 2123 729 2168 eam
750 2101 957 2176 voluntatem,
989 2121 1084 2188 quam
1110 2111 1341 2189 exspectaram,
1369 2104 1533 2189 praestite-

208 2207 293 2262 runt.
342 2197 431 2274 Quae
463 2217 535 2262 oum
566 2195 706 2262 viderem
733 2231 773 2242 -
801 2215 903 2282 neque
925 2205 1014 2261 crant
1038 2193 1173 2263 obscura
1196 2227 1236 2240 -
1258 2207 1446 2263 nontamen
1468 2212 1533 2264 tam

210 2289 323 2355 acerba
352 2289 428 2355 mibi
453 2289 530 2355 baec
561 2289 756 2364 accidebant,
792 2310 887 2376 quam
919 2299 1007 2356 erant
1037 2289 1089 2356 illa
1118 2299 1230 2374 grata,
1266 2310 1349 2376 quae
1381 2289 1569 2358 fecerunta

210 2390 239 2450 6.
260 2389 371 2470 ltaque
393 2405 582 2471 quamquam
603 2394 634 2451 et
654 2381 804 2470 Pompeio
825 2382 1010 2470 plurimum,
1031 2393 1062 2449 te
1084 2383 1211 2470 quidem
1231 2383 1301 2470 ipso
1315 2383 1530 2470 praedicatore

209 2499 245 2544 ac
265 2487 362 2552 teste,
385 2475 538 2542 debebam
560 2486 592 2543 et
612 2499 685 2542 eum
706 2497 769 2542 non
790 2477 892 2542 solum
908 2475 1078 2552 beneficio,
1101 2476 1155 2542 sed
1170 2497 1278 2542 amore
1299 2477 1392 2544 etiam
1410 2490 1442 2546 et
1459 2499 1532 2565 per·

209 2582 305 2659 petuo
336 2569 474 2658 quodam
500 2570 617 2637 iudicio
644 2591 717 2637 meo
746 2567 929 2654 diligebam,
959 2579 1062 2636 tamma
1094 2591 1158 2637 non
1190 2581 1353 2657 reputans,
1382 2571 1458 2658 quid
1479 2573 1530 2638 ille

210 2665 325 2738 vellet.
353 2664 384 2729 in
411 2663 556 2730 omnibus
584 2665 661 2730 meis
690 2663 848 2730 sententiis
874 2663 914 2728 de
934 2685 971 2729 re
992 2663 1116 2750 publica
1137 2663 1275 2750 pristinis
1295 2665 1530 2750 permanebam.

209 2762 238 2824 7.
259 2763 329 2843 Ego
350 2757 477 2824 sedente
500 2761 554 2824 Cn.
575 2757 741 2844 Pompeio,
763 2777 852 2833 cum,
874 2767 910 2823 ut
930 2757 1072 2824 laudaret
1091 2762 1125 2824 P.
1147 2757 1301 2832 Sestium,
1322 2758 1481 2826 introisset
1497 2759 1568 2826 insu
1658 2826 1668 2869 Ι

209 2851 321 2920 urbem
343 2851 532 2937 dixissetque
554 2851 639 2918 testis
660 2851 799 2919 Vatinius
819 2871 871 2916 me
891 2849 1017 2917 lortnna
1033 2859 1064 2916 et
1077 2850 1221 2918 felicitate
1236 2855 1269 2918 C.
1290 2851 1430 2918 Caesaris
1445 2873 1531 2920 com-
1655 2874 1665 2918 r

210 2955 330 3012 motum
358 2945 402 3009 illi
423 2945 558 3011 amicum
580 2943 650 3010 esse
671 2944 826 3030 coepisse,
855 2943 922 3009 dixi
943 2965 993 3010 me
1015 2965 1085 3010 eam
1105 2943 1208 3010 Bibuli
1229 2943 1403 3020 loctunam,
1435 2965 1530 3031 quam

210 3039 260 3106 ille
281 3037 425 3104 adlictum
446 3049 586 3124 putaret,
619 3035 759 3103 omnium
779 3035 945 3123 triumphis
965 3035 1165 3123 victoriisque
1194 3036 1365 3116 antcleme3
1403 3037 1530 3124 dixique

209 3133 323 3199 eodem
353 3141 446 3208 teste,
474 3131 535 3197 alio
556 3131 644 3207 loco,
671 3130 800 3196 eosdem
822 3149 906 3206 esse,
939 3130 992 3214 qui
1018 3128 1165 3196 Bibulum
1192 3129 1280 3196 exire
1308 3127 1402 3196 domo
1423 3130 1532 3218 probi-

209 3225 349 3293 buissent
380 3235 411 3292 et
440 3224 495 3313 qui
522 3246 573 3290 me
600 3225 789 3311 coegissent:
823 3233 887 3290 tcta
908 3243 987 3290 vero
1008 3222 1211 3310 interrogatio
1233 3244 1304 3288 mea
1326 3222 1402 3290 nibil
1423 3222 1567 3290 babuits·

209 3320 267 3386 nisi
289 3317 566 3406 reprehensionem
587 3318 669 3384 illius
692 3317 879 3394 tribunatus;
924 3316 957 3382 in
978 3337 1041 3404 qua
1062 3317 1166 3384 omnia
1188 3317 1269 3384 dicta
1294 3328 1367 3386 sunt
1386 3316 1529 3386 libertato

209 3414 376 3498 animoque
392 3412 529 3478 maximo
544 3412 583 3478 de
597 3412 645 3489 vi,
667 3411 707 3478 de
721 3409 881 3498 auspiciis,
904 3401 1134 3477 de'donatione
1148 3431 1329 3496 regnorum.
1374 3415 1404 3478 8.
1420 3417 1529 3500 Neque
1630 3400 1658 3492 3

208 3525 286 3572 vero
307 3506 366 3572 bac
385 3505 418 3572 iu
453 3505 547 3572 caiisa
570 3506 681 3582 modo,
712 3506 768 3572 sed
789 3515 966 3572 constanter
987 3525 1081 3591 saepe
1100 3504 1132 3571 in
1162 3513 1281 3572 senatu.
1337 3505 1530 3584 Quinetiam

207 3599 388 3667 Marcellino
410 3608 441 3664 et
457 3599 599 3687 Philippo
616 3599 796 3666 consulibus
817 3599 912 3665 Nonis
931 3597 1092 3685 Aprilibus
1110 3599 1186 3664 mibi
1209 3610 1257 3666 est
1275 3610 1399 3667 senatus
1425 3621 1530 3666 assen-
1608 3607 1631 3688 2

208 3717 278 3770 sus,
300 3705 336 3761 ut
356 3693 395 3760 de
415 3714 493 3780 agro
512 3698 669 3781 Campano
691 3692 848 3780 frequenti
868 3702 979 3759 senatu
999 3691 1107 3758 Idibus
1124 3693 1210 3759 llaiis
1232 3693 1415 3761 referretur.
1447 3699 1567 3762 Numa
1626 3694 1631 3702 '

207 3787 296 3877 potui
319 3787 416 3872 msgb
434 3787 466 3852 in
488 3807 592 3852 arcem
610 3787 693 3853 illius
711 3807 822 3852 causae
844 3785 991 3852 invadere
1006 3797 1061 3854 aut
1074 3786 1173 3872 magis
1193 3786 1333 3854 oblivisci
1350 3797 1530 3874 temporum
1631 3847 1633 3852 ,

208 3903 370 3955 meorum,
393 3879 570 3946 meminisse
587 3880 764 3946 actionum?
792 3883 859 3946 llac
878 3900 896 3944 a
917 3901 968 3944 me
990 3880 1140 3946 sententia
1161 3880 1242 3946 diota
1260 3903 1390 3966 magnus
1411 3882 1531 3950 animc-

207 3997 278 4042 rum
299 3985 402 4040 motus
427 3985 475 4040 est
495 3973 594 4039 lactus
616 3993 836 4049 cumeorum,
858 3993 995 4060 quorum
1017 3973 1170 4060 oportuit.
1194 3984 1260 4042 tum
1281 3974 1407 4042 illorum
1425 3976 1528 4051 etiam,

207 4089 345 4157 quorum
366 4088 525 4153 nunquam
542 4077 696 4154 putaram.
739 4070 769 4132 9.
791 4071 868 4132 Nam
890 4067 951 4133 boc
970 4077 1096 4134 senatus
1115 4068 1258 4134 consulto
1279 4067 1310 4132 in
1333 4090 1435 4134 meam
1459 4089 1531 4134 sen-

207 4163 335 4232 tentiam
355 4161 437 4228 lactc
459 4161 645 4247 Pompeius,
668 4181 740 4226 cum
761 4159 837 4226 mibi
853 4160 930 4226 nibil
947 4159 1134 4226 ostendisset
1151 4181 1185 4226 se
1207 4182 1277 4229 esse
1304 4161 1475 4237 offensum,
1497 4161 1566 4228 ino

207 4255 381 4324 Sardiniam
399 4266 430 4322 et
455 4254 486 4319 in
507 4253 643 4320 siricam
667 4253 827 4341 proiectus
848 4265 896 4320 est
917 4253 1149 4340 ecqueitinere
1165 4260 1281 4322 Lucam
1299 4256 1340 4323 ad
1356 4259 1529 4326 Caesarem

207 4351 301 4419 venit.
342 4347 392 4415 Ibi
413 4348 510 4414 multa
532 4348 571 4414 de
594 4367 665 4412 mea
686 4347 837 4414 sententia
852 4357 981 4435 questus
1000 4358 1048 4414 est
1066 4352 1197 4424 Caesar,
1220 4348 1336 4436 quippe
1358 4348 1413 4436 qui
1433 4347 1528 4416 etiam

206 4451 371 4512 Ravennae
393 4445 539 4510 Crassum
560 4452 631 4507 ante
658 4440 786 4508 vidisset
813 4441 852 4508 ab
875 4461 978 4528 eoque
1002 4441 1035 4508 in
1066 4451 1225 4508 meesset
1249 4441 1403 4510 incensus.
1446 4445 1528 4508 Sane
1618 4484 1632 4511 .

207 4538 337 4606 moleste
358 4534 543 4622 Pompeium
563 4533 596 4600 id
612 4534 698 4600 serre
717 4533 893 4613 constabat;
916 4533 1004 4622 quod
1017 4555 1096 4621 ego,
1118 4555 1190 4605 cum
1211 4534 1370 4602 audissem
1389 4557 1431 4600 ex
1448 4534 1526 4610 aliis,

275 4734 302 4785 9.
316 4731 396 4781 aliero
406 4728 541 4780 Orelllnsr
557 4727 646 4792 aliquo
660 4724 690 4790 (i.
704 4741 730 4778 e.
743 4726 852 4791 aliquot)
865 4726 925 4779 ΜΕ.
940 4752 971 4762 -
987 4727 1029 4778 rt.
1039 4723 1082 4791 tls]
1095 4728 1134 4776 tls
1148 4727 1187 4778 Μ.
1201 4749 1233 4762 -
1246 4729 1289 4778 19.
1299 4739 1379 4792 nsque
1397 4735 1472 4778 erent
1482 4725 1526 4778 bl:

205 4816 285 4867 neque
307 4803 376 4852 mim
404 4805 480 4849 eracl
502 4797 534 4848 ll.
557 4821 587 4833 -
607 4797 651 4847 20.
670 4793 759 4862 prom]
780 4811 837 4846 curn
861 4811 902 4860 pr.
921 4796 959 4849 Μ.
981 4819 1014 4832 -
1032 4798 1077 4847 95.
1097 4797 1208 4847 Sestium
1226 4797 1273 4850 bl:
1300 4797 1418 4850 Sentisne
1443 4798 1473 4848 ll.
1494 4818 1526 4831 -

205 4874 309 4924 2'1.ms
326 4870 365 4921 Μ.
384 4869 472 4920 Bibuli
490 4865 574 4918 Codd.
594 4867 707 4932 aliquot.
725 4868 798 4918 Fort.
816 4879 857 4917 mc
873 4880 931 4917 scm
948 4867 987 4920 Μ.
1006 4867 1104 4918 litbult.
1123 4865 1174 4918 011.
1209 4890 1239 4903 -
1275 4867 1319 4919 31.
1347 4883 1400 4933 quo
1417 4876 1528 4921 auctore

206 4943 327 4994 Manutio
348 4939 405 4990 Vb:
426 4951 476 5004 quc
495 4937 554 4990 ΜΕ.
574 4963 601 4974 -
641 4938 684 4990 99.
704 4943 855 4988 scrutanter
880 4951 912 4990 oc
937 4951 1013 5000 coepe
1041 4937 1290 5002 blartynidnguna.
1312 4961 1343 4974 -
1378 4938 1422 4990 99.
1441 4947 1528 4992 motus

206 5023 240 5063 cst
261 5015 347 5074 [octus
365 5009 414 5062 bl:
433 5010 518 5072 [octor
538 5013 574 5057 cst
593 5015 678 5058 metm
698 5007 727 5058 ll.
759 5033 791 5043 -
828 5006 872 5058 99.
889 5013 1012 5070 putorem
1030 5021 1072 5072 pr.
1090 5007 1128 5058 Μ.
