3666 5874
320 431 374 488 lm

319 605 449 655 snorum
471 586 515 654 sii
537 586 681 652 secutus.
725 581 844 650 Nullae
865 583 994 650 omnino
1017 583 1050 650 ln
1073 601 1113 649 eo
1134 583 1324 668 comparent
1351 583 1407 650 vel
1427 585 1630 656 certissimae

317 693 479 758 lectiones
509 690 652 755 iamiliae
681 687 874 757 Gallicanae
906 688 1022 775 soiius3
1056 705 1163 773 neque
1196 686 1281 754 ullas
1309 689 1462 772 proprias
1492 691 1631 774 praeiret

319 792 581 876 emendationes,
614 790 702 858 unde
729 810 773 859 ex
801 810 841 857 eo
870 793 926 856 vel
947 811 1012 857 uno
1035 793 1067 856 in
1090 792 1164 857 loco
1187 792 1326 876 volgata
1347 791 1445 858 lectio
1467 795 1590 884 corrigi
1611 813 1632 861 a

318 916 369 964 me
392 898 566 983 potuisset.
608 895 696 962 Nihil
723 899 831 962 autem
858 899 969 974 vetat,
1001 914 1065 983 quo
1096 897 1200 961 minos
1221 897 1425 980 suspicemur
1444 896 1501 962 vel
1522 897 1632 964 lucelli

317 1000 374 1066 vel
403 1001 556 1085 propriae
585 1001 788 1066 curiositatis
814 1018 916 1067 eausa
943 1000 985 1066 ab
1013 1001 1119 1066 otioso
1142 1000 1251 1085 aliquo
1273 999 1359 1066 italo
1381 1001 1478 1066 etiam
1500 1000 1633 1094 circiter

318 1123 406 1170 anno
430 1102 812 1170 mummolenum
835 1104 946 1170 maltis
967 1121 1038 1170 cum
1061 1103 1343 1171 emendationibus
1371 1103 1474 1170 inisse
1502 1103 1632 1172 descri-

317 1211 408 1294 ptnm
437 1210 621 1293 posteaque
651 1205 816 1276 0xonlnm
847 1208 1048 1274 translatum.
1092 1206 1303 1277 oxonienses
1330 1211 1438 1274 auteur
1460 1197 1546 1290 (ul.
1567 1206 1631 1278 0x.

317 1311 392 1378 Vol.
411 1313 437 1376 l.
461 1331 491 1396 p.
510 1300 568 1392 9.)
595 1313 674 1376 mire
702 1313 750 1377 sio
777 1315 919 1378 aetatem
949 1314 1019 1378 eius
1041 1311 1253 1378 delinieroni:
1288 1310 1343 1376 «P.
1364 1306 1478 1378 Codex
1501 1315 1630 1379 membr.

317 1434 383 1480 non
406 1413 489 1481 adeo
512 1417 676 1502 antiquus.
720 1413 760 1497 Q.
778 1415 892 1483 Codex
915 1417 1046 1483 membr.
1068 1413 1211 1482 eiusdem
1240 1416 1371 1484 secuit.»
1416 1414 1527 1493 (idat.
1541 1419 1630 1484 eirca

316 1536 436 1584 annum
459 1515 574 1584 1445.
597 1519 788 1585 Florentiae
810 1523 967 1586 exaratus
989 1524 1052 1586 est.

400 1621 455 1687 Ad
477 1621 619 1688 (lodices
640 1640 722 1688 vero
746 1625 779 1687 et
801 1624 932 1688 vitiosis
955 1623 1153 1691 lectionibus
1174 1623 1320 1690 refertos
1342 1624 1376 1689 et
1398 1623 1630 1709 interpolatio-

317 1727 413 1793 nibus
443 1745 538 1812 quam
566 1728 704 1792 maxime
732 1727 922 1814 inquinatos
952 1727 1147 1794 referendos
1174 1726 1242 1792 vidi
1272 1726 1443 1793 Palatinos
1471 1717 1631 1814 ionias),

317 1827 609 1920 Stattgardensem
637 1829 808 1917 tiresian,
830 1829 1033 1896 Landlanom
1056 1831 1245 1897 Bentivolil.
1288 1828 1361 1912 Qua
1376 1833 1552 1897 occasione
1569 1832 1631 1897 ob-

315 1937 401 2017 lata,
422 1951 494 2001 cum
518 1932 697 1998 viderimus
715 1936 749 1998 in
768 1933 931 2018 Epistolis
954 1933 998 2000 ad
1012 1937 1190 2002 familiares
1206 1936 1341 2002 criticos
1354 1935 1480 2018 aliquot
1494 1937 1631 2020 propter

315 2038 509 2106 manifestas
533 2036 809 2120 interpolationes
835 2038 877 2105 ab
904 2041 943 2104 ils
969 2038 1055 2104 haud
1081 2042 1165 2106 satis
1184 2041 1379 2124 perspectas
1400 2037 1568 2104 codicibus
1589 2039 1630 2106 ab

316 2143 427 2232 ltalia,
464 2143 517 2228 qul
542 2143 648 2206 omnia
671 2141 733 2205 sibl
754 2142 856 2208 licere
879 2144 1056 2229 putabant,
1090 2145 1236 2209 exaratis
1262 2145 1334 2208 sine
1355 2143 1423 2208 ulla
1445 2160 1547 2208 causa
1568 2145 1631 2208 tri-

315 2248 428 2314 buisse
441 2247 600 2334 originem
612 2263 632 2310 a
644 2243 801 2311 Mediceo
817 2243 1000 2333 diversam,
1021 2244 1075 2312 laic
1087 2265 1216 2334 quoque
1233 2266 1275 2313 ex
1290 2247 1399 2312 mullis
1413 2247 1483 2313 elus
1497 2249 1631 2336 generis

315 2349 474 2417 nonnulla
501 2347 652 2430 exempla
676 2347 795 2414 afferre
821 2350 923 2413 iuvat.
965 2347 1196 2438 1m.4,1a,
1223 2347 1279 2416 10.
1301 2347 1414 2416 Locus
1439 2349 1498 2415 nie
1523 2355 1632 2417 oselini

315 2456 443 2541 riustri,
475 2449 673 2518 stomachus
699 2451 758 2516 andi
779 2450 963 2518 noetianos
984 2453 1080 2543 otim,
1113 2453 1313 2520 coraeailnit·
1356 2450 1508 2520 Privato
1530 2453 1631 2520 modo

316 2562 352 2623 et
376 2557 565 2622 domestica
587 2573 650 2620 nor
675 2553 860 2621 delectant.
901 2557 965 2624 ilie
987 2558 1108 2623 vitiosa
1127 2559 1291 2643 scriptura
1315 2557 1488 2624 contestati
1510 2575 1631 2625 causae

314 2661 395 2742 init,
417 2676 476 2725 car
497 2655 592 2722 homo
614 2656 817 2724 semidoctus
838 2661 1009 2746 suppleret
1031 2661 1064 2726 ln
1087 2660 1393 2745 aeconomum
1425 2664 1468 2727 ut
1496 2661 1633 2748 emerat

315 2763 427 2830 mutto
442 2761 549 2828 emeda
562 2757 714 2846 factitata.
759 2758 908 2829 Privato
924 2766 988 2830 cet.
1001 2795 1043 2808 -
1055 2764 1127 2831 Lib.
1146 2764 1212 2853 11,
1228 2761 1297 2850 17,
1311 2760 1346 2829 3.
1367 2758 1484 2830 Cicero
1496 2766 1631 2848 scripsit

315 2866 370 2934 De
384 2867 514 2936 11811..
537 2868 579 2932 ut
592 2865 731 2950 soson,
744 2865 886 2951 tomam.
929 2867 1095 2953 Corrupit
1109 2869 1164 2933 vel
1177 2866 1266 2933 haud
1281 2867 1452 2935 intellecta
1464 2870 1544 2933 nota
1559 2861 1629 2938 HS,

316 2970 393 3036 inde
408 2969 531 3035 iactum
547 2971 599 3034 esi
617 2969 651 3034 ln
670 2968 887 3036 Ascenslanir
905 2975 939 3036 et
958 2971 1194 3038 Cratandrina:
1208 3001 1250 3016 -
1272 2971 1315 3037 de
1335 2969 1391 3038 tota
1407 2971 1523 3060 retus,
1546 2989 1631 3058 quoa

314 3073 401 3141 mitt
417 3078 520 3141 raetos
540 3091 614 3140 esse
626 3071 784 3164 voluntati,
806 3078 848 3140 nt
863 3075 999 3165 senso,
1019 3072 1163 3163 faciam.
1177 3105 1219 3117 -
1240 3075 1312 3141 Lib.
1327 3074 1396 3160 11,
1411 3072 1482 3148 25.
1496 3072 1531 3140 1.
1552 3071 1631 3141 aa.

316 3178 381 3246 otte
403 3181 577 3244 osaerrtlor
598 3180 669 3243 tois
690 3176 818 3243 titteris
838 3178 957 3268 positos
972 3184 1117 3265 emporiis
1137 3177 1293 3268 pluribus
1308 3177 1421 3245 verbio
1442 3176 1574 3245 rentium
1597 3182 1631 3246 ie

314 3282 438 3348 habere
452 3280 649 3364 comitiano,
671 3300 735 3365 pso
749 3301 773 3346 o
789 3285 823 3347 te
835 3287 966 3369 possim
976 3287 1108 3350 incant:
1130 3285 1186 3349 ubi
1200 3283 1304 3348 verbo
1321 3286 1355 3349 te
1369 3280 1496 3348 audere
1511 3284 1631 3349 omissa

315 3405 336 3452 a
356 3383 429 3451 Md.
446 3389 480 3449 ei
498 3385 536 3460 ψ.
556 3387 634 3449 sunt
650 3385 913 3470 suspectissima,
943 3386 1039 3452 etlam
1061 3389 1199 3472 propter
1215 3403 1272 3451 vv.
1289 3406 1312 3451 a
1335 3390 1378 3452 te.
1403 3423 1446 3437 -
1473 3385 1547 3453 lib.
1564 3383 1630 3471 15,

315 3485 358 3574 ³,
385 3487 420 3553 1.
445 3485 521 3554 Sed
534 3491 564 3553 si
583 3491 654 3552 isto
667 3492 788 3576 porci:
821 3494 902 3578 potu
924 3493 960 3555 et
978 3494 1114 3556 molera
1130 3483 1394 3557 condemnatione:
1430 3490 1529 3556 lectio
1547 3489 1630 3557 haee

316 3595 368 3658 est
393 3590 652 3674 Cod.Medlcel;
682 3610 777 3678 quam
802 3593 851 3658 sle
878 3590 1112 3659 emendandam
1138 3611 1214 3659 esse
1245 3592 1330 3657 vidi:
1366 3590 1442 3660 Sed
1465 3588 1522 3658 si!
1554 3589 1630 3660 latu

314 3699 435 3782 perot.-
468 3698 549 3784 qntn
571 3696 652 3775 cei.;
683 3713 758 3760 nam
780 3694 823 3760 de
845 3700 881 3762 et
903 3715 962 3781 pro
985 3701 1090 3762 ettam
1119 3698 1216 3763 etlam
1241 3694 1329 3781 apud
1352 3690 1544 3762 Ciceronem
1567 3699 1629 3763 lam

315 3799 559 3865 securisumus.
578 3819 586 3838 ι
600 3793 739 3866 Scilicet
759 3798 872 3865 eadem
892 3818 1029 3885 prorsus
1043 3802 1128 3868 ratio
1144 3803 1196 3866 est
1211 3799 1254 3866 ad
1269 3800 1382 3865 samii.
1399 3792 1468 3883 iii,
1490 3797 1558 3887 24,
1580 3797 1630 3888 2.,

315 3903 370 3966 abi
386 3902 428 3966 ab
446 3903 595 3967 omnibus
608 3920 695 3968 nunc
710 3905 920 3990 agnoscitur:
944 3902 1020 3972 Sed
1032 3901 1087 3970 rt!
1108 3905 1246 3971 litteras
1264 3909 1345 3970 toas
1360 3906 1541 3990 ecapeci03
1564 3905 1630 3970 illle
1723 3957 1730 3970 ,

314 4003 611 4072 ιιιιίειιιΜοάῑιειιε
623 4025 762 4094 prorsus
772 4010 810 4072 ut
825 4006 993 4078 hiemabet
1011 4008 1072 4074 sed
1086 4012 1127 4074 st.
1170 4008 1239 4073 lam
1251 4004 1328 4072 vide
1342 4006 1628 4090 interpolationem

315 4109 403 4176 lens.
417 4107 461 4174 A.
475 4109 512 4176 0.
535 4111 609 4175 sine
636 4109 734 4178 dubio
755 4129 774 4176 e
795 4109 910 4177 codice
942 4112 1052 4197 aliquo
1082 4113 1234 4196 petitam:
1267 4109 1329 4177 red
1352 4113 1383 4175 at
1413 4112 1484 4175 isto
1506 4115 1629 4196 porot-

314 4212 513 4302 pemdtmms‚
547 4217 640 4279 certe
662 4219 698 4280 ei
713 4219 849 4281 maiora
864 4219 1174 4281 conseranense-
1195 4215 1266 4280 Lib.
1291 4211 1359 4300 15,
1380 4210 1423 4293 4,
1446 4205 1481 4277 3.
1502 4231 1574 4279 cnm
1596 4217 1628 4280 ln

315 4317 445 4403 verbis,
466 4320 503 4380 ut
522 4314 598 4382 milri
613 4316 760 4408 videtur,
782 4319 980 4385 sanissimis:
1001 4315 1065 4384 dite
1082 4323 1173 4384 caim
1193 4309 1342 4400 (caesar
1357 4317 1458 4381 semel
1477 4308 1628 4400 occisus)

315 4439 491 4512 rturrpnano
513 4425 728 4489 revertisset:
761 4441 824 4490 noo
848 4414 987 4512 (igitur,
1013 4423 1041 4487 si
1066 4421 1225 4488 firmiores
1243 4422 1417 4488 fuissemus
1439 4425 1628 4508 animosque

316 4526 582 4614 collegissem,
605 4527 641 4592 ut
666 4524 813 4592 homines
836 4527 959 4592 liberos
980 4523 1138 4614 decebat,
1167 4543 1304 4593 securos
1329 4528 1392 4593 iam
1413 4525 1454 4591 de
1474 4520 1628 4593 caesaris

384 4735 405 4803 *l
422 4737 461 4792 11.
493 4739 522 4792 Τ.
552 4739 580 4792 c.
607 4741 676 4807 app.
704 4741 741 4791 nd
765 4738 881 4792 ditinum
908 4741 969 4794 litrt
995 4739 1067 4791 sii.
1115 4741 1237 4793 Eturdarn
1258 4741 1328 4804 Epp.
1350 4739 1387 4792 ud
1411 4741 1442 4806 Q.
1470 4741 1513 4791 Fe.
1533 4739 1628 4792 imerii

315 4820 430 4871 undonis
449 4822 498 4885 sp.
518 4823 554 4874 od
572 4821 763 4874 Octauianum:
793 4835 848 4872 non
871 4827 909 4872 ort
932 4824 1000 4874 adm
1018 4821 1158 4872 corrono.
1205 4822 1235 4872 T.
1256 4821 1394 4886 Pomponii
1409 4820 1490 4872 serat
1506 4820 1564 4871 otio
1578 4832 1628 4884 par

317 4895 465 4950 Comitum
481 4901 612 4964 Nepotem.
647 4901 691 4953 Em
707 4901 833 4964 Dionpsti
848 4901 970 4952 Lambini
996 4900 1176 4952 emendatione
1202 4907 1227 4952 at
1251 4901 1428 4966 reeopniiions
1449 4913 1519 4950 novo
1542 4901 1628 4950 Fron·

317 4978 377 5030 eieci
393 4978 464 5029 lonii
482 4979 630 5048 Bituriptr:
659 4983 731 5036 osius
750 4982 830 5032 etium
847 4985 927 5033 notos
944 4985 1107 5032 merserunt
1123 4994 1194 5033 nuno
1208 4981 1327 5045 primum
1344 4979 1440 5036 edisne.
1483 4978 1525 5030 Eo
1545 4979 1627 5044 Tppo·

315 5057 439 5130 prnptisio
455 5055 610 5126 Hieronymi
629 5061 789 5115 commelini.
823 5059 862 5116 tt·
879 5061 916 5112 li.
934 5059 1045 5114 xciiii.
1075 5058 1101 5110 8.
