3656 5868
599 423 672 486 LIB.
694 423 761 488 vll.
803 423 862 486 ΕΡ.
884 423 935 487 20.
956 424 1008 488 2l.
1030 424 1082 488 22.
1103 425 1155 488 23.
1464 425 1524 488 119

656 581 774 644 urin.
816 579 919 661 (Anno
941 578 1076 663 emmo.)

555 692 697 757 menno
721 695 752 756 s
774 695 811 756 n.
833 695 875 758 u.
896 693 1015 757 runco
1039 693 1181 758 nuno.

291 818 320 880 1.
342 818 475 878 Tantum
497 809 583 898 quod
604 832 645 876 ex
665 812 807 899 Arpinati
827 833 993 888 veneram,
1020 834 1093 878 cum
1113 813 1190 879 mihl
1219 835 1237 878 a
1259 822 1290 878 te
1309 813 1431 880 litterae
1452 813 1523 880 red-

201 909 288 974 ditae
316 917 404 985 sunt;
437 904 476 970 ab
506 904 681 992 eodemque
709 905 813 992 accepi
834 905 955 971 Avianii
983 906 1115 980 litteras,
1151 906 1185 971 in
1206 905 1320 994 quibus
1333 909 1402 975 'hoc
1423 911 1523 975 inerat

201 1001 474 1076 liberalissimum,
497 999 624 1064 nomina
646 1020 680 1064 se
702 997 874 1074 iacturum,
897 1020 968 1065 cum
990 999 1140 1074 venisset,
1163 1021 1224 1086 qua
1247 1021 1305 1086 ego
1327 1002 1439 1068 vellem
1462 1002 1545 1068 dies

180 1091 277 1196 (Fac,
317 1115 452 1183 quaeso,
531 1093 625 1178 iego
647 1113 731 1168 sum,
754 1114 822 1158 esse
844 1090 894 1176 teh
929 1103 1016 1159 estne
1038 1103 1090 1158 aut
1111 1095 1156 1159 tui
1177 1093 1307 1180 pudoris
1328 1106 1382 1161 aut
1403 1096 1521 1169 nostri,
1605 1121 1648 1192 =r

200 1190 341 1277 primum
363 1209 477 1273 rogare
521 1208 538 1251 e
568 1187 639 1260 die,
675 1187 786 1252 deinde
814 1179 891 1273 plus'
911 1208 1013 1252 annua
1034 1187 1215 1274 postularet
1251 1189 1313 1253 Sed
1334 1198 1450 1264 essent,
1479 1191 1521 1255 mi

202 1285 308 1357 Galle,
337 1284 441 1349 omnia
463 1281 583 1358 facilia,
621 1282 648 1346 si
669 1291 700 1346 et
732 1303 767 1345 ea
790 1291 944 1346 mercatus
968 1303 1069 1357 esses,
1102 1303 1181 1369 quae
1203 1303 1262 1368 ego
1285 1282 1520 1360 desiderabam,

202 1388 234 1442 et
257 1376 380 1443 adeam
395 1397 562 1451 summam,
586 1397 678 1462 quam
693 1375 864 1441 volueram.
907 1380 952 1441 Ac
966 1386 1070 1441 mmen
1083 1375 1142 1441 ista
1158 1375 1245 1461 ipsa,
1267 1398 1347 1461 qnae
1363 1388 1392 1443 te
1408 1380 1521 1446 emisse

201 1470 331 1547 scribis,
354 1492 417 1536 non
438 1469 541 1534 solnm
562 1477 631 1534 rata
652 1468 729 1534 mihi
750 1474 843 1534 erunt
864 1468 920 1534 sed
941 1470 1035 1535 etiam
1054 1479 1158 1554 grata;
1181 1468 1270 1555 plane
1286 1471 1369 1536 enim
1383 1473 1521 1556 intelligo
1533 1492 1558 1529 ¹⁰

202 1571 233 1628 te
256 1584 319 1629 non
341 1563 436 1630 modo
458 1563 561 1629 studio
583 1563 639 1629 sed
667 1563 760 1628 etiam
782 1584 891 1628 amore
915 1585 1024 1638 usum,
1047 1585 1127 1650 quae
1149 1573 1180 1627 te
1202 1563 1398 1639 delectarint,
1421 1568 1523 1632 homi-

201 1681 292 1734 nem,
314 1667 349 1723 ut
370 1679 429 1742 ego
451 1678 576 1743 semper
597 1656 750 1733 iudicavi,
773 1657 913 1722 inomni
936 1657 1052 1724 iudicio
1074 1658 1351 1742 elegantissimum,
1374 1681 1454 1746 quae
1472 1682 1521 1726 me

202 1751 297 1836 digna
317 1752 454 1837 putaris,
477 1750 639 1817 coemisse.
682 1755 713 1816 2.
736 1752 798 1816 Sed
819 1751 912 1817 velim
935 1762 1058 1817 maneat
1079 1751 1284 1838 Damasippus
1306 1751 1338 1816 in
1353 1753 1520 1830 sententia;

200 1866 334 1931 prorsus
364 1845 446 1910 enim
469 1867 509 1910 ex
531 1845 597 1910 istis
619 1844 830 1931 emptionibus
852 1845 968 1911 nullam
990 1844 1145 1910 desidero.
1201 1851 1247 1909 Tu
1269 1853 1371 1911 autem
1392 1847 1521 1931 ignarus

201 1937 335 2004 instituti
355 1938 432 2012 mei,
461 1939 569 2024 quanti
591 1959 650 2022 ego
673 1959 771 2023 genus
793 1937 921 2004 omnino
943 1938 1103 2023 signorum
1126 1938 1264 2004 omnium
1286 1960 1349 2004 non
1370 1939 1558 2013 aestimo,¹a

201 2032 279 2098 tanti
299 2031 359 2094 ista
381 2041 528 2118 quattuor
548 2041 602 2096 aut
623 2033 761 2119 quinque
782 2032 951 2118 sumpsisti.
994 2032 1128 2097 Bacchas
1151 2032 1224 2097 istas
1245 2053 1317 2097 cum
1337 2035 1434 2099 Musis
1457 2039 1521 2098 Me

201 2125 268 2190 telli
298 2145 471 2211 comparas.
529 2125 613 2203 Quid
635 2125 758 2192 simile?
787 2126 926 2191 Primum
954 2127 1036 2212 ipsas
1059 2147 1118 2211 ego
1139 2131 1243 2191 Musas
1265 2147 1422 2213 nunquam
1445 2127 1519 2191 tanti

200 2228 375 2307 putassem,
409 2229 501 2304 atque
530 2219 563 2284 id
589 2218 732 2284 fecissem
761 2220 856 2284 Musis
879 2219 1024 2285 omnibus
1046 2218 1306 2306 approbantibus,
1339 2217 1394 2284 sed
1417 2228 1519 2284 tanmn

201 2323 270 2379 erat
292 2322 397 2398 aptum
418 2311 624 2380 bibliothecae
646 2312 819 2399 studiisque
841 2313 956 2399 nostris
977 2333 1163 2399 congruens.
1206 2312 1333 2378 Bacchis
1359 2333 1436 2378 vero
1464 2311 1519 2378 ubi
1611 2293 1674 2372 ‚³

202 2417 250 2472 est
270 2404 354 2492 apud
376 2426 426 2469 me
447 2406 558 2470 locust
580 2441 621 2454 -
641 2412 680 2471 At
700 2406 873 2493 pulchellae
894 2399 975 2474 sunt.
998 2445 1040 2454 --
1060 2407 1140 2474 Nori
1160 2407 1276 2493 optime
1292 2415 1322 2471 et
1336 2427 1429 2493 saepe
1444 2406 1557 2472 vidiae

200 2499 390 2566 Nominatim
420 2497 474 2563 tibi
503 2500 591 2584 signa
619 2497 694 2565 mihi
723 2510 797 2566 nota
825 2500 1035 2578 mandassem,
1072 2502 1098 2566 si
1124 2501 1317 2588 probassem.
1370 2503 1414 2564 Ea
1436 2500 1518 2564 enim

201 2597 291 2680 signa
310 2613 370 2678 ego
383 2614 489 2658 emere
504 2594 607 2668 soleo,
630 2615 709 2680 quae
725 2593 764 2658 ad
779 2595 1012 2660 similitudinem
1027 2597 1260 2684 gymnasiorum
1274 2603 1428 2659 exornent
1445 2593 1519 2658 mihi

201 2689 233 2752 in
255 2687 409 2774 palaestra
431 2686 546 2751 locum.
595 2687 703 2751 Martis
724 2709 802 2753 vero
824 2690 947 2773 signum
968 2709 1031 2775 quo
1054 2689 1130 2752 mihi
1151 2689 1237 2776 pacis
1258 2685 1400 2753 auctori?
1437 2691 1519 2752 Gau-

201 2780 262 2847 deo
284 2781 404 2847 nullum
426 2780 551 2846 Saturni
586 2780 710 2865 signum
731 2779 847 2861 luisse;
880 2783 957 2847 haee
979 2781 1063 2846 enim
1085 2781 1148 2848 duo
1170 2781 1258 2867 signa
1278 2789 1422 2867 putarem
1443 2779 1519 2844 mihi

175 2897 255 2942 -aes
276 2874 411 2940 alienum
433 2874 581 2940 attulisse.
623 2875 772 2941 Mercurii
805 2875 929 2941 mallem
951 2875 1079 2961 aliquod
1103 2874 1232 2941 suisset:
1265 2873 1403 2948 facilius,
1426 2884 1557 2959 puteas

200 2991 272 3036 cum
294 2967 425 3034 Avianio
441 2968 612 3053 transigere
627 2989 801 3054 possemus.
843 2974 873 3034 3.
897 2969 990 3046 Quod
1005 2968 1061 3034 tibi
1076 2968 1248 3034 destinaras
1263 2967 1518 3054 τραπεζοφόρον,

201 3063 228 3129 si
250 3071 282 3127 te
304 3062 447 3136 delectat,
477 3061 621 3140 habebis;
652 3063 700 3127 sin
721 3071 825 3128 autom
846 3063 1030 3127 sententiam
1052 3063 1189 3137 mutasti,
1213 3083 1272 3148 ego
1294 3059 1416 3125 habebo
1438 3060 1518 3125 scili-

201 3163 261 3222 cet.
311 3159 372 3221 Ista
400 3155 527 3242 quidem
556 3177 677 3221 summa
697 3177 756 3220 nae
778 3175 837 3240 ego
859 3155 957 3220 multo
979 3154 1126 3220 libentius
1148 3155 1278 3220 emerim
1301 3155 1518 3220 deversorium

201 3249 408 3324 Tarracinae,
430 3271 470 3314 ne
492 3270 617 3335 semper
638 3249 754 3336 hospiti
774 3248 924 3314 molestus
946 3247 1015 3314 sim.
1060 3249 1195 3314 Omnino
1217 3247 1322 3312 liberti
1343 3247 1406 3313 mei
1426 3246 1519 3312 video

202 3365 271 3410 esse
294 3344 434 3429 eulpam,
455 3343 505 3408 cui
527 3344 617 3430 plane
639 3365 690 3408 res
711 3352 811 3408 certas
829 3343 1026 3420 mandaram;
1049 3341 1186 3427 itemque
1208 3341 1304 3416 Iunii,
1327 3362 1419 3427 quem
1442 3349 1556 3427 puteo

202 3438 260 3504 tibi
281 3447 390 3504 notum
412 3459 497 3512 esse,
519 3437 642 3504 Avianii
662 3436 858 3527 familiarem.
900 3435 1058 3501 Exhedria
1079 3435 1234 3524 quaedam
1254 3434 1333 3500 mihi
1354 3457 1434 3501 nova
1450 3444 1520 3502 sunt
1624 3493 1643 3529 ¹.

202 3533 341 3598 instituta
362 3532 394 3596 in
414 3531 570 3618 porticula
591 3530 766 3597 Tusculani.
815 3533 860 3595 Ea
882 3527 1023 3595 volebam
1047 3529 1167 3596 tabellis
1189 3550 1317 3608 ornare;
1340 3533 1470 3606 etenim,
1493 3529 1519 3595 si

203 3625 279 3714 quid
300 3626 425 3711 generis
454 3624 632 3690 istiusmodi
663 3647 714 3689 me
737 3623 884 3699 delectat,
920 3624 1041 3710 pictura
1063 3625 1203 3691 delectat.
1262 3623 1323 3690 Sed
1344 3631 1464 3698 tamen,
1494 3622 1520 3686 si

202 3720 260 3784 ista
291 3719 367 3784 mihi
394 3727 466 3785 sunt
494 3717 654 3792 habenda,
686 3719 853 3783 certiorem
875 3718 969 3783 velim
992 3741 1041 3784 me
1062 3718 1172 3794 facias,
1209 3717 1264 3784 ubi
1286 3720 1362 3792 sint,
1396 3715 1520 3804 quando

203 3822 418 3886 arcessantur,
451 3833 515 3899 qno
544 3832 660 3896 genere
692 3821 849 3876 vecturae.
903 3811 934 3876 Si
965 3812 1047 3876 enim
1074 3812 1279 3898 Damasippus
1308 3811 1339 3876 in
1369 3810 1558 3876 sententian

203 3927 266 3971 non
287 3905 440 3981 manebit,
473 3904 611 3991 aliquem
637 3904 977 3991 Pseudodamasippum
1004 3905 1055 3970 vel
1084 3927 1155 3970 cum
1176 3905 1294 3970 iactura
1315 3905 1520 3992 reperiemus.

202 4004 233 4065 4.
257 3999 351 4076 Quod
378 4000 418 4065 ad
439 4021 489 4064 mo
523 3998 562 4062 de
585 3998 680 4064 domo
702 3997 811 4063 scribis
832 3997 962 4074 iterum,
994 3999 1058 4064 iam
1078 3999 1112 4063 id
1133 4020 1192 4084 ego
1213 3997 1414 4085 proficiscens
1436 4020 1522 4062 man·

203 4091 316 4158 dabam
339 4115 426 4158 meae
454 4093 590 4171 Tulliae3
628 4113 664 4156 ea
687 4091 769 4156 enim
791 4091 858 4178 ipsa
880 4090 959 4158 hora
980 4113 1161 4179 acceperam
1184 4103 1251 4157 tuas
1273 4092 1399 4158 litteras.
1441 4097 1520 4176 Ege·

205 4209 271 4252 ram
292 4187 385 4252 etiam
412 4209 483 4252 cum
505 4197 559 4252 tuo
581 4187 680 4261 Nicia,
714 4185 800 4273 quod
821 4186 848 4250 is
868 4187 983 4262 utitur,
1019 4196 1054 4252 nt
1075 4186 1151 4262 scis,
1188 4186 1382 4252 familiariter
1405 4183 1521 4252 Cassio.

206 4285 241 4346 Ut
261 4281 341 4345 redii
364 4290 485 4356 autem,
508 4279 597 4367 prius
619 4301 714 4366 quam
736 4285 803 4344 tuas
825 4279 887 4364 legi
910 4281 964 4345 has
985 4281 1146 4367 proximas
1163 4281 1297 4357 litteras,
1321 4277 1460 4367 quaesivi
1482 4275 1558 4342 deo

205 4396 272 4439 mea
300 4374 418 4448 Tullia,
449 4373 523 4460 quid
548 4374 672 4458 egisset.
724 4377 786 4438 Per
806 4373 955 4438 Liciniam
978 4396 1011 4439 se
1043 4375 1142 4459 egisse
1165 4375 1302 4453 dicebat;
1332 4373 1386 4439 sed
1408 4373 1522 4459 opinor

205 4467 344 4534 Cassium
365 4467 412 4533 uti
432 4489 496 4531 non
518 4467 561 4532 ita
582 4466 713 4532 multum
735 4487 861 4545 sorore3
892 4489 960 4531 earn
983 4487 1080 4553 porro
1102 4490 1217 4554 negare
1239 4490 1273 4534 se
1294 4468 1427 4540 audere,
1450 4487 1521 4530 cum

205 4560 253 4625 sir
273 4559 397 4625 abesset
417 4596 457 4606 -
481 4570 528 4626 est
548 4561 631 4624 enim
652 4557 811 4645 profectus
832 4559 865 4624 in
886 4561 1065 4645 llispaniam
1087 4561 1235 4642 †Dexius
1257 4597 1311 4637 —,
1340 4561 1395 4626 illo
1417 4567 1448 4624 et
1469 4557 1523 4624 ab·

273 4721 300 4770 2.
318 4722 404 4772 Fadio
422 4723 550 4784 Pighius:
576 4723 659 4772 nanto
677 4721 737 4770 llll.
768 4744 797 4754 -
833 4721 860 4771 4.
879 4722 1044 4775 Avtnnts‘ld:
1073 4723 1169 4772 Aviani
1187 4723 1217 4772 li.
1247 4749 1276 4759 -
1312 4723 1341 4773 ·1.
1358 4721 1522 4784 postularent

204 4791 243 4842 41.
264 4815 295 4828 -·
331 4794 358 4843 2.
377 4793 413 4842 Ae
432 4799 519 4842 tomen
537 4791 583 4842 M:
611 4793 733 4842 Attamen
750 4790 781 4840 Ε.
809 4815 838 4826 -
875 4793 919 4841 12.
939 4793 1011 4842 Fort.
1028 4794 1093 4856 quin
1111 4807 1159 4844 me.
1180 4793 1231 4844 On.
1256 4815 1287 4827 ·-
1323 4791 1367 4843 14.
1386 4793 1522 4853 sumpsisse
1550 4801 1553 4806 ’

204 4861 243 4910 hl.
276 4885 306 4896 -
344 4862 387 4912 19.
406 4869 482 4913 erant
505 4862 543 4912 lll.
579 4863 651 4911 Fert.
671 4867 747 4912 erunt
765 4853 885 4925 ἄγαλμα
909 4869 1011 4923 aptum.
1036 4863 1087 4914 On.
1120 4889 1151 4898 -
1187 4863 1231 4912 25.
1250 4863 1353 4925 [nntius
1371 4862 1521 4912 Victorius=

204 4931 303 4992 [ettalus
321 4931 380 4982 ΜΕ.
411 4957 442 4968 -
478 4932 523 4982 26.
543 4933 748 4994 trepnrsptsoron
765 4930 807 4990 hl,
833 4933 1041 4994 tropssnphoron
1062 4932 1090 4982 E.
1113 4957 1143 4968 -
1180 4931 1521 4982 2⁸1.hnheottl.—-l·'ort.

205 5001 319 5051 habeto:
339 5002 397 5052 ticet
414 5004 467 5052 tstn
486 5007 537 5052 cet.
558 5003 638 5054 Bura.
660 5025 691 5037 -
727 5001 771 5050 31.
790 5002 920 5050 sshndrs‘o
937 5003 975 5052 ht.
995 5029 1027 5039 -
1064 5003 1107 5052 37.
1126 5002 1285 5052 mundabam
1304 5002 1345 5052 hl:
1365 5003 1523 5052 mundns-nm

206 5070 235 5120 S.
257 5095 289 5106 -
324 5071 369 5123 ts.
388 5086 504 5124 sorornn
525 5071 562 5126 bl.
584 5099 613 5110 -
651 5071 833 5122 441444ιί1144
852 5071 1007 5127 Lambinus.
1034 5069 1115 5138 (Saue
1134 5073 1198 5124 latet
1215 5073 1259 5124 hic
1278 5071 1453 5136 corruptela.)
