<?xml version="1.0" encoding="UTF-8"?>
<!DOCTYPE html PUBLIC "-//W3C//DTD XHTML 1.0 Transitional//EN"
    "http://www.w3.org/TR/xhtml1/DTD/xhtml1-transitional.dtd">
<html xmlns="http://www.w3.org/1999/xhtml" xml:lang="en" lang="en">
 <head>
  <title>
</title>
<meta http-equiv="Content-Type" content="text/html;charset=utf-8" />
  <meta name='ocr-system' content='tesseract 3.04.00' />
  <meta name='ocr-capabilities' content='ocr_page ocr_carea ocr_par ocr_line ocrx_word'/>
</head>
<body>
  <div class='ocr_page' id='page_1' title='image "./mtulliiciceroni06baitgoog_0074.png"; bbox 0 0 3666 5874; ppageno 0'>
   <div class='ocr_carea' id='block_1_1' title="bbox 680 331 1609 398">
    <p class='ocr_par' dir='ltr' id='par_1_1' title="bbox 680 331 1609 398">
     <span class='ocr_line' id='line_1_1' title="bbox 680 331 1609 398; baseline -0.009 -4"><span class='ocrx_word' id='word_1_1' title='bbox 680 331 1058 396; x_wconf 73' lang='lat' dir='ltr'>Lm.LEt³.s.s.e.</span> <span class='ocrx_word' id='word_1_2' title='bbox 1538 335 1609 398; x_wconf 85' lang='lat'>5.</span> 
     </span>
    </p>
   </div>
   <div class='ocr_carea' id='block_1_2' title="bbox 236 483 1724 2167">
    <p class='ocr_par' dir='ltr' id='par_1_2' title="bbox 238 483 1580 1135">
     <span class='ocr_line' id='line_1_2' title="bbox 238 483 1557 575; baseline 0.002 -22"><span class='ocrx_word' id='word_1_3' title='bbox 238 507 280 553; x_wconf 89' lang='lat' dir='ltr'>co</span> <span class='ocrx_word' id='word_1_4' title='bbox 311 484 364 552; x_wconf 84' lang='lat' dir='ltr'>die</span> <span class='ocrx_word' id='word_1_5' title='bbox 384 505 459 552; x_wconf 85' lang='lat' dir='ltr'>casn</span> <span class='ocrx_word' id='word_1_6' title='bbox 479 483 562 573; x_wconf 87' lang='lat' dir='ltr'>apud</span> <span class='ocrx_word' id='word_1_7' title='bbox 582 487 765 572; x_wconf 84' lang='lat' dir='ltr'>Pompeium</span> <span class='ocrx_word' id='word_1_8' title='bbox 793 487 922 553; x_wconf 85' lang='lat' dir='ltr'>coenavi</span> <span class='ocrx_word' id='word_1_9' title='bbox 944 494 1113 572; x_wconf 85' lang='lat' dir='ltr'>nactusque</span> <span class='ocrx_word' id='word_1_10' title='bbox 1135 495 1258 574; x_wconf 85' lang='lat' dir='ltr'>tempus</span> <span class='ocrx_word' id='word_1_11' title='bbox 1278 487 1338 554; x_wconf 79' lang='lat' dir='ltr'>hor.</span> <span class='ocrx_word' id='word_1_12' title='bbox 1365 490 1462 575; x_wconf 73' lang='lat' dir='ltr'>magu</span> <span class='ocrx_word' id='word_1_13' title='bbox 1488 488 1557 556; x_wconf 88' lang='lat' dir='ltr'>ido·</span> 
     </span>
     <span class='ocr_line' id='line_1_3' title="bbox 238 578 1558 668; baseline 0.003 -23"><span class='ocrx_word' id='word_1_14' title='bbox 238 601 334 646; x_wconf 89' lang='lat' dir='ltr'>neum</span> <span class='ocrx_word' id='word_1_15' title='bbox 363 600 457 666; x_wconf 90' lang='lat' dir='ltr'>quam</span> <span class='ocrx_word' id='word_1_16' title='bbox 478 601 614 666; x_wconf 90' lang='lat' dir='ltr'>unquam</span> <span class='ocrx_word' id='word_1_17' title='bbox 633 589 736 655; x_wconf 87' lang='lat' dir='ltr'>antea,</span> <span class='ocrx_word' id='word_1_18' title='bbox 764 578 850 668; x_wconf 92' lang='lat' dir='ltr'>quod</span> <span class='ocrx_word' id='word_1_19' title='bbox 869 587 941 666; x_wconf 91' lang='lat' dir='ltr'>post</span> <span class='ocrx_word' id='word_1_20' title='bbox 961 588 1049 646; x_wconf 89' lang='lat' dir='ltr'>tuum</span> <span class='ocrx_word' id='word_1_21' title='bbox 1069 579 1239 647; x_wconf 77' lang='lat' dir='ltr'>discessum</span> <span class='ocrx_word' id='word_1_22' title='bbox 1261 582 1288 646; x_wconf 87' lang='lat' dir='ltr'>is</span> <span class='ocrx_word' id='word_1_23' title='bbox 1309 582 1376 648; x_wconf 91' lang='lat' dir='ltr'>dies</span> <span class='ocrx_word' id='word_1_24' title='bbox 1405 581 1558 650; x_wconf 88' lang='lat' dir='ltr'>honestis-</span> 
     </span>
     <span class='ocr_line' id='line_1_4' title="bbox 238 672 1556 749; baseline 0.004 -11"><span class='ocrx_word' id='word_1_25' title='bbox 238 674 337 739; x_wconf 86' lang='lat' dir='ltr'>simus</span> <span class='ocrx_word' id='word_1_26' title='bbox 358 672 450 738; x_wconf 89' lang='lat' dir='ltr'>nobis</span> <span class='ocrx_word' id='word_1_27' title='bbox 471 673 573 739; x_wconf 87' lang='lat' dir='ltr'>luerat</span> <span class='ocrx_word' id='word_1_28' title='bbox 593 673 627 738; x_wconf 92' lang='lat' dir='ltr'>in</span> <span class='ocrx_word' id='word_1_29' title='bbox 647 683 770 749; x_wconf 89' lang='lat' dir='ltr'>senatu,</span> <span class='ocrx_word' id='word_1_30' title='bbox 793 674 835 740; x_wconf 85' lang='lat' dir='ltr'>ita</span> <span class='ocrx_word' id='word_1_31' title='bbox 857 695 926 739; x_wconf 89' lang='lat' dir='ltr'>sum</span> <span class='ocrx_word' id='word_1_32' title='bbox 947 695 1018 740; x_wconf 90' lang='lat' dir='ltr'>cum</span> <span class='ocrx_word' id='word_1_33' title='bbox 1040 673 1095 739; x_wconf 93' lang='lat' dir='ltr'>illo</span> <span class='ocrx_word' id='word_1_34' title='bbox 1116 673 1252 748; x_wconf 88' lang='lat' dir='ltr'>loeutus,</span> <span class='ocrx_word' id='word_1_35' title='bbox 1275 685 1311 741; x_wconf 91' lang='lat' dir='ltr'>nt</span> <span class='ocrx_word' id='word_1_36' title='bbox 1333 676 1409 740; x_wconf 90' lang='lat' dir='ltr'>mibi</span> <span class='ocrx_word' id='word_1_37' title='bbox 1431 676 1556 743; x_wconf 89' lang='lat' dir='ltr'>viderer</span> 
     </span>
     <span class='ocr_line' id='line_1_5' title="bbox 239 765 1555 853; baseline 0.004 -22"><span class='ocrx_word' id='word_1_38' title='bbox 239 767 377 832; x_wconf 84' lang='lat' dir='ltr'>animum</span> <span class='ocrx_word' id='word_1_39' title='bbox 405 766 539 832; x_wconf 91' lang='lat' dir='ltr'>bominis</span> <span class='ocrx_word' id='word_1_40' title='bbox 565 765 605 831; x_wconf 87' lang='lat' dir='ltr'>ab</span> <span class='ocrx_word' id='word_1_41' title='bbox 632 769 718 833; x_wconf 90' lang='lat' dir='ltr'>omni</span> <span class='ocrx_word' id='word_1_42' title='bbox 744 767 805 833; x_wconf 89' lang='lat' dir='ltr'>alia</span> <span class='ocrx_word' id='word_1_43' title='bbox 833 767 1020 853; x_wconf 69' lang='lat' dir='ltr'>cogitatione</span> <span class='ocrx_word' id='word_1_44' title='bbox 1042 765 1082 832; x_wconf 92' lang='lat' dir='ltr'>ad</span> <span class='ocrx_word' id='word_1_45' title='bbox 1103 777 1187 834; x_wconf 90' lang='lat' dir='ltr'>tuam</span> <span class='ocrx_word' id='word_1_46' title='bbox 1209 767 1388 852; x_wconf 87' lang='lat' dir='ltr'>dignitatem</span> <span class='ocrx_word' id='word_1_47' title='bbox 1411 771 1555 836; x_wconf 89' lang='lat' dir='ltr'>tuendam</span> 
     </span>
     <span class='ocr_line' id='line_1_6' title="bbox 238 860 1580 950; baseline 0.004 -25"><span class='ocrx_word' id='word_1_48' title='bbox 238 860 414 926; x_wconf 73' lang='lat' dir='ltr'>maduoere.</span> <span class='ocrx_word' id='word_1_49' title='bbox 443 863 545 938; x_wconf 86' lang='lat' dir='ltr'>Quem</span> <span class='ocrx_word' id='word_1_50' title='bbox 566 881 627 946; x_wconf 90' lang='lat' dir='ltr'>ego</span> <span class='ocrx_word' id='word_1_51' title='bbox 647 861 750 948; x_wconf 89' lang='lat' dir='ltr'>ipsum</span> <span class='ocrx_word' id='word_1_52' title='bbox 765 882 836 927; x_wconf 90' lang='lat' dir='ltr'>cum</span> <span class='ocrx_word' id='word_1_53' title='bbox 850 861 960 935; x_wconf 91' lang='lat' dir='ltr'>audio,</span> <span class='ocrx_word' id='word_1_54' title='bbox 982 880 1113 946; x_wconf 89' lang='lat' dir='ltr'>prorsus</span> <span class='ocrx_word' id='word_1_55' title='bbox 1134 881 1205 927; x_wconf 91' lang='lat' dir='ltr'>eum</span> <span class='ocrx_word' id='word_1_56' title='bbox 1226 861 1328 928; x_wconf 93' lang='lat' dir='ltr'>libero</span> <span class='ocrx_word' id='word_1_57' title='bbox 1350 863 1435 928; x_wconf 89' lang='lat' dir='ltr'>omni</span> <span class='ocrx_word' id='word_1_58' title='bbox 1456 864 1580 950; x_wconf 77' lang='lat' dir='ltr'>auspi-s</span> 
     </span>
     <span class='ocr_line' id='line_1_7' title="bbox 238 953 1555 1040; baseline 0.003 -21"><span class='ocrx_word' id='word_1_59' title='bbox 238 955 329 1019; x_wconf 71' lang='lat' dir='ltr'>done</span> <span class='ocrx_word' id='word_1_60' title='bbox 356 953 549 1040; x_wconf 85' lang='lat' dir='ltr'>cupiditatis;</span> <span class='ocrx_word' id='word_1_61' title='bbox 586 975 657 1020; x_wconf 89' lang='lat' dir='ltr'>curn</span> <span class='ocrx_word' id='word_1_62' title='bbox 685 963 788 1021; x_wconf 89' lang='lat' dir='ltr'>autem</span> <span class='ocrx_word' id='word_1_63' title='bbox 817 955 885 1020; x_wconf 88' lang='lat' dir='ltr'>eius</span> <span class='ocrx_word' id='word_1_64' title='bbox 913 953 1082 1020; x_wconf 78' lang='lat' dir='ltr'><strong>familiares</strong></span> <span class='ocrx_word' id='word_1_65' title='bbox 1111 954 1250 1020; x_wconf 90' lang='lat' dir='ltr'>omnium</span> <span class='ocrx_word' id='word_1_66' title='bbox 1278 955 1425 1022; x_wconf 88' lang='lat' dir='ltr'>ordinum</span> <span class='ocrx_word' id='word_1_67' title='bbox 1446 955 1555 1030; x_wconf 85' lang='lat' dir='ltr'>video,</span> 
     </span>
     <span class='ocr_line' id='line_1_8' title="bbox 238 1046 1557 1158; baseline 0.002 -47"><span class='ocrx_word' id='word_1_68' title='bbox 238 1047 412 1134; x_wconf 85' lang='lat' dir='ltr'>perspicio,</span> <span class='ocrx_word' id='word_1_69' title='bbox 435 1046 468 1113; x_wconf 92' lang='lat' dir='ltr'>id</span> <span class='ocrx_word' id='word_1_70' title='bbox 488 1047 603 1135; x_wconf 91' lang='lat' dir='ltr'>quod</span> <span class='ocrx_word' id='word_1_71' title='bbox 594 1069 656 1114; x_wconf 85' lang='lat' dir='ltr'>ram</span> <span class='ocrx_word' id='word_1_72' title='bbox 677 1047 822 1114; x_wconf 92' lang='lat' dir='ltr'>omnibus</span> <span class='ocrx_word' id='word_1_73' title='bbox 844 1056 892 1114; x_wconf 91' lang='lat' dir='ltr'>est</span> <span class='ocrx_word' id='word_1_74' title='bbox 911 1057 1068 1158; x_wconf 78' lang='lat' dir='ltr'>apertum,</span> <span class='ocrx_word' id='word_1_75' title='bbox 1097 1057 1194 1114; x_wconf 90' lang='lat' dir='ltr'>totam</span> <span class='ocrx_word' id='word_1_76' title='bbox 1211 1070 1280 1114; x_wconf 87' lang='lat' dir='ltr'>rem</span> <span class='ocrx_word' id='word_1_77' title='bbox 1302 1049 1423 1114; x_wconf 89' lang='lat' dir='ltr'>istam</span> <span class='ocrx_word' id='word_1_78' title='bbox 1413 1071 1475 1114; x_wconf 83' lang='lat' dir='ltr'>ram</span> <span class='ocrx_word' id='word_1_79' title='bbox 1493 1049 1557 1134; x_wconf 86' lang='lat' dir='ltr'>pri-</span> 
     </span>
    </p>

    <p class='ocr_par' dir='ltr' id='par_1_3' title="bbox 237 1125 1593 1603">
     <span class='ocr_line' id='line_1_9' title="bbox 237 1125 1556 1233; baseline 0.002 -27"><span class='ocrx_word' id='word_1_80' title='bbox 237 1142 311 1206; x_wconf 87' lang='lat' dir='ltr'>dem</span> <span class='ocrx_word' id='word_1_81' title='bbox 333 1164 350 1206; x_wconf 86' lang='lat' dir='ltr'>a</span> <span class='ocrx_word' id='word_1_82' title='bbox 372 1141 467 1207; x_wconf 86' lang='lat' dir='ltr'>certis</span> <span class='ocrx_word' id='word_1_83' title='bbox 488 1141 666 1208; x_wconf 87' lang='lat' dir='ltr'>bominibus</span> <span class='ocrx_word' id='word_1_84' title='bbox 673 1125 774 1236; x_wconf 64' lang='grc' dir='ltr'>,ζιιοιι</span> <span class='ocrx_word' id='word_1_85' title='bbox 796 1143 893 1233; x_wconf 84' lang='lat' dir='ltr'>invito</span> <span class='ocrx_word' id='word_1_86' title='bbox 915 1163 990 1226; x_wconf 91' lang='lat' dir='ltr'>rege</span> <span class='ocrx_word' id='word_1_87' title='bbox 1013 1141 1081 1226; x_wconf 89' lang='lat' dir='ltr'>ipso</span> <span class='ocrx_word' id='word_1_88' title='bbox 1103 1141 1351 1229; x_wconf 82' lang='lat' dir='ltr'>consiliariisque</span> <span class='ocrx_word' id='word_1_89' title='bbox 1372 1139 1460 1228; x_wconf 77' lang='lat' dir='ltr'>eius)</span> <span class='ocrx_word' id='word_1_90' title='bbox 1488 1163 1556 1208; x_wconf 88' lang='lat' dir='ltr'>esse</span> 
     </span>
     <span class='ocr_line' id='line_1_10' title="bbox 237 1235 1556 1322; baseline 0.002 -22"><span class='ocrx_word' id='word_1_91' title='bbox 237 1245 429 1322; x_wconf 78' lang='lat' dir='ltr'>corruptam.</span> <span class='ocrx_word' id='word_1_92' title='bbox 482 1241 513 1301; x_wconf 78' lang='lat' dir='ltr'>l.</span> <span class='ocrx_word' id='word_1_93' title='bbox 540 1241 625 1301; x_wconf 86' lang='lat' dir='ltr'>Haec</span> <span class='ocrx_word' id='word_1_94' title='bbox 649 1236 809 1322; x_wconf 90' lang='lat' dir='ltr'>scripsia.</span> <span class='ocrx_word' id='word_1_95' title='bbox 832 1235 862 1302; x_wconf 96' lang='lat' dir='ltr'>d.</span> <span class='ocrx_word' id='word_1_96' title='bbox 884 1241 967 1304; x_wconf 85' lang='lat' dir='ltr'>XVI.</span> <span class='ocrx_word' id='word_1_97' title='bbox 989 1235 1055 1302; x_wconf 81' lang='lat' dir='ltr'>llal.</span> <span class='ocrx_word' id='word_1_98' title='bbox 1078 1235 1168 1301; x_wconf 86' lang='lat' dir='ltr'>Febr</span> <span class='ocrx_word' id='word_1_99' title='bbox 1190 1245 1260 1300; x_wconf 90' lang='lat' dir='ltr'>anto</span> <span class='ocrx_word' id='word_1_100' title='bbox 1281 1236 1392 1302; x_wconf 92' lang='lat' dir='ltr'>lucem.</span> <span class='ocrx_word' id='word_1_101' title='bbox 1436 1242 1483 1302; x_wconf 88' lang='lat' dir='ltr'>Eo</span> <span class='ocrx_word' id='word_1_102' title='bbox 1505 1236 1556 1302; x_wconf 93' lang='lat' dir='ltr'>die</span> 
     </span>
     <span class='ocr_line' id='line_1_11' title="bbox 237 1328 1593 1416; baseline 0.001 -22"><span class='ocrx_word' id='word_1_103' title='bbox 237 1341 363 1395; x_wconf 89' lang='lat' dir='ltr'>senatus</span> <span class='ocrx_word' id='word_1_104' title='bbox 384 1339 452 1394; x_wconf 86' lang='lat' dir='ltr'>erat</span> <span class='ocrx_word' id='word_1_105' title='bbox 472 1329 605 1396; x_wconf 81' lang='lat' dir='ltr'>iuturus.</span> <span class='ocrx_word' id='word_1_106' title='bbox 656 1329 749 1395; x_wconf 89' lang='lat' dir='ltr'>Nos&#39;</span> <span class='ocrx_word' id='word_1_107' title='bbox 739 1352 772 1394; x_wconf 86' lang='grc' dir='ltr'>ιιι</span> <span class='ocrx_word' id='word_1_108' title='bbox 794 1338 916 1404; x_wconf 88' lang='lat' dir='ltr'>senatu,</span> <span class='ocrx_word' id='word_1_109' title='bbox 945 1328 1207 1416; x_wconf 87' lang='lat' dir='ltr'>quemadmodum</span> <span class='ocrx_word' id='word_1_110' title='bbox 1228 1351 1342 1416; x_wconf 89' lang='lat' dir='ltr'>spero,</span> <span class='ocrx_word' id='word_1_111' title='bbox 1376 1329 1554 1416; x_wconf 88' lang='lat' dir='ltr'>dignitatem</span> <span class='ocrx_word' id='word_1_112' title='bbox 1567 1355 1593 1396; x_wconf 87' lang='grc' dir='ltr'>ιο</span> 
     </span>
     <span class='ocr_line' id='line_1_12' title="bbox 238 1422 1555 1510; baseline 0.001 -21"><span class='ocrx_word' id='word_1_113' title='bbox 238 1432 390 1497; x_wconf 87' lang='lat' dir='ltr'>nostram,</span> <span class='ocrx_word' id='word_1_114' title='bbox 420 1433 455 1491; x_wconf 90' lang='lat' dir='ltr'>ut</span> <span class='ocrx_word' id='word_1_115' title='bbox 475 1433 578 1508; x_wconf 88' lang='lat' dir='ltr'>potest</span> <span class='ocrx_word' id='word_1_116' title='bbox 598 1423 631 1488; x_wconf 92' lang='lat' dir='ltr'>in</span> <span class='ocrx_word' id='word_1_117' title='bbox 653 1431 735 1488; x_wconf 88' lang='lat' dir='ltr'>tanta</span> <span class='ocrx_word' id='word_1_118' title='bbox 756 1423 917 1488; x_wconf 89' lang='lat' dir='ltr'>bominum</span> <span class='ocrx_word' id='word_1_119' title='bbox 939 1422 1069 1508; x_wconf 88' lang='lat' dir='ltr'>pertidia</span> <span class='ocrx_word' id='word_1_120' title='bbox 1091 1429 1121 1486; x_wconf 91' lang='lat' dir='ltr'>et</span> <span class='ocrx_word' id='word_1_121' title='bbox 1142 1422 1319 1510; x_wconf 80' lang='lat' dir='ltr'>iniquitate,</span> <span class='ocrx_word' id='word_1_122' title='bbox 1340 1424 1555 1490; x_wconf 88' lang='lat' dir='ltr'>retinebimus.</span> 
     </span>
     <span class='ocr_line' id='line_1_13' title="bbox 238 1516 1556 1603; baseline 0.001 -20"><span class='ocrx_word' id='word_1_123' title='bbox 238 1517 332 1594; x_wconf 83' lang='lat' dir='ltr'>Quod</span> <span class='ocrx_word' id='word_1_124' title='bbox 360 1517 399 1580; x_wconf 91' lang='lat' dir='ltr'>ad</span> <span class='ocrx_word' id='word_1_125' title='bbox 425 1517 610 1603; x_wconf 81' lang='lat' dir='ltr'>popularem</span> <span class='ocrx_word' id='word_1_126' title='bbox 637 1517 791 1582; x_wconf 89' lang='lat' dir='ltr'>rationem</span> <span class='ocrx_word' id='word_1_127' title='bbox 812 1517 935 1592; x_wconf 87' lang='lat' dir='ltr'>attinet,</span> <span class='ocrx_word' id='word_1_128' title='bbox 968 1517 1028 1582; x_wconf 89' lang='lat' dir='ltr'>boc</span> <span class='ocrx_word' id='word_1_129' title='bbox 1055 1516 1199 1582; x_wconf 84' lang='lat' dir='ltr'>videmur</span> <span class='ocrx_word' id='word_1_130' title='bbox 1221 1537 1289 1584; x_wconf 88' lang='lat' dir='ltr'>osse</span> <span class='ocrx_word' id='word_1_131' title='bbox 1311 1517 1485 1593; x_wconf 86' lang='lat' dir='ltr'>consecuti,</span> <span class='ocrx_word' id='word_1_132' title='bbox 1521 1526 1556 1584; x_wconf 88' lang='lat' dir='ltr'>ut</span> 
     </span>
    </p>

    <p class='ocr_par' dir='ltr' id='par_1_4' title="bbox 236 1609 1724 2072">
     <span class='ocr_line' id='line_1_14' title="bbox 236 1609 1670 1719; baseline 0.002 -46"><span class='ocrx_word' id='word_1_133' title='bbox 236 1631 276 1674; x_wconf 91' lang='lat' dir='ltr'>ne</span> <span class='ocrx_word' id='word_1_134' title='bbox 298 1609 374 1696; x_wconf 94' lang='lat' dir='ltr'>quid</span> <span class='ocrx_word' id='word_1_135' title='bbox 395 1610 446 1718; x_wconf 75' lang='lat' dir='ltr'>agi</span> <span class='ocrx_word' id='word_1_136' title='bbox 466 1631 538 1676; x_wconf 89' lang='lat' dir='ltr'>cum</span> <span class='ocrx_word' id='word_1_137' title='bbox 558 1610 676 1697; x_wconf 94' lang='lat' dir='ltr'>populo</span> <span class='ocrx_word' id='word_1_138' title='bbox 698 1620 751 1677; x_wconf 91' lang='lat' dir='ltr'>ant</span> <span class='ocrx_word' id='word_1_139' title='bbox 772 1611 864 1676; x_wconf 86' lang='lat' dir='ltr'>salvis</span> <span class='ocrx_word' id='word_1_140' title='bbox 886 1610 1031 1696; x_wconf 78' lang='lat' dir='ltr'>auspiciis</span> <span class='ocrx_word' id='word_1_141' title='bbox 1053 1617 1105 1674; x_wconf 86' lang='lat' dir='ltr'>aut</span> <span class='ocrx_word' id='word_1_142' title='bbox 1126 1611 1218 1676; x_wconf 86' lang='lat' dir='ltr'>salvis</span> <span class='ocrx_word' id='word_1_143' title='bbox 1246 1609 1377 1719; x_wconf 82' lang='lat' dir='ltr'>legibus</span> <span class='ocrx_word' id='word_1_144' title='bbox 1388 1618 1441 1676; x_wconf 89' lang='lat' dir='ltr'>aut</span> <span class='ocrx_word' id='word_1_145' title='bbox 1469 1610 1557 1676; x_wconf 91' lang='lat' dir='ltr'>deni-</span> <span class='ocrx_word' id='word_1_146' title='bbox 1663 1619 1670 1638; x_wconf 76' lang='lat'>⁸</span> 
     </span>
     <span class='ocr_line' id='line_1_15' title="bbox 237 1703 1555 1791; baseline 0.001 -22"><span class='ocrx_word' id='word_1_147' title='bbox 237 1726 299 1791; x_wconf 90' lang='lat' dir='ltr'>que</span> <span class='ocrx_word' id='word_1_148' title='bbox 321 1705 388 1769; x_wconf 92' lang='lat' dir='ltr'>sine</span> <span class='ocrx_word' id='word_1_149' title='bbox 410 1704 441 1768; x_wconf 87' lang='lat' dir='ltr'>vi</span> <span class='ocrx_word' id='word_1_150' title='bbox 462 1704 570 1790; x_wconf 88' lang='lat' dir='ltr'>possit.</span> <span class='ocrx_word' id='word_1_151' title='bbox 621 1709 669 1768; x_wconf 88' lang='lat' dir='ltr'>De</span> <span class='ocrx_word' id='word_1_152' title='bbox 696 1703 745 1768; x_wconf 90' lang='lat' dir='ltr'>bis</span> <span class='ocrx_word' id='word_1_153' title='bbox 766 1703 861 1770; x_wconf 91' lang='lat' dir='ltr'>rebus</span> <span class='ocrx_word' id='word_1_154' title='bbox 887 1704 1007 1790; x_wconf 86' lang='lat' dir='ltr'>pridie,</span> <span class='ocrx_word' id='word_1_155' title='bbox 1043 1724 1137 1790; x_wconf 91' lang='lat' dir='ltr'>quam</span> <span class='ocrx_word' id='word_1_156' title='bbox 1166 1704 1242 1768; x_wconf 90' lang='lat' dir='ltr'>baec</span> <span class='ocrx_word' id='word_1_157' title='bbox 1268 1705 1394 1791; x_wconf 88' lang='lat' dir='ltr'>scripsi,</span> <span class='ocrx_word' id='word_1_158' title='bbox 1431 1713 1555 1770; x_wconf 87' lang='lat' dir='ltr'>senatus</span> 
     </span>
     <span class='ocr_line' id='line_1_16' title="bbox 236 1779 1724 1902; baseline -0.001 -38"><span class='ocrx_word' id='word_1_159' title='bbox 236 1797 405 1864; x_wconf 81' lang='lat' dir='ltr'>auetmitas</span> <span class='ocrx_word' id='word_1_160' title='bbox 432 1797 614 1883; x_wconf 84' lang='lat' dir='ltr'>gravissima</span> <span class='ocrx_word' id='word_1_161' title='bbox 639 1798 830 1864; x_wconf 89' lang='lat' dir='ltr'>intercessit·</span> <span class='ocrx_word' id='word_1_162' title='bbox 822 1779 903 1902; x_wconf 84' lang='lat' dir='ltr'>,(cui</span> <span class='ocrx_word' id='word_1_163' title='bbox 932 1819 1002 1862; x_wconf 89' lang='lat' dir='ltr'>cum</span> <span class='ocrx_word' id='word_1_164' title='bbox 1032 1802 1107 1864; x_wconf 91' lang='lat' dir='ltr'>Cato</span> <span class='ocrx_word' id='word_1_165' title='bbox 1135 1806 1165 1862; x_wconf 88' lang='lat' dir='ltr'>et</span> <span class='ocrx_word' id='word_1_166' title='bbox 1192 1798 1337 1863; x_wconf 85' lang='lat' dir='ltr'>Caninius</span> <span class='ocrx_word' id='word_1_167' title='bbox 1365 1799 1592 1864; x_wconf 70' lang='lat' dir='ltr'>intercessise</span> <span class='ocrx_word' id='word_1_168' title='bbox 1630 1791 1724 1860; x_wconf 48' lang='grc' dir='ltr'>νέξ»</span> 
     </span>
     <span class='ocr_line' id='line_1_17' title="bbox 237 1877 1555 2000; baseline -0.003 -42"><span class='ocrx_word' id='word_1_169' title='bbox 237 1883 444 2000; x_wconf 52' lang='lat' dir='ltr'>sentbtamen</span> <span class='ocrx_word' id='word_1_170' title='bbox 466 1899 512 1956; x_wconf 90' lang='lat' dir='ltr'>est</span> <span class='ocrx_word' id='word_1_171' title='bbox 533 1892 714 1978; x_wconf 89' lang='lat' dir='ltr'>perscripta.</span> <span class='ocrx_word' id='word_1_172' title='bbox 757 1895 835 1956; x_wconf 90' lang='lat' dir='ltr'>Eam</span> <span class='ocrx_word' id='word_1_173' title='bbox 855 1890 895 1957; x_wconf 89' lang='lat' dir='ltr'>ad</span> <span class='ocrx_word' id='word_1_174' title='bbox 916 1899 947 1957; x_wconf 88' lang='lat' dir='ltr'>te</span> <span class='ocrx_word' id='word_1_175' title='bbox 962 1892 1087 1956; x_wconf 89' lang='lat' dir='ltr'>missam</span> <span class='ocrx_word' id='word_1_176' title='bbox 1102 1913 1170 1956; x_wconf 90' lang='lat' dir='ltr'>esse</span> <span class='ocrx_word' id='word_1_177' title='bbox 1185 1890 1332 1956; x_wconf 83' lang='lat' dir='ltr'>arbitror.</span> <span class='ocrx_word' id='word_1_178' title='bbox 1374 1896 1421 1955; x_wconf 81' lang='lat' dir='ltr'>lle</span> <span class='ocrx_word' id='word_1_179' title='bbox 1442 1877 1555 1955; x_wconf 87' lang='lat' dir='ltr'>ceteris</span> 
     </span>
     <span class='ocr_line' id='line_1_18' title="bbox 237 1983 1555 2093; baseline 0 -43"><span class='ocrx_word' id='word_1_180' title='bbox 237 1984 350 2060; x_wconf 87' lang='lat' dir='ltr'>rebus,</span> <span class='ocrx_word' id='word_1_181' title='bbox 372 1984 523 2093; x_wconf 81' lang='lat' dir='ltr'>quidquid</span> <span class='ocrx_word' id='word_1_182' title='bbox 546 1985 606 2052; x_wconf 85' lang='lat' dir='ltr'>erit</span> <span class='ocrx_word' id='word_1_183' title='bbox 626 1997 743 2062; x_wconf 89' lang='lat' dir='ltr'>actum,</span> <span class='ocrx_word' id='word_1_184' title='bbox 765 1983 899 2050; x_wconf 86' lang='lat' dir='ltr'>scribam</span> <span class='ocrx_word' id='word_1_185' title='bbox 916 1985 955 2050; x_wconf 90' lang='lat' dir='ltr'>ad</span> <span class='ocrx_word' id='word_1_186' title='bbox 977 1994 1023 2062; x_wconf 90' lang='lat' dir='ltr'>te,</span> <span class='ocrx_word' id='word_1_187' title='bbox 1047 1993 1092 2061; x_wconf 91' lang='lat' dir='ltr'>et,</span> <span class='ocrx_word' id='word_1_188' title='bbox 1121 1993 1155 2050; x_wconf 92' lang='lat' dir='ltr'>ut</span> <span class='ocrx_word' id='word_1_189' title='bbox 1176 2006 1270 2070; x_wconf 87' lang='lat' dir='ltr'>quam</span> <span class='ocrx_word' id='word_1_190' title='bbox 1291 1983 1464 2050; x_wconf 90' lang='lat' dir='ltr'>rectissime</span> <span class='ocrx_word' id='word_1_191' title='bbox 1483 2005 1555 2068; x_wconf 86' lang='lat' dir='ltr'>aga-</span> 
     </span>
    </p>

    <p class='ocr_par' dir='ltr' id='par_1_5' title="bbox 237 2078 1275 2167">
     <span class='ocr_line' id='line_1_19' title="bbox 237 2078 1275 2167; baseline 0 -24"><span class='ocrx_word' id='word_1_192' title='bbox 237 2087 302 2152; x_wconf 90' lang='lat' dir='ltr'>tur,</span> <span class='ocrx_word' id='word_1_193' title='bbox 325 2078 412 2144; x_wconf 90' lang='lat' dir='ltr'>omni</span> <span class='ocrx_word' id='word_1_194' title='bbox 433 2100 503 2146; x_wconf 89' lang='lat' dir='ltr'>mea</span> <span class='ocrx_word' id='word_1_195' title='bbox 523 2099 615 2156; x_wconf 91' lang='lat' dir='ltr'>cura,</span> <span class='ocrx_word' id='word_1_196' title='bbox 637 2099 750 2165; x_wconf 92' lang='lat' dir='ltr'>opera,</span> <span class='ocrx_word' id='word_1_197' title='bbox 773 2079 947 2164; x_wconf 91' lang='lat' dir='ltr'>diligentia,</span> <span class='ocrx_word' id='word_1_198' title='bbox 970 2081 1069 2166; x_wconf 90' lang='lat' dir='ltr'>gratia</span> <span class='ocrx_word' id='word_1_199' title='bbox 1089 2078 1275 2167; x_wconf 85' lang='lat' dir='ltr'>providebo.</span> 
     </span>
    </p>
   </div>
   <div class='ocr_carea' id='block_1_3' title="bbox 514 2219 1590 2404">
    <p class='ocr_par' dir='ltr' id='par_1_6' title="bbox 514 2219 1590 2404">
     <span class='ocr_line' id='line_1_20' title="bbox 709 2219 1081 2304; baseline 0.008 -21"><span class='ocrx_word' id='word_1_200' title='bbox 709 2223 769 2286; x_wconf 86' lang='lat'>111.</span> <span class='ocrx_word' id='word_1_201' title='bbox 812 2220 860 2304; x_wconf 77' lang='lat' dir='ltr'>(A.</span> <span class='ocrx_word' id='word_1_202' title='bbox 887 2224 919 2286; x_wconf 88' lang='lat' dir='ltr'>u.</span> <span class='ocrx_word' id='word_1_203' title='bbox 942 2223 974 2286; x_wconf 90' lang='lat' dir='ltr'>c.</span> <span class='ocrx_word' id='word_1_204' title='bbox 996 2219 1081 2304; x_wconf 86' lang='lat' dir='ltr'>ces.)</span> 
     </span>
     <span class='ocr_line' id='line_1_21' title="bbox 514 2333 1590 2404; baseline 0.005 -6"><span class='ocrx_word' id='word_1_205' title='bbox 514 2337 555 2398; x_wconf 90' lang='grc' dir='ltr'>ιι.</span> <span class='ocrx_word' id='word_1_206' title='bbox 578 2333 720 2399; x_wconf 75' lang='lat' dir='ltr'>cacano</span> <span class='ocrx_word' id='word_1_207' title='bbox 744 2335 774 2398; x_wconf 82' lang='lat' dir='ltr'>a.</span> <span class='ocrx_word' id='word_1_208' title='bbox 795 2337 833 2398; x_wconf 89' lang='lat' dir='ltr'>o.</span> <span class='ocrx_word' id='word_1_209' title='bbox 855 2335 888 2398; x_wconf 86' lang='lat' dir='ltr'>r.</span> <span class='ocrx_word' id='word_1_210' title='bbox 911 2334 1091 2398; x_wconf 78' lang='grc' dir='ltr'>ιιιιιιιιιο</span> <span class='ocrx_word' id='word_1_211' title='bbox 1114 2334 1279 2399; x_wconf 78' lang='lat' dir='ltr'>raucos,</span> <span class='ocrx_word' id='word_1_212' title='bbox 1562 2365 1590 2404; x_wconf 62' lang='grc' dir='ltr'><strong>ι.</strong></span> 
     </span>
    </p>
   </div>
   <div class='ocr_carea' id='block_1_4' title="bbox 235 2450 1590 3382">
    <p class='ocr_par' dir='ltr' id='par_1_7' title="bbox 235 2450 1590 3382">
     <span class='ocr_line' id='line_1_22' title="bbox 321 2450 1554 2540; baseline -0.001 -22"><span class='ocrx_word' id='word_1_213' title='bbox 321 2459 351 2520; x_wconf 88' lang='grc'><strong>1.</strong></span> <span class='ocrx_word' id='word_1_214' title='bbox 386 2457 421 2524; x_wconf 82' lang='grc' dir='ltr'><strong>Α.</strong></span> <span class='ocrx_word' id='word_1_215' title='bbox 443 2450 618 2527; x_wconf 85' lang='lat' dir='ltr'>Trebonio,</span> <span class='ocrx_word' id='word_1_216' title='bbox 652 2453 705 2539; x_wconf 95' lang='lat' dir='ltr'>qui</span> <span class='ocrx_word' id='word_1_217' title='bbox 733 2453 766 2518; x_wconf 92' lang='lat' dir='ltr'>in</span> <span class='ocrx_word' id='word_1_218' title='bbox 796 2461 847 2519; x_wconf 91' lang='lat' dir='ltr'>tua</span> <span class='ocrx_word' id='word_1_219' title='bbox 873 2452 1036 2540; x_wconf 88' lang='lat' dir='ltr'>provincia</span> <span class='ocrx_word' id='word_1_220' title='bbox 1062 2473 1172 2539; x_wconf 88' lang='lat' dir='ltr'>magna</span> <span class='ocrx_word' id='word_1_221' title='bbox 1199 2455 1323 2540; x_wconf 84' lang='lat' dir='ltr'>negotia</span> <span class='ocrx_word' id='word_1_222' title='bbox 1348 2463 1379 2518; x_wconf 92' lang='lat' dir='ltr'>et</span> <span class='ocrx_word' id='word_1_223' title='bbox 1400 2453 1502 2540; x_wconf 89' lang='lat' dir='ltr'>ampla</span> <span class='ocrx_word' id='word_1_224' title='bbox 1523 2462 1554 2517; x_wconf 91' lang='lat' dir='ltr'>et</span> 
     </span>
     <span class='ocr_line' id='line_1_23' title="bbox 235 2546 1554 2636; baseline -0.002 -22"><span class='ocrx_word' id='word_1_225' title='bbox 235 2546 382 2636; x_wconf 82' lang='lat' dir='ltr'>expedita</span> <span class='ocrx_word' id='word_1_226' title='bbox 401 2546 507 2620; x_wconf 88' lang='lat' dir='ltr'>babet,</span> <span class='ocrx_word' id='word_1_227' title='bbox 529 2547 643 2612; x_wconf 90' lang='lat' dir='ltr'>multos</span> <span class='ocrx_word' id='word_1_228' title='bbox 664 2567 762 2612; x_wconf 88' lang='lat' dir='ltr'>anuos</span> <span class='ocrx_word' id='word_1_229' title='bbox 783 2556 856 2613; x_wconf 92' lang='lat' dir='ltr'>utor</span> <span class='ocrx_word' id='word_1_230' title='bbox 876 2546 971 2614; x_wconf 83' lang='lat' dir='ltr'>valde</span> <span class='ocrx_word' id='word_1_231' title='bbox 980 2547 1185 2613; x_wconf 83' lang='lat' dir='ltr'>familiariter.</span> <span class='ocrx_word' id='word_1_232' title='bbox 1227 2553 1342 2613; x_wconf 89' lang='lat' dir='ltr'>Iseum</span> <span class='ocrx_word' id='word_1_233' title='bbox 1361 2557 1451 2612; x_wconf 88' lang='lat' dir='ltr'>antea</span> <span class='ocrx_word' id='word_1_234' title='bbox 1473 2569 1554 2613; x_wconf 89' lang='lat' dir='ltr'>sem-</span> 
     </span>
     <span class='ocr_line' id='line_1_24' title="bbox 235 2641 1553 2730; baseline 0.001 -24"><span class='ocrx_word' id='word_1_235' title='bbox 235 2665 293 2730; x_wconf 90' lang='lat' dir='ltr'>per</span> <span class='ocrx_word' id='word_1_236' title='bbox 314 2650 345 2706; x_wconf 92' lang='lat' dir='ltr'>et</span> <span class='ocrx_word' id='word_1_237' title='bbox 373 2663 432 2708; x_wconf 90' lang='lat' dir='ltr'>suo</span> <span class='ocrx_word' id='word_1_238' title='bbox 453 2641 619 2728; x_wconf 85' lang='lat' dir='ltr'>splendore</span> <span class='ocrx_word' id='word_1_239' title='bbox 649 2649 679 2706; x_wconf 88' lang='lat' dir='ltr'>et</span> <span class='ocrx_word' id='word_1_240' title='bbox 700 2649 806 2708; x_wconf 89' lang='lat' dir='ltr'>nostra</span> <span class='ocrx_word' id='word_1_241' title='bbox 827 2650 1067 2729; x_wconf 86' lang='lat' dir='ltr'>ceterorumque</span> <span class='ocrx_word' id='word_1_242' title='bbox 1090 2641 1262 2708; x_wconf 87' lang='lat' dir='ltr'>amicorum</span> <span class='ocrx_word' id='word_1_243' title='bbox 1284 2641 1553 2708; x_wconf 86' lang='lat' dir='ltr'>commendatione</span> 
     </span>
     <span class='ocr_line' id='line_1_25' title="bbox 235 2733 1551 2822; baseline 0.001 -23"><span class='ocrx_word' id='word_1_244' title='bbox 235 2734 478 2822; x_wconf 77' lang='lat' dir='ltr'>gratiosissimus</span> <span class='ocrx_word' id='word_1_245' title='bbox 506 2735 539 2800; x_wconf 94' lang='lat' dir='ltr'>in</span> <span class='ocrx_word' id='word_1_246' title='bbox 565 2735 727 2820; x_wconf 87' lang='lat' dir='ltr'>provincia</span> <span class='ocrx_word' id='word_1_247' title='bbox 748 2733 820 2808; x_wconf 81' lang='lat' dir='ltr'>brit,</span> <span class='ocrx_word' id='word_1_248' title='bbox 856 2744 922 2800; x_wconf 90' lang='lat' dir='ltr'>tum</span> <span class='ocrx_word' id='word_1_249' title='bbox 944 2734 1004 2801; x_wconf 92' lang='lat' dir='ltr'>boc</span> <span class='ocrx_word' id='word_1_250' title='bbox 1025 2743 1166 2822; x_wconf 88' lang='lat' dir='ltr'>tempore</span> <span class='ocrx_word' id='word_1_251' title='bbox 1189 2744 1319 2821; x_wconf 88' lang='lat' dir='ltr'>propter</span> <span class='ocrx_word' id='word_1_252' title='bbox 1338 2737 1426 2801; x_wconf 86' lang='lat' dir='ltr'>tuum</span> <span class='ocrx_word' id='word_1_253' title='bbox 1447 2736 1480 2800; x_wconf 90' lang='lat' dir='ltr'>ia</span> <span class='ocrx_word' id='word_1_254' title='bbox 1502 2757 1551 2800; x_wconf 90' lang='lat' dir='ltr'>me</span> 
     </span>
     <span class='ocr_line' id='line_1_26' title="bbox 235 2827 1590 2914; baseline -0.003 -20"><span class='ocrx_word' id='word_1_255' title='bbox 235 2849 376 2894; x_wconf 88' lang='lat' dir='ltr'>amorem</span> <span class='ocrx_word' id='word_1_256' title='bbox 398 2836 599 2914; x_wconf 84' lang='lat' dir='ltr'>nostramque</span> <span class='ocrx_word' id='word_1_257' title='bbox 620 2829 878 2894; x_wconf 87' lang='lat' dir='ltr'>necessitudinem</span> <span class='ocrx_word' id='word_1_258' title='bbox 904 2828 1105 2894; x_wconf 84' lang='lat' dir='ltr'>vehementer</span> <span class='ocrx_word' id='word_1_259' title='bbox 1125 2827 1253 2897; x_wconf 88' lang='lat' dir='ltr'>conlidit</span> <span class='ocrx_word' id='word_1_260' title='bbox 1273 2828 1321 2893; x_wconf 90' lang='lat' dir='ltr'>bis</span> <span class='ocrx_word' id='word_1_261' title='bbox 1342 2831 1421 2895; x_wconf 89' lang='lat' dir='ltr'>meis</span> <span class='ocrx_word' id='word_1_262' title='bbox 1442 2829 1590 2895; x_wconf 77' lang='lat' dir='ltr'>litterisss</span> 
     </span>
     <span class='ocr_line' id='line_1_27' title="bbox 235 2921 1552 3010; baseline 0.001 -23"><span class='ocrx_word' id='word_1_263' title='bbox 235 2945 269 2988; x_wconf 90' lang='lat' dir='ltr'>se</span> <span class='ocrx_word' id='word_1_264' title='bbox 291 2921 374 3008; x_wconf 88' lang='lat' dir='ltr'>apud</span> <span class='ocrx_word' id='word_1_265' title='bbox 388 2930 419 2987; x_wconf 91' lang='lat' dir='ltr'>te</span> <span class='ocrx_word' id='word_1_266' title='bbox 433 2921 603 3007; x_wconf 87' lang='lat' dir='ltr'>gratiosum</span> <span class='ocrx_word' id='word_1_267' title='bbox 618 2921 698 2988; x_wconf 86' lang='lat' dir='ltr'>lore.</span> <span class='ocrx_word' id='word_1_268' title='bbox 737 2927 767 2988; x_wconf 74' lang='lat'>2.</span> <span class='ocrx_word' id='word_1_269' title='bbox 790 2925 878 3000; x_wconf 88' lang='lat' dir='ltr'>Quae</span> <span class='ocrx_word' id='word_1_270' title='bbox 899 2943 938 2986; x_wconf 90' lang='lat' dir='ltr'>ne</span> <span class='ocrx_word' id='word_1_271' title='bbox 961 2943 1032 3010; x_wconf 87' lang='lat' dir='ltr'>spes</span> <span class='ocrx_word' id='word_1_272' title='bbox 1047 2922 1230 2995; x_wconf 86' lang='lat' dir='ltr'>eumlallat,</span> <span class='ocrx_word' id='word_1_273' title='bbox 1252 2922 1453 2988; x_wconf 89' lang='lat' dir='ltr'>vehementer</span> <span class='ocrx_word' id='word_1_274' title='bbox 1473 2943 1552 3008; x_wconf 89' lang='lat' dir='ltr'>rogo</span> 
     </span>
     <span class='ocr_line' id='line_1_28' title="bbox 237 3014 1554 3103; baseline -0.002 -21"><span class='ocrx_word' id='word_1_275' title='bbox 237 3026 266 3082; x_wconf 90' lang='lat' dir='ltr'>te</span> <span class='ocrx_word' id='word_1_276' title='bbox 288 3015 536 3103; x_wconf 89' lang='lat' dir='ltr'>commendoque</span> <span class='ocrx_word' id='word_1_277' title='bbox 557 3015 614 3080; x_wconf 89' lang='lat' dir='ltr'>tibi</span> <span class='ocrx_word' id='word_1_278' title='bbox 636 3016 703 3081; x_wconf 89' lang='lat' dir='ltr'>eius</span> <span class='ocrx_word' id='word_1_279' title='bbox 725 3016 829 3082; x_wconf 89' lang='lat' dir='ltr'>omnia</span> <span class='ocrx_word' id='word_1_280' title='bbox 858 3015 998 3100; x_wconf 90' lang='lat' dir='ltr'>negotia,</span> <span class='ocrx_word' id='word_1_281' title='bbox 1027 3014 1171 3088; x_wconf 88' lang='lat' dir='ltr'>libertos,</span> <span class='ocrx_word' id='word_1_282' title='bbox 1199 3023 1437 3101; x_wconf 87' lang='lat' dir='ltr'>procuratores,</span> <span class='ocrx_word' id='word_1_283' title='bbox 1465 3014 1554 3080; x_wconf 88' lang='lat' dir='ltr'>lami-</span> 
     </span>
     <span class='ocr_line' id='line_1_29' title="bbox 236 3107 1554 3196; baseline -0.002 -21"><span class='ocrx_word' id='word_1_284' title='bbox 236 3111 323 3184; x_wconf 91' lang='lat' dir='ltr'>liam,</span> <span class='ocrx_word' id='word_1_285' title='bbox 345 3109 377 3174; x_wconf 91' lang='lat' dir='ltr'>in</span> <span class='ocrx_word' id='word_1_286' title='bbox 398 3109 571 3196; x_wconf 88' lang='lat' dir='ltr'>primisque</span> <span class='ocrx_word' id='word_1_287' title='bbox 592 3117 642 3185; x_wconf 89' lang='lat' dir='ltr'>ut,</span> <span class='ocrx_word' id='word_1_288' title='bbox 665 3130 745 3196; x_wconf 90' lang='lat' dir='ltr'>quae</span> <span class='ocrx_word' id='word_1_289' title='bbox 767 3113 803 3174; x_wconf 88' lang='grc' dir='ltr'>Τ.</span> <span class='ocrx_word' id='word_1_290' title='bbox 824 3108 952 3194; x_wconf 79' lang='lat' dir='ltr'>Ampius</span> <span class='ocrx_word' id='word_1_291' title='bbox 974 3108 1013 3174; x_wconf 89' lang='lat' dir='ltr'>de</span> <span class='ocrx_word' id='word_1_292' title='bbox 1036 3109 1154 3174; x_wconf 82' lang='lat' dir='ltr'>eiusne</span> <span class='ocrx_word' id='word_1_293' title='bbox 1175 3107 1330 3183; x_wconf 88' lang='lat' dir='ltr'>decrevit,</span> <span class='ocrx_word' id='word_1_294' title='bbox 1353 3127 1389 3172; x_wconf 90' lang='lat' dir='ltr'>ea</span> <span class='ocrx_word' id='word_1_295' title='bbox 1409 3127 1554 3193; x_wconf 89' lang='lat' dir='ltr'>compro-</span> 
     </span>
     <span class='ocr_line' id='line_1_30' title="bbox 236 3199 1555 3290; baseline -0.001 -23"><span class='ocrx_word' id='word_1_296' title='bbox 236 3201 291 3268; x_wconf 88' lang='lat' dir='ltr'>bes</span> <span class='ocrx_word' id='word_1_297' title='bbox 321 3201 529 3290; x_wconf 89' lang='lat' dir='ltr'>omnibusque</span> <span class='ocrx_word' id='word_1_298' title='bbox 550 3201 647 3268; x_wconf 88' lang='lat' dir='ltr'>rebus</span> <span class='ocrx_word' id='word_1_299' title='bbox 668 3223 740 3267; x_wconf 90' lang='lat' dir='ltr'>eum</span> <span class='ocrx_word' id='word_1_300' title='bbox 762 3202 805 3268; x_wconf 91' lang='lat' dir='ltr'>ita</span> <span class='ocrx_word' id='word_1_301' title='bbox 832 3209 961 3278; x_wconf 77' lang='lat' dir='ltr'>unctes,</span> <span class='ocrx_word' id='word_1_302' title='bbox 997 3211 1032 3270; x_wconf 92' lang='lat' dir='ltr'>ut</span> <span class='ocrx_word' id='word_1_303' title='bbox 1052 3199 1203 3288; x_wconf 89' lang='lat' dir='ltr'>intelligat</span> <span class='ocrx_word' id='word_1_304' title='bbox 1228 3222 1330 3266; x_wconf 89' lang='lat' dir='ltr'>meam</span> <span class='ocrx_word' id='word_1_305' title='bbox 1357 3199 1555 3266; x_wconf 88' lang='lat' dir='ltr'>commenda-</span> 
     </span>
     <span class='ocr_line' id='line_1_31' title="bbox 236 3295 1590 3382; baseline -0.001 -20"><span class='ocrx_word' id='word_1_306' title='bbox 236 3297 353 3362; x_wconf 91' lang='lat' dir='ltr'>tionem</span> <span class='ocrx_word' id='word_1_307' title='bbox 374 3317 438 3363; x_wconf 93' lang='lat' dir='ltr'>non</span> <span class='ocrx_word' id='word_1_308' title='bbox 459 3297 619 3382; x_wconf 82' lang='lat' dir='ltr'>vulgarem</span> <span class='ocrx_word' id='word_1_309' title='bbox 641 3295 748 3363; x_wconf 76' lang='lat' dir='ltr'>baisse.</span> <span class='ocrx_word' id='word_1_310' title='bbox 1563 3315 1590 3354; x_wconf 77' lang='lat' dir='ltr'><strong><em>w</em></strong></span> 
     </span>
    </p>
   </div>
   <div class='ocr_carea' id='block_1_5' title="bbox 515 3435 1280 3617">
    <p class='ocr_par' dir='ltr' id='par_1_8' title="bbox 515 3435 1280 3617">
     <span class='ocr_line' id='line_1_32' title="bbox 712 3435 1078 3522; baseline 0 -20"><span class='ocrx_word' id='word_1_311' title='bbox 712 3439 764 3504; x_wconf 85' lang='grc' dir='ltr'>ιν.</span> <span class='ocrx_word' id='word_1_312' title='bbox 809 3437 857 3522; x_wconf 79' lang='grc' dir='ltr'>(ι.</span> <span class='ocrx_word' id='word_1_313' title='bbox 883 3440 916 3503; x_wconf 84' lang='lat' dir='ltr'>o.</span> <span class='ocrx_word' id='word_1_314' title='bbox 939 3440 972 3503; x_wconf 82' lang='lat' dir='ltr'>e.</span> <span class='ocrx_word' id='word_1_315' title='bbox 993 3435 1078 3520; x_wconf 82' lang='lat' dir='ltr'>css.)</span> 
     </span>
     <span class='ocr_line' id='line_1_33' title="bbox 515 3551 1280 3617; baseline 0 -1"><span class='ocrx_word' id='word_1_316' title='bbox 515 3554 556 3616; x_wconf 88' lang='grc' dir='ltr'>ιι.</span> <span class='ocrx_word' id='word_1_317' title='bbox 579 3552 722 3617; x_wconf 82' lang='lat' dir='ltr'>cranao</span> <span class='ocrx_word' id='word_1_318' title='bbox 745 3551 776 3615; x_wconf 84' lang='lat' dir='ltr'>s</span> <span class='ocrx_word' id='word_1_319' title='bbox 797 3553 835 3616; x_wconf 88' lang='lat' dir='ltr'>u.</span> <span class='ocrx_word' id='word_1_320' title='bbox 856 3554 890 3615; x_wconf 86' lang='lat' dir='ltr'>r.</span> <span class='ocrx_word' id='word_1_321' title='bbox 912 3552 1094 3615; x_wconf 78' lang='grc' dir='ltr'>ιιιιιιιιιο</span> <span class='ocrx_word' id='word_1_322' title='bbox 1115 3551 1280 3616; x_wconf 86' lang='lat' dir='ltr'>raucos.</span> 
     </span>
    </p>
   </div>
   <div class='ocr_carea' id='block_1_6' title="bbox 234 3669 1668 4318">
    <p class='ocr_par' dir='ltr' id='par_1_9' title="bbox 234 3669 1668 4318">
     <span class='ocr_line' id='line_1_34' title="bbox 322 3669 1553 3757; baseline -0.002 -19"><span class='ocrx_word' id='word_1_323' title='bbox 322 3677 350 3738; x_wconf 90' lang='lat' dir='ltr'>l.</span> <span class='ocrx_word' id='word_1_324' title='bbox 385 3677 420 3739; x_wconf 81' lang='grc' dir='ltr'><strong>Α.</strong></span> <span class='ocrx_word' id='word_1_325' title='bbox 447 3675 484 3736; x_wconf 88' lang='grc' dir='ltr'><strong>Ι).</strong></span> <span class='ocrx_word' id='word_1_326' title='bbox 513 3675 596 3738; x_wconf 84' lang='lat' dir='ltr'>xvl.</span> <span class='ocrx_word' id='word_1_327' title='bbox 626 3671 692 3738; x_wconf 90' lang='lat' dir='ltr'>Kal.</span> <span class='ocrx_word' id='word_1_328' title='bbox 722 3670 813 3738; x_wconf 87' lang='lat' dir='ltr'>Febr.</span> <span class='ocrx_word' id='word_1_329' title='bbox 842 3691 913 3736; x_wconf 90' lang='lat' dir='ltr'>cum</span> <span class='ocrx_word' id='word_1_330' title='bbox 940 3671 974 3735; x_wconf 93' lang='lat' dir='ltr'>in</span> <span class='ocrx_word' id='word_1_331' title='bbox 1000 3678 1109 3736; x_wconf 89' lang='lat' dir='ltr'>senatu</span> <span class='ocrx_word' id='word_1_332' title='bbox 1137 3669 1347 3757; x_wconf 89' lang='lat' dir='ltr'>pulcherrime</span> <span class='ocrx_word' id='word_1_333' title='bbox 1383 3679 1553 3746; x_wconf 84' lang='lat' dir='ltr'>staremus,</span> 
     </span>
     <span class='ocr_line' id='line_1_35' title="bbox 235 3763 1555 3854; baseline -0.002 -23"><span class='ocrx_word' id='word_1_334' title='bbox 235 3765 320 3854; x_wconf 92' lang='lat' dir='ltr'>quod</span> <span class='ocrx_word' id='word_1_335' title='bbox 341 3765 404 3830; x_wconf 89' lang='lat' dir='ltr'>iam</span> <span class='ocrx_word' id='word_1_336' title='bbox 425 3765 510 3832; x_wconf 91' lang='lat' dir='ltr'>illam</span> <span class='ocrx_word' id='word_1_337' title='bbox 531 3765 714 3830; x_wconf 88' lang='lat' dir='ltr'>sententiam</span> <span class='ocrx_word' id='word_1_338' title='bbox 736 3763 838 3829; x_wconf 91' lang='lat' dir='ltr'>Bibuli</span> <span class='ocrx_word' id='word_1_339' title='bbox 866 3764 904 3828; x_wconf 94' lang='lat' dir='ltr'>de</span> <span class='ocrx_word' id='word_1_340' title='bbox 927 3763 1026 3830; x_wconf 91' lang='lat' dir='ltr'>tribus</span> <span class='ocrx_word' id='word_1_341' title='bbox 1047 3764 1156 3849; x_wconf 91' lang='lat' dir='ltr'>legatis</span> <span class='ocrx_word' id='word_1_342' title='bbox 1184 3765 1285 3851; x_wconf 91' lang='lat' dir='ltr'>pridie</span> <span class='ocrx_word' id='word_1_343' title='bbox 1306 3763 1374 3831; x_wconf 88' lang='lat' dir='ltr'>eius</span> <span class='ocrx_word' id='word_1_344' title='bbox 1402 3765 1465 3830; x_wconf 87' lang='lat' dir='ltr'>diei</span> <span class='ocrx_word' id='word_1_345' title='bbox 1493 3763 1555 3829; x_wconf 89' lang='lat' dir='ltr'>lre-</span> 
     </span>
     <span class='ocr_line' id='line_1_36' title="bbox 234 3808 1668 3947; baseline 0.003 -23"><span class='ocrx_word' id='word_1_346' title='bbox 234 3880 381 3946; x_wconf 90' lang='lat' dir='ltr'>geramus</span> <span class='ocrx_word' id='word_1_347' title='bbox 401 3879 561 3947; x_wconf 90' lang='lat' dir='ltr'>unumque</span> <span class='ocrx_word' id='word_1_348' title='bbox 582 3867 740 3923; x_wconf 88' lang='lat' dir='ltr'>certamen</span> <span class='ocrx_word' id='word_1_349' title='bbox 761 3866 842 3923; x_wconf 93' lang='lat' dir='ltr'>esset</span> <span class='ocrx_word' id='word_1_350' title='bbox 856 3859 1013 3933; x_wconf 89' lang='lat' dir='ltr'>relictum,</span> <span class='ocrx_word' id='word_1_351' title='bbox 1036 3858 1187 3924; x_wconf 89' lang='lat' dir='ltr'>sententia</span> <span class='ocrx_word' id='word_1_352' title='bbox 1206 3857 1354 3933; x_wconf 89' lang='lat' dir='ltr'>Volcatii,</span> <span class='ocrx_word' id='word_1_353' title='bbox 1376 3879 1427 3924; x_wconf 87' lang='lat' dir='ltr'>res</span> <span class='ocrx_word' id='word_1_354' title='bbox 1448 3857 1487 3923; x_wconf 91' lang='lat' dir='ltr'>ab</span> <span class='ocrx_word' id='word_1_355' title='bbox 1501 3855 1592 3922; x_wconf 81' lang='lat' dir='ltr'>ad-ss</span> <span class='ocrx_word' id='word_1_356' title='bbox 1638 3808 1668 3928; x_wconf 59' lang='lat' dir='ltr'>d</span> 
     </span>
     <span class='ocr_line' id='line_1_37' title="bbox 236 3951 1554 4039; baseline -0.002 -20"><span class='ocrx_word' id='word_1_357' title='bbox 236 3953 383 4020; x_wconf 82' lang='lat' dir='ltr'>versariis</span> <span class='ocrx_word' id='word_1_358' title='bbox 410 3953 526 4018; x_wconf 85' lang='lat' dir='ltr'>nostris</span> <span class='ocrx_word' id='word_1_359' title='bbox 558 3961 696 4017; x_wconf 86' lang='lat' dir='ltr'>extracta</span> <span class='ocrx_word' id='word_1_360' title='bbox 728 3961 775 4017; x_wconf 91' lang='lat' dir='ltr'>est</span> <span class='ocrx_word' id='word_1_361' title='bbox 802 3952 897 4017; x_wconf 85' lang='lat' dir='ltr'>variis</span> <span class='ocrx_word' id='word_1_362' title='bbox 927 3951 1098 4017; x_wconf 90' lang='lat' dir='ltr'>calumniis.</span> <span class='ocrx_word' id='word_1_363' title='bbox 1142 3956 1273 4018; x_wconf 89' lang='lat' dir='ltr'>Causam</span> <span class='ocrx_word' id='word_1_364' title='bbox 1295 3953 1378 4018; x_wconf 88' lang='lat' dir='ltr'>enim</span> <span class='ocrx_word' id='word_1_365' title='bbox 1399 3951 1554 4039; x_wconf 76' lang='lat' dir='ltr'>frequenti</span> 
     </span>
     <span class='ocr_line' id='line_1_38' title="bbox 235 4043 1556 4134; baseline -0.002 -21"><span class='ocrx_word' id='word_1_366' title='bbox 235 4056 360 4122; x_wconf 89' lang='lat' dir='ltr'>senatu,</span> <span class='ocrx_word' id='word_1_367' title='bbox 390 4065 585 4130; x_wconf 89' lang='lat' dir='ltr'>nonmagna</span> <span class='ocrx_word' id='word_1_368' title='bbox 607 4046 773 4122; x_wconf 88' lang='lat' dir='ltr'>varietate,</span> <span class='ocrx_word' id='word_1_369' title='bbox 801 4043 997 4131; x_wconf 75' lang='lat' dir='ltr'>magnalque]</span> <span class='ocrx_word' id='word_1_370' title='bbox 1020 4045 1286 4121; x_wconf 87' lang='lat' dir='ltr'>invidiaeorum,</span> <span class='ocrx_word' id='word_1_371' title='bbox 1316 4045 1410 4134; x_wconf 90' lang='lat' dir='ltr'>quia</span> <span class='ocrx_word' id='word_1_372' title='bbox 1432 4055 1556 4111; x_wconf 83' lang='lat' dir='ltr'>tecau-</span> 
     </span>
     <span class='ocr_line' id='line_1_39' title="bbox 234 4137 1555 4226; baseline -0.003 -20"><span class='ocrx_word' id='word_1_373' title='bbox 234 4163 301 4206; x_wconf 89' lang='lat' dir='ltr'>sam</span> <span class='ocrx_word' id='word_1_374' title='bbox 329 4140 449 4226; x_wconf 85' lang='lat' dir='ltr'>regiam</span> <span class='ocrx_word' id='word_1_375' title='bbox 475 4139 536 4204; x_wconf 93' lang='lat' dir='ltr'>alio</span> <span class='ocrx_word' id='word_1_376' title='bbox 565 4137 775 4216; x_wconf 88' lang='lat' dir='ltr'>tralerebant,</span> <span class='ocrx_word' id='word_1_377' title='bbox 808 4138 1035 4205; x_wconf 90' lang='lat' dir='ltr'>obtinebamus.</span> <span class='ocrx_word' id='word_1_378' title='bbox 1077 4141 1125 4204; x_wconf 86' lang='lat' dir='ltr'>Eo</span> <span class='ocrx_word' id='word_1_379' title='bbox 1147 4139 1198 4205; x_wconf 93' lang='lat' dir='ltr'>die</span> <span class='ocrx_word' id='word_1_380' title='bbox 1219 4139 1368 4205; x_wconf 91' lang='lat' dir='ltr'>acerbum</span> <span class='ocrx_word' id='word_1_381' title='bbox 1390 4139 1555 4206; x_wconf 90' lang='lat' dir='ltr'>habuimus</span> 
     </span>
     <span class='ocr_line' id='line_1_40' title="bbox 235 4217 1555 4318; baseline -0.005 -16"><span class='ocrx_word' id='word_1_382' title='bbox 235 4234 420 4308; x_wconf 87' lang='lat' dir='ltr'>Curionem,</span> <span class='ocrx_word' id='word_1_383' title='bbox 442 4232 588 4298; x_wconf 90' lang='lat' dir='ltr'>Bibulum</span> <span class='ocrx_word' id='word_1_384' title='bbox 610 4233 707 4298; x_wconf 89' lang='lat' dir='ltr'>multo</span> <span class='ocrx_word' id='word_1_385' title='bbox 729 4232 908 4308; x_wconf 90' lang='lat' dir='ltr'>iustiorem,</span> <span class='ocrx_word' id='word_1_386' title='bbox 931 4253 1029 4318; x_wconf 89' lang='lat' dir='ltr'>paene</span> <span class='ocrx_word' id='word_1_387' title='bbox 1052 4231 1146 4296; x_wconf 89' lang='lat' dir='ltr'>etiam</span> <span class='ocrx_word' id='word_1_388' title='bbox 1168 4233 1311 4300; x_wconf 82' lang='lat' dir='ltr'>anticum.</span> <span class='ocrx_word' id='word_1_389' title='bbox 1337 4217 1502 4302; x_wconf 69' lang='lat' dir='ltr'>(Caninius</span> <span class='ocrx_word' id='word_1_390' title='bbox 1524 4239 1555 4296; x_wconf 90' lang='lat' dir='ltr'>et</span> 
     </span>
    </p>
   </div>
   <div class='ocr_carea' id='block_1_7' title="bbox 233 4321 1702 4726">
    <p class='ocr_par' dir='ltr' id='par_1_10' title="bbox 236 4321 1702 4420">
     <span class='ocr_line' id='line_1_41' title="bbox 236 4321 1702 4420; baseline -0.004 -27"><span class='ocrx_word' id='word_1_391' title='bbox 236 4331 310 4394; x_wconf 87' lang='lat' dir='ltr'>Cato</span> <span class='ocrx_word' id='word_1_392' title='bbox 333 4337 486 4420; x_wconf 80' lang='lat' dir='ltr'>negarunt</span> <span class='ocrx_word' id='word_1_393' title='bbox 507 4349 540 4392; x_wconf 91' lang='lat' dir='ltr'>se</span> <span class='ocrx_word' id='word_1_394' title='bbox 561 4321 676 4414; x_wconf 65' lang='lat' dir='ltr'>legeml</span> <span class='ocrx_word' id='word_1_395' title='bbox 684 4327 778 4392; x_wconf 91' lang='lat' dir='ltr'>ullam</span> <span class='ocrx_word' id='word_1_396' title='bbox 801 4335 871 4392; x_wconf 90' lang='lat' dir='ltr'>ante</span> <span class='ocrx_word' id='word_1_397' title='bbox 890 4326 1041 4391; x_wconf 74' lang='lat' dir='ltr'>comitia</span> <span class='ocrx_word' id='word_1_398' title='bbox 1026 4344 1105 4408; x_wconf 53' lang='lat' dir='ltr'>kesse</span> <span class='ocrx_word' id='word_1_399' title='bbox 1122 4327 1257 4394; x_wconf 64' lang='lat' dir='ltr'>laturos)</span> <span class='ocrx_word' id='word_1_400' title='bbox 1294 4331 1424 4393; x_wconf 91' lang='lat' dir='ltr'>Senatus</span> <span class='ocrx_word' id='word_1_401' title='bbox 1446 4323 1595 4390; x_wconf 75' lang='lat' dir='ltr'>habemas</span> <span class='ocrx_word' id='word_1_402' title='bbox 1622 4325 1702 4407; x_wconf 47' lang='grc' dir='ltr'>Λα</span> 
     </span>
    </p>

    <p class='ocr_par' dir='ltr' id='par_1_11' title="bbox 234 4409 1557 4528">
     <span class='ocr_line' id='line_1_42' title="bbox 234 4409 1557 4528; baseline -0.003 -42"><span class='ocrx_word' id='word_1_403' title='bbox 234 4431 305 4487; x_wconf 88' lang='lat' dir='ltr'>ante</span> <span class='ocrx_word' id='word_1_404' title='bbox 326 4409 480 4488; x_wconf 86' lang='lat' dir='ltr'>Kalendas</span> <span class='ocrx_word' id='word_1_405' title='bbox 510 4420 601 4487; x_wconf 85' lang='lat' dir='ltr'>Febr.</span> <span class='ocrx_word' id='word_1_406' title='bbox 632 4440 690 4507; x_wconf 88' lang='lat' dir='ltr'>per</span> <span class='ocrx_word' id='word_1_407' title='bbox 716 4421 817 4505; x_wconf 89' lang='lat' dir='ltr'>legem</span> <span class='ocrx_word' id='word_1_408' title='bbox 846 4419 1045 4528; x_wconf 81' lang='lat' dir='ltr'>Pqpiam—</span> <span class='ocrx_word' id='word_1_409' title='bbox 1071 4419 1105 4485; x_wconf 92' lang='lat' dir='ltr'>id</span> <span class='ocrx_word' id='word_1_410' title='bbox 1131 4421 1236 4506; x_wconf 89' lang='lat' dir='ltr'>quod</span> <span class='ocrx_word' id='word_1_411' title='bbox 1238 4421 1369 4487; x_wconf 84' lang='lat' dir='ltr'>scis-</span> <span class='ocrx_word' id='word_1_412' title='bbox 1396 4439 1459 4483; x_wconf 92' lang='lat' dir='ltr'>non</span> <span class='ocrx_word' id='word_1_413' title='bbox 1486 4426 1557 4503; x_wconf 92' lang='lat' dir='ltr'>pot-</span> 
     </span>
    </p>

    <p class='ocr_par' dir='ltr' id='par_1_12' title="bbox 234 4509 1673 4700">
     <span class='ocr_line' id='line_1_43' title="bbox 234 4509 1554 4631; baseline -0.005 -50"><span class='ocrx_word' id='word_1_414' title='bbox 234 4526 306 4591; x_wconf 81' lang='lat' dir='ltr'>est,</span> <span class='ocrx_word' id='word_1_415' title='bbox 331 4537 433 4604; x_wconf 89' lang='lat' dir='ltr'>noque</span> <span class='ocrx_word' id='word_1_416' title='bbox 469 4537 576 4581; x_wconf 90' lang='lat' dir='ltr'>mense</span> <span class='ocrx_word' id='word_1_417' title='bbox 604 4514 695 4581; x_wconf 86' lang='lat' dir='ltr'>Febr.</span> <span class='ocrx_word' id='word_1_418' title='bbox 728 4523 795 4580; x_wconf 91' lang='lat' dir='ltr'>toto</span> <span class='ocrx_word' id='word_1_419' title='bbox 825 4513 885 4579; x_wconf 91' lang='lat' dir='ltr'>nisi</span> <span class='ocrx_word' id='word_1_420' title='bbox 911 4511 1058 4631; x_wconf 88' lang='lat' dir='ltr'>perlectis</span> <span class='ocrx_word' id='word_1_421' title='bbox 1090 4521 1144 4579; x_wconf 90' lang='lat' dir='ltr'>ant</span> <span class='ocrx_word' id='word_1_422' title='bbox 1178 4515 1304 4580; x_wconf 91' lang='lat' dir='ltr'>reiectis</span> <span class='ocrx_word' id='word_1_423' title='bbox 1337 4509 1554 4600; x_wconf 76' lang='lat' dir='ltr'>legationibus.</span> 
     </span>
     <span class='ocr_line' id='line_1_44' title="bbox 233 4597 1673 4726; baseline -0.004 -50.829"><span class='ocrx_word' id='word_1_424' title='bbox 233 4604 370 4704; x_wconf 71' lang='lat' dir='ltr'>2(H.aec</span> <span class='ocrx_word' id='word_1_425' title='bbox 392 4621 495 4674; x_wconf 89' lang='lat' dir='ltr'>tamen</span> <span class='ocrx_word' id='word_1_426' title='bbox 516 4609 625 4696; x_wconf 90' lang='lat' dir='ltr'>opinio</span> <span class='ocrx_word' id='word_1_427' title='bbox 646 4616 693 4673; x_wconf 90' lang='lat' dir='ltr'>est</span> <span class='ocrx_word' id='word_1_428' title='bbox 714 4607 823 4695; x_wconf 91' lang='lat' dir='ltr'>populi</span> <span class='ocrx_word' id='word_1_429' title='bbox 844 4597 995 4696; x_wconf 67' lang='lat' dir='ltr'>Romani,</span> <span class='ocrx_word' id='word_1_430' title='bbox 1019 4628 1038 4672; x_wconf 90' lang='lat' dir='ltr'>a</span> <span class='ocrx_word' id='word_1_431' title='bbox 1063 4607 1125 4674; x_wconf 90' lang='lat' dir='ltr'>tuis</span> <span class='ocrx_word' id='word_1_432' title='bbox 1145 4608 1260 4673; x_wconf 87' lang='lat' dir='ltr'>invidis</span> <span class='ocrx_word' id='word_1_433' title='bbox 1287 4617 1380 4695; x_wconf 90' lang='lat' dir='ltr'>atque</span> <span class='ocrx_word' id='word_1_434' title='bbox 1401 4605 1557 4671; x_wconf 89' lang='lat' dir='ltr'>obtrecta-</span> <span class='ocrx_word' id='word_1_435' title='bbox 1611 4626 1673 4726; x_wconf 75' lang='lat' dir='ltr'><em>s</em></span> 
     </span>
    </p>
   </div>
   <div class='ocr_carea' id='block_1_8' title="bbox 233 4788 1555 5066">
    <p class='ocr_par' dir='ltr' id='par_1_13' title="bbox 233 4788 1555 5066">
     <span class='ocr_line' id='line_1_45' title="bbox 302 4788 1553 4855; baseline -0.003 -14"><span class='ocrx_word' id='word_1_436' title='bbox 302 4791 346 4841; x_wconf 90' lang='grc'><strong>17.</strong></span> <span class='ocrx_word' id='word_1_437' title='bbox 367 4797 474 4854; x_wconf 69' lang='lat' dir='ltr'>ocatur,</span> <span class='ocrx_word' id='word_1_438' title='bbox 497 4793 568 4842; x_wconf 79' lang='lat' dir='ltr'>omas·</span> <span class='ocrx_word' id='word_1_439' title='bbox 584 4805 642 4842; x_wconf 82' lang='lat' dir='ltr'>msa</span> <span class='ocrx_word' id='word_1_440' title='bbox 668 4791 727 4842; x_wconf 81' lang='lat' dir='ltr'>Vb:</span> <span class='ocrx_word' id='word_1_441' title='bbox 757 4795 856 4855; x_wconf 64' lang='lat' dir='ltr'>wotos·</span> <span class='ocrx_word' id='word_1_442' title='bbox 879 4791 969 4838; x_wconf 85' lang='lat' dir='ltr'>omatn</span> <span class='ocrx_word' id='word_1_443' title='bbox 986 4803 1044 4840; x_wconf 83' lang='lat' dir='ltr'>mco</span> <span class='ocrx_word' id='word_1_444' title='bbox 1061 4790 1108 4846; x_wconf 84' lang='lat' dir='ltr'>ld,</span> <span class='ocrx_word' id='word_1_445' title='bbox 1134 4797 1253 4854; x_wconf 74' lang='lat' dir='ltr'>coeatur</span> <span class='ocrx_word' id='word_1_446' title='bbox 1271 4791 1377 4849; x_wconf 76' lang='lat' dir='ltr'>maala,</span> <span class='ocrx_word' id='word_1_447' title='bbox 1396 4788 1553 4838; x_wconf 77' lang='lat' dir='ltr'>meoli.-</span> 
     </span>
     <span class='ocr_line' id='line_1_46' title="bbox 233 4857 1555 4926; baseline -0.004 -15"><span class='ocrx_word' id='word_1_448' title='bbox 233 4861 280 4911; x_wconf 65' lang='grc'>94.</span> <span class='ocrx_word' id='word_1_449' title='bbox 299 4862 464 4926; x_wconf 70' lang='lat' dir='ltr'>prolusimus</span> <span class='ocrx_word' id='word_1_450' title='bbox 483 4859 520 4912; x_wconf 78' lang='grc' dir='ltr'><strong>Μ.</strong></span> <span class='ocrx_word' id='word_1_451' title='bbox 550 4883 581 4898; x_wconf 90' lang='lat'>-·</span> <span class='ocrx_word' id='word_1_452' title='bbox 617 4861 661 4912; x_wconf 74' lang='lat'>27.</span> <span class='ocrx_word' id='word_1_453' title='bbox 702 4861 794 4910; x_wconf 77' lang='lat' dir='ltr'>liberos</span> <span class='ocrx_word' id='word_1_454' title='bbox 813 4859 850 4910; x_wconf 84' lang='lat' dir='ltr'>ll.</span> <span class='ocrx_word' id='word_1_455' title='bbox 883 4883 913 4895; x_wconf 94' lang='lat'>—</span> <span class='ocrx_word' id='word_1_456' title='bbox 952 4859 996 4909; x_wconf 74' lang='lat'>28.</span> <span class='ocrx_word' id='word_1_457' title='bbox 1023 4873 1089 4924; x_wconf 82' lang='lat' dir='ltr'>quoa</span> <span class='ocrx_word' id='word_1_458' title='bbox 1116 4861 1231 4922; x_wconf 78' lang='lat' dir='ltr'>templus</span> <span class='ocrx_word' id='word_1_459' title='bbox 1257 4860 1288 4910; x_wconf 81' lang='lat' dir='ltr'>ds</span> <span class='ocrx_word' id='word_1_460' title='bbox 1311 4859 1350 4912; x_wconf 76' lang='grc' dir='ltr'><strong>Μ.</strong></span> <span class='ocrx_word' id='word_1_461' title='bbox 1372 4883 1401 4896; x_wconf 93' lang='lat'>·-</span> <span class='ocrx_word' id='word_1_462' title='bbox 1439 4857 1483 4909; x_wconf 82' lang='grc'><strong>37.</strong></span> <span class='ocrx_word' id='word_1_463' title='bbox 1502 4871 1555 4907; x_wconf 79' lang='grc' dir='ltr'>ιιοιι</span> 
     </span>
     <span class='ocr_line' id='line_1_47' title="bbox 233 4929 1555 4996; baseline 0 -16"><span class='ocrx_word' id='word_1_464' title='bbox 233 4945 330 4994; x_wconf 81' lang='lat' dir='ltr'>mnpnn</span> <span class='ocrx_word' id='word_1_465' title='bbox 348 4932 476 4981; x_wconf 64' lang='lat' dir='ltr'>camarata</span> <span class='ocrx_word' id='word_1_466' title='bbox 493 4931 538 4982; x_wconf 76' lang='lat' dir='ltr'>ll:</span> <span class='ocrx_word' id='word_1_467' title='bbox 558 4931 587 4980; x_wconf 79' lang='grc' dir='ltr'>ιἰι</span> <span class='ocrx_word' id='word_1_468' title='bbox 604 4944 702 4996; x_wconf 73' lang='lat' dir='ltr'>magua</span> <span class='ocrx_word' id='word_1_469' title='bbox 720 4931 847 4980; x_wconf 75' lang='lat' dir='ltr'>cartolam</span> <span class='ocrx_word' id='word_1_470' title='bbox 872 4931 902 4982; x_wconf 81' lang='grc' dir='ltr'><strong>Ε.</strong></span> <span class='ocrx_word' id='word_1_471' title='bbox 929 4953 959 4965; x_wconf 95' lang='grc'>-</span> <span class='ocrx_word' id='word_1_472' title='bbox 979 4943 1077 4996; x_wconf 74' lang='lat' dir='ltr'>magno</span> <span class='ocrx_word' id='word_1_473' title='bbox 1097 4931 1199 4981; x_wconf 74' lang='grc' dir='ltr'>ιἰιυίἀίιι</span> <span class='ocrx_word' id='word_1_474' title='bbox 1224 4929 1390 4981; x_wconf 79' lang='lat' dir='ltr'>Lambinus:</span> <span class='ocrx_word' id='word_1_475' title='bbox 1409 4941 1555 4994; x_wconf 59' lang='lat' dir='ltr'>mnusque</span> 
     </span>
     <span class='ocr_line' id='line_1_48' title="bbox 233 4999 1019 5066; baseline 0.003 -16"><span class='ocrx_word' id='word_1_476' title='bbox 233 5002 335 5052; x_wconf 80' lang='lat' dir='ltr'>taotdtc</span> <span class='ocrx_word' id='word_1_477' title='bbox 344 5001 404 5052; x_wconf 74' lang='lat' dir='ltr'>llll.</span> <span class='ocrx_word' id='word_1_478' title='bbox 420 5021 451 5038; x_wconf 91' lang='lat'>··</span> <span class='ocrx_word' id='word_1_479' title='bbox 471 5001 515 5052; x_wconf 83' lang='grc'><strong>38.</strong></span> <span class='ocrx_word' id='word_1_480' title='bbox 535 5001 695 5065; x_wconf 74' lang='lat' dir='ltr'>troserebcot</span> <span class='ocrx_word' id='word_1_481' title='bbox 713 5001 758 5052; x_wconf 69' lang='lat' dir='ltr'>lle</span> <span class='ocrx_word' id='word_1_482' title='bbox 778 5000 969 5066; x_wconf 72' lang='lat' dir='ltr'>transferebant</span> <span class='ocrx_word' id='word_1_483' title='bbox 988 4999 1019 5052; x_wconf 77' lang='lat' dir='ltr'>ll.</span> 
     </span>
    </p>
   </div>
   <div class='ocr_carea' id='block_1_9' title="bbox 0 0 1838 5874">
    <p class='ocr_par' dir='ltr' id='par_1_14' title="bbox 0 0 1838 5874">
     <span class='ocr_line' id='line_1_49' title="bbox 0 0 1838 5874; baseline 0 1"><span class='ocrx_word' id='word_1_484' title='bbox 0 0 1838 5874; x_wconf 95' lang='lat' dir='ltr'> </span> 
     </span>
    </p>
   </div>
  </div>
 </body>
</html>
