<?xml version="1.0" encoding="UTF-8"?>
<!DOCTYPE html PUBLIC "-//W3C//DTD XHTML 1.0 Transitional//EN"
    "http://www.w3.org/TR/xhtml1/DTD/xhtml1-transitional.dtd">
<html xmlns="http://www.w3.org/1999/xhtml" xml:lang="en" lang="en">
 <head>
  <title>
</title>
<meta http-equiv="Content-Type" content="text/html;charset=utf-8" />
  <meta name='ocr-system' content='tesseract 3.04.00' />
  <meta name='ocr-capabilities' content='ocr_page ocr_carea ocr_par ocr_line ocrx_word'/>
</head>
<body>
  <div class='ocr_page' id='page_1' title='image "./mtulliiciceroni06baitgoog_0307.png"; bbox 0 0 3662 5908; ppageno 0'>
   <div class='ocr_carea' id='block_1_1' title="bbox 341 415 1227 526">
    <p class='ocr_par' dir='ltr' id='par_1_1' title="bbox 341 415 1227 526">
     <span class='ocr_line' id='line_1_1' title="bbox 341 415 1227 526; baseline 0 -30"><span class='ocrx_word' id='word_1_1' title='bbox 341 433 404 498; x_wconf 82' lang='lat' dir='ltr'><strong>asa</strong></span> <span class='ocrx_word' id='word_1_2' title='bbox 770 415 1041 526; x_wconf 75' lang='lat' dir='ltr'><strong>srrsromauu</strong></span> <span class='ocrx_word' id='word_1_3' title='bbox 1063 434 1115 495; x_wconf 85' lang='lat' dir='ltr'><strong>an</strong></span> <span class='ocrx_word' id='word_1_4' title='bbox 1138 434 1227 496; x_wconf 83' lang='lat' dir='ltr'><strong>ssu.</strong></span> 
     </span>
    </p>
   </div>
   <div class='ocr_carea' id='block_1_2' title="bbox 340 587 1661 772">
    <p class='ocr_par' dir='ltr' id='par_1_2' title="bbox 340 587 1661 772">
     <span class='ocr_line' id='line_1_2' title="bbox 341 587 1660 674; baseline 0.002 -19"><span class='ocrx_word' id='word_1_5' title='bbox 341 590 481 672; x_wconf 83' lang='lat' dir='ltr'><strong>†omnis</strong></span> <span class='ocrx_word' id='word_1_6' title='bbox 514 610 532 654; x_wconf 91' lang='lat' dir='ltr'><strong>a</strong></span> <span class='ocrx_word' id='word_1_7' title='bbox 561 598 592 654; x_wconf 87' lang='lat' dir='ltr'><strong>te</strong></span> <span class='ocrx_word' id='word_1_8' title='bbox 623 587 724 654; x_wconf 88' lang='lat' dir='ltr'><strong>studia</strong></span> <span class='ocrx_word' id='word_1_9' title='bbox 752 609 871 654; x_wconf 88' lang='lat' dir='ltr'><strong>summa</strong></span> <span class='ocrx_word' id='word_1_10' title='bbox 902 609 977 654; x_wconf 89' lang='lat' dir='ltr'><strong>cura</strong></span> <span class='ocrx_word' id='word_1_11' title='bbox 1006 600 1090 674; x_wconf 89' lang='lat' dir='ltr'><strong>peto.</strong></span> <span class='ocrx_word' id='word_1_12' title='bbox 1138 591 1226 666; x_wconf 90' lang='lat' dir='ltr'><strong>Quae</strong></span> <span class='ocrx_word' id='word_1_13' title='bbox 1248 609 1288 652; x_wconf 89' lang='lat' dir='ltr'><strong>ne</strong></span> <span class='ocrx_word' id='word_1_14' title='bbox 1310 588 1430 673; x_wconf 89' lang='lat' dir='ltr'><strong>singula</strong></span> <span class='ocrx_word' id='word_1_15' title='bbox 1453 611 1660 668; x_wconf 86' lang='lat' dir='ltr'><strong>enumerem,</strong></span> 
     </span>
     <span class='ocr_line' id='line_1_3' title="bbox 340 681 1661 772; baseline 0.001 -22"><span class='ocrx_word' id='word_1_16' title='bbox 340 692 436 750; x_wconf 86' lang='lat' dir='ltr'><strong>totam</strong></span> <span class='ocrx_word' id='word_1_17' title='bbox 458 682 515 750; x_wconf 92' lang='lat' dir='ltr'><strong>tibi</strong></span> <span class='ocrx_word' id='word_1_18' title='bbox 541 682 668 748; x_wconf 87' lang='lat' dir='ltr'><strong>domum</strong></span> <span class='ocrx_word' id='word_1_19' title='bbox 700 682 905 760; x_wconf 89' lang='lat' dir='ltr'><strong>commendo;</strong></span> <span class='ocrx_word' id='word_1_20' title='bbox 937 682 969 747; x_wconf 94' lang='lat' dir='ltr'><strong>in</strong></span> <span class='ocrx_word' id='word_1_21' title='bbox 1002 681 1050 747; x_wconf 92' lang='lat' dir='ltr'><strong>bis</strong></span> <span class='ocrx_word' id='word_1_22' title='bbox 1072 681 1299 748; x_wconf 79' lang='lat' dir='ltr'><strong>adolescentem</strong></span> <span class='ocrx_word' id='word_1_23' title='bbox 1322 681 1420 748; x_wconf 90' lang='lat' dir='ltr'><strong>lilium</strong></span> <span class='ocrx_word' id='word_1_24' title='bbox 1450 683 1533 759; x_wconf 91' lang='lat' dir='ltr'><strong>eius,</strong></span> <span class='ocrx_word' id='word_1_25' title='bbox 1562 706 1661 772; x_wconf 87' lang='lat' dir='ltr'><strong>quesn</strong></span> 
     </span>
    </p>
   </div>
   <div class='ocr_carea' id='block_1_3' title="bbox 207 775 1660 851">
    <p class='ocr_par' dir='ltr' id='par_1_3' title="bbox 207 775 1660 851">
     <span class='ocr_line' id='line_1_4' title="bbox 207 775 1660 851; baseline 0.002 -10"><span class='ocrx_word' id='word_1_26' title='bbox 207 804 213 841; x_wconf 75' lang='grc' dir='ltr'>ε</span> <span class='ocrx_word' id='word_1_27' title='bbox 341 781 374 845; x_wconf 89' lang='lat' dir='ltr'><strong>C.</strong></span> <span class='ocrx_word' id='word_1_28' title='bbox 394 777 558 843; x_wconf 84' lang='lat' dir='ltr'><strong>Memmius</strong></span> <span class='ocrx_word' id='word_1_29' title='bbox 573 777 743 851; x_wconf 86' lang='lat' dir='ltr'><strong>Gemellus,</strong></span> <span class='ocrx_word' id='word_1_30' title='bbox 766 775 861 841; x_wconf 89' lang='lat' dir='ltr'><strong>cliens</strong></span> <span class='ocrx_word' id='word_1_31' title='bbox 879 798 985 850; x_wconf 85' lang='lat' dir='ltr'><strong>meus,</strong></span> <span class='ocrx_word' id='word_1_32' title='bbox 1007 797 1077 842; x_wconf 85' lang='lat' dir='ltr'><strong>curn</strong></span> <span class='ocrx_word' id='word_1_33' title='bbox 1093 775 1125 841; x_wconf 93' lang='lat' dir='ltr'><strong>in</strong></span> <span class='ocrx_word' id='word_1_34' title='bbox 1141 775 1315 842; x_wconf 71' lang='lat' dir='ltr'><strong>calamitate</strong></span> <span class='ocrx_word' id='word_1_35' title='bbox 1330 775 1415 841; x_wconf 82' lang='lat' dir='ltr'><strong>exilii</strong></span> <span class='ocrx_word' id='word_1_36' title='bbox 1437 777 1487 843; x_wconf 91' lang='lat' dir='ltr'><strong>sui</strong></span> <span class='ocrx_word' id='word_1_37' title='bbox 1500 779 1660 844; x_wconf 75' lang='lat' dir='ltr'><strong>Patrensis</strong></span> 
     </span>
    </p>
   </div>
   <div class='ocr_carea' id='block_1_4' title="bbox 142 1995 201 2116">
    <p class='ocr_par' dir='ltr' id='par_1_4' title="bbox 142 1995 201 2116">
     <span class='ocr_line' id='line_1_5' title="bbox 142 1995 201 2116; baseline 0 0"><span class='ocrx_word' id='word_1_38' title='bbox 142 1995 145 2004; x_wconf 49' lang='lat'><strong>⁴</strong></span> <span class='ocrx_word' id='word_1_39' title='bbox 180 1997 201 2116; x_wconf 82' lang='lat' dir='ltr'><strong>l</strong></span> 
     </span>
    </p>
   </div>
   <div class='ocr_carea' id='block_1_5' title="bbox 304 869 1658 1708">
    <p class='ocr_par' dir='ltr' id='par_1_5' title="bbox 304 869 1658 1708">
     <span class='ocr_line' id='line_1_6' title="bbox 339 869 1658 957; baseline 0.001 -20"><span class='ocrx_word' id='word_1_40' title='bbox 339 872 417 938; x_wconf 86' lang='lat' dir='ltr'><strong>civis</strong></span> <span class='ocrx_word' id='word_1_41' title='bbox 449 869 548 936; x_wconf 85' lang='lat' dir='ltr'><strong>lactus</strong></span> <span class='ocrx_word' id='word_1_42' title='bbox 575 881 670 943; x_wconf 89' lang='lat' dir='ltr'><strong>esset,</strong></span> <span class='ocrx_word' id='word_1_43' title='bbox 704 869 897 935; x_wconf 86' lang='lat' dir='ltr'><strong>Patrensium</strong></span> <span class='ocrx_word' id='word_1_44' title='bbox 919 869 1041 956; x_wconf 87' lang='lat' dir='ltr'><strong>legibus</strong></span> <span class='ocrx_word' id='word_1_45' title='bbox 1063 869 1236 956; x_wconf 88' lang='lat' dir='ltr'><strong>adoptavit;</strong></span> <span class='ocrx_word' id='word_1_46' title='bbox 1267 881 1302 936; x_wconf 89' lang='lat' dir='ltr'><strong>ut</strong></span> <span class='ocrx_word' id='word_1_47' title='bbox 1323 869 1390 935; x_wconf 88' lang='lat' dir='ltr'><strong>eius</strong></span> <span class='ocrx_word' id='word_1_48' title='bbox 1412 871 1510 957; x_wconf 92' lang='lat' dir='ltr'><strong>ipsius</strong></span> <span class='ocrx_word' id='word_1_49' title='bbox 1530 872 1658 938; x_wconf 88' lang='lat' dir='ltr'><strong>beredi-</strong></span> 
     </span>
     <span class='ocr_line' id='line_1_7' title="bbox 318 963 1657 1052; baseline 0.001 -22"><span class='ocrx_word' id='word_1_50' title='bbox 318 965 409 1031; x_wconf 77' lang='lat' dir='ltr'><strong>atatis</strong></span> <span class='ocrx_word' id='word_1_51' title='bbox 430 965 478 1030; x_wconf 92' lang='lat' dir='ltr'><strong>ius</strong></span> <span class='ocrx_word' id='word_1_52' title='bbox 500 985 686 1052; x_wconf 90' lang='lat' dir='ltr'><strong>causamque</strong></span> <span class='ocrx_word' id='word_1_53' title='bbox 709 973 825 1030; x_wconf 90' lang='lat' dir='ltr'><strong>tueare.</strong></span> <span class='ocrx_word' id='word_1_54' title='bbox 868 969 900 1030; x_wconf 85' lang='grc'><strong>3.</strong></span> <span class='ocrx_word' id='word_1_55' title='bbox 923 968 1021 1049; x_wconf 87' lang='lat' dir='ltr'><strong>Caput</strong></span> <span class='ocrx_word' id='word_1_56' title='bbox 1041 963 1118 1032; x_wconf 92' lang='lat' dir='ltr'><strong>illud</strong></span> <span class='ocrx_word' id='word_1_57' title='bbox 1140 971 1206 1036; x_wconf 90' lang='lat' dir='ltr'><strong>est,</strong></span> <span class='ocrx_word' id='word_1_58' title='bbox 1228 970 1265 1029; x_wconf 92' lang='lat' dir='ltr'><strong>ut</strong></span> <span class='ocrx_word' id='word_1_59' title='bbox 1288 968 1460 1051; x_wconf 78' lang='lat' dir='ltr'><strong>Lysonem,</strong></span> <span class='ocrx_word' id='word_1_60' title='bbox 1483 985 1576 1051; x_wconf 91' lang='lat' dir='ltr'><strong>quem</strong></span> <span class='ocrx_word' id='word_1_61' title='bbox 1594 987 1657 1052; x_wconf 89' lang='lat' dir='ltr'><strong>ego</strong></span> 
     </span>
     <span class='ocr_line' id='line_1_8' title="bbox 340 1055 1656 1144; baseline 0 -20"><span class='ocrx_word' id='word_1_62' title='bbox 340 1059 445 1124; x_wconf 87' lang='lat' dir='ltr'><strong>virum</strong></span> <span class='ocrx_word' id='word_1_63' title='bbox 479 1059 630 1144; x_wconf 89' lang='lat' dir='ltr'><strong>optimum</strong></span> <span class='ocrx_word' id='word_1_64' title='bbox 661 1057 931 1144; x_wconf 87' lang='lat' dir='ltr'><strong>gratissimumque</strong></span> <span class='ocrx_word' id='word_1_65' title='bbox 966 1057 1130 1142; x_wconf 78' lang='lat' dir='ltr'><strong>cognovi,</strong></span> <span class='ocrx_word' id='word_1_66' title='bbox 1162 1055 1296 1142; x_wconf 87' lang='lat' dir='ltr'><strong>recipias</strong></span> <span class='ocrx_word' id='word_1_67' title='bbox 1328 1057 1361 1122; x_wconf 91' lang='lat' dir='ltr'><strong>in</strong></span> <span class='ocrx_word' id='word_1_68' title='bbox 1396 1058 1656 1125; x_wconf 89' lang='lat' dir='ltr'><strong>necessitudinem</strong></span> 
     </span>
     <span class='ocr_line' id='line_1_9' title="bbox 340 1149 1656 1240; baseline 0.002 -23"><span class='ocrx_word' id='word_1_69' title='bbox 340 1161 434 1218; x_wconf 88' lang='lat' dir='ltr'><strong>tuam.</strong></span> <span class='ocrx_word' id='word_1_70' title='bbox 492 1152 587 1230; x_wconf 91' lang='lat' dir='ltr'><strong>Quod</strong></span> <span class='ocrx_word' id='word_1_71' title='bbox 615 1152 640 1216; x_wconf 92' lang='lat' dir='ltr'><strong>si</strong></span> <span class='ocrx_word' id='word_1_72' title='bbox 670 1149 796 1225; x_wconf 87' lang='lat' dir='ltr'><strong>leceris,</strong></span> <span class='ocrx_word' id='word_1_73' title='bbox 826 1172 887 1218; x_wconf 92' lang='lat' dir='ltr'><strong>non</strong></span> <span class='ocrx_word' id='word_1_74' title='bbox 917 1149 1041 1224; x_wconf 92' lang='lat' dir='ltr'><strong>dubito,</strong></span> <span class='ocrx_word' id='word_1_75' title='bbox 1077 1150 1151 1237; x_wconf 92' lang='lat' dir='ltr'><strong>quin</strong></span> <span class='ocrx_word' id='word_1_76' title='bbox 1180 1151 1211 1216; x_wconf 90' lang='lat' dir='ltr'><strong>in</strong></span> <span class='ocrx_word' id='word_1_77' title='bbox 1234 1171 1273 1215; x_wconf 90' lang='lat' dir='ltr'><strong>eo</strong></span> <span class='ocrx_word' id='word_1_78' title='bbox 1300 1151 1457 1237; x_wconf 91' lang='lat' dir='ltr'><strong>diligendo</strong></span> <span class='ocrx_word' id='word_1_79' title='bbox 1479 1153 1656 1240; x_wconf 87' lang='lat' dir='ltr'><strong>ceterisque</strong></span> 
     </span>
     <span class='ocr_line' id='line_1_10' title="bbox 338 1242 1655 1332; baseline 0.001 -21"><span class='ocrx_word' id='word_1_80' title='bbox 338 1255 445 1332; x_wconf 87' lang='lat' dir='ltr'><strong>postea</strong></span> <span class='ocrx_word' id='word_1_81' title='bbox 467 1245 730 1319; x_wconf 85' lang='lat' dir='ltr'><strong>commendando,</strong></span> <span class='ocrx_word' id='word_1_82' title='bbox 752 1244 855 1317; x_wconf 89' lang='lat' dir='ltr'><strong>idem,</strong></span> <span class='ocrx_word' id='word_1_83' title='bbox 878 1243 963 1332; x_wconf 93' lang='lat' dir='ltr'><strong>quod</strong></span> <span class='ocrx_word' id='word_1_84' title='bbox 976 1264 1048 1328; x_wconf 89' lang='lat' dir='ltr'><strong>ego,</strong></span> <span class='ocrx_word' id='word_1_85' title='bbox 1071 1244 1113 1309; x_wconf 90' lang='lat' dir='ltr'><strong>sis</strong></span> <span class='ocrx_word' id='word_1_86' title='bbox 1131 1242 1237 1309; x_wconf 91' lang='lat' dir='ltr'><strong>iudicii</strong></span> <span class='ocrx_word' id='word_1_87' title='bbox 1252 1253 1283 1308; x_wconf 90' lang='lat' dir='ltr'><strong>et</strong></span> <span class='ocrx_word' id='word_1_88' title='bbox 1299 1244 1465 1311; x_wconf 85' lang='lat' dir='ltr'><strong>voluntatis</strong></span> <span class='ocrx_word' id='word_1_89' title='bbox 1479 1245 1655 1312; x_wconf 88' lang='lat' dir='ltr'><strong>babiturus.</strong></span> 
     </span>
     <span class='ocr_line' id='line_1_11' title="bbox 339 1336 1655 1417; baseline 0.001 -12"><span class='ocrx_word' id='word_1_90' title='bbox 339 1339 432 1417; x_wconf 89' lang='lat' dir='ltr'><strong>Quod</strong></span> <span class='ocrx_word' id='word_1_91' title='bbox 465 1361 535 1405; x_wconf 94' lang='lat' dir='ltr'><strong>cum</strong></span> <span class='ocrx_word' id='word_1_92' title='bbox 570 1338 640 1405; x_wconf 92' lang='lat' dir='ltr'><strong>lieri</strong></span> <span class='ocrx_word' id='word_1_93' title='bbox 669 1339 870 1404; x_wconf 84' lang='lat' dir='ltr'><strong>vehementer</strong></span> <span class='ocrx_word' id='word_1_94' title='bbox 897 1337 1026 1412; x_wconf 88' lang='lat' dir='ltr'><strong>studeo,</strong></span> <span class='ocrx_word' id='word_1_95' title='bbox 1063 1339 1244 1404; x_wconf 81' lang='lat' dir='ltr'><strong>tumeliam</strong></span> <span class='ocrx_word' id='word_1_96' title='bbox 1267 1336 1494 1415; x_wconf 86' lang='lat' dir='ltr'><strong>illudvereor,</strong></span> <span class='ocrx_word' id='word_1_97' title='bbox 1530 1361 1590 1414; x_wconf 90' lang='lat' dir='ltr'><strong>ne,</strong></span> <span class='ocrx_word' id='word_1_98' title='bbox 1627 1343 1655 1410; x_wconf 93' lang='lat' dir='ltr'><strong>si</strong></span> 
     </span>
     <span class='ocr_line' id='line_1_12' title="bbox 304 1431 1655 1520; baseline 0.001 -22"><span class='ocrx_word' id='word_1_99' title='bbox 304 1432 440 1498; x_wconf 72' lang='lat' dir='ltr'><strong>suminus</strong></span> <span class='ocrx_word' id='word_1_100' title='bbox 462 1433 616 1498; x_wconf 87' lang='lat' dir='ltr'><strong>cumulate</strong></span> <span class='ocrx_word' id='word_1_101' title='bbox 637 1432 786 1497; x_wconf 82' lang='lat' dir='ltr'><strong>videbere</strong></span> <span class='ocrx_word' id='word_1_102' title='bbox 810 1431 921 1497; x_wconf 84' lang='lat' dir='ltr'><strong>iecisse</strong></span> <span class='ocrx_word' id='word_1_103' title='bbox 946 1431 1063 1518; x_wconf 82' lang='lat' dir='ltr'><strong>aquuid</strong></span> <span class='ocrx_word' id='word_1_104' title='bbox 1090 1432 1157 1497; x_wconf 90' lang='lat' dir='ltr'><strong>eius</strong></span> <span class='ocrx_word' id='word_1_105' title='bbox 1182 1453 1291 1506; x_wconf 88' lang='lat' dir='ltr'><strong>causa,</strong></span> <span class='ocrx_word' id='word_1_106' title='bbox 1315 1451 1364 1496; x_wconf 88' lang='lat' dir='ltr'><strong>me</strong></span> <span class='ocrx_word' id='word_1_107' title='bbox 1385 1432 1438 1497; x_wconf 89' lang='lat' dir='ltr'><strong>illc</strong></span> <span class='ocrx_word' id='word_1_108' title='bbox 1461 1433 1655 1520; x_wconf 76' lang='lat' dir='ltr'><strong>negligenter</strong></span> 
     </span>
     <span class='ocr_line' id='line_1_13' title="bbox 338 1524 1654 1613; baseline 0.002 -21"><span class='ocrx_word' id='word_1_109' title='bbox 338 1526 499 1612; x_wconf 85' lang='lat' dir='ltr'><strong>scripsisse</strong></span> <span class='ocrx_word' id='word_1_110' title='bbox 520 1536 623 1613; x_wconf 91' lang='lat' dir='ltr'><strong>putet,</strong></span> <span class='ocrx_word' id='word_1_111' title='bbox 646 1548 708 1592; x_wconf 90' lang='lat' dir='ltr'><strong>non</strong></span> <span class='ocrx_word' id='word_1_112' title='bbox 730 1537 760 1600; x_wconf 81' lang='lat' dir='ltr'><strong>te</strong></span> <span class='ocrx_word' id='word_1_113' title='bbox 782 1524 914 1592; x_wconf 92' lang='lat' dir='ltr'><strong>oblitum</strong></span> <span class='ocrx_word' id='word_1_114' title='bbox 936 1525 1007 1590; x_wconf 90' lang='lat' dir='ltr'><strong>mci.</strong></span> <span class='ocrx_word' id='word_1_115' title='bbox 1064 1525 1179 1604; x_wconf 87' lang='lat' dir='ltr'><strong>Quanti</strong></span> <span class='ocrx_word' id='word_1_116' title='bbox 1202 1525 1285 1592; x_wconf 91' lang='lat' dir='ltr'><strong>enim</strong></span> <span class='ocrx_word' id='word_1_117' title='bbox 1306 1546 1357 1591; x_wconf 94' lang='lat' dir='ltr'><strong>me</strong></span> <span class='ocrx_word' id='word_1_118' title='bbox 1379 1525 1498 1592; x_wconf 91' lang='lat' dir='ltr'><strong>laceres</strong></span> <span class='ocrx_word' id='word_1_119' title='bbox 1519 1549 1590 1593; x_wconf 89' lang='lat' dir='ltr'><strong>cum</strong></span> <span class='ocrx_word' id='word_1_120' title='bbox 1611 1549 1654 1594; x_wconf 80' lang='lat' dir='ltr'><strong>ex</strong></span> 
     </span>
     <span class='ocr_line' id='line_1_14' title="bbox 337 1619 1653 1708; baseline 0.003 -24"><span class='ocrx_word' id='word_1_121' title='bbox 337 1619 534 1686; x_wconf 84' lang='lat' dir='ltr'><strong>sermonibus</strong></span> <span class='ocrx_word' id='word_1_122' title='bbox 546 1621 735 1708; x_wconf 89' lang='lat' dir='ltr'><strong>quotidianis</strong></span> <span class='ocrx_word' id='word_1_123' title='bbox 747 1619 839 1693; x_wconf 87' lang='lat' dir='ltr'><strong>mais,</strong></span> <span class='ocrx_word' id='word_1_124' title='bbox 862 1631 927 1686; x_wconf 92' lang='lat' dir='ltr'><strong>tum</strong></span> <span class='ocrx_word' id='word_1_125' title='bbox 946 1641 986 1684; x_wconf 88' lang='lat' dir='ltr'><strong>ex</strong></span> <span class='ocrx_word' id='word_1_126' title='bbox 997 1619 1137 1706; x_wconf 90' lang='lat' dir='ltr'><strong>epistolis</strong></span> <span class='ocrx_word' id='word_1_127' title='bbox 1148 1620 1241 1684; x_wconf 88' lang='lat' dir='ltr'><strong>etiam</strong></span> <span class='ocrx_word' id='word_1_128' title='bbox 1260 1619 1322 1686; x_wconf 88' lang='lat' dir='ltr'><strong>tuis</strong></span> <span class='ocrx_word' id='word_1_129' title='bbox 1335 1619 1436 1706; x_wconf 90' lang='lat' dir='ltr'><strong>potuit</strong></span> <span class='ocrx_word' id='word_1_130' title='bbox 1450 1641 1653 1706; x_wconf 83' lang='lat' dir='ltr'><strong>cognoscere.</strong></span> 
     </span>
    </p>
   </div>
   <div class='ocr_carea' id='block_1_6' title="bbox 805 1757 1184 1844">
    <p class='ocr_par' dir='ltr' id='par_1_6' title="bbox 805 1757 1184 1844">
     <span class='ocr_line' id='line_1_15' title="bbox 805 1757 1184 1844; baseline -0.005 -18"><span class='ocrx_word' id='word_1_131' title='bbox 805 1763 872 1826; x_wconf 80' lang='lat' dir='ltr'><strong>rr.</strong></span> <span class='ocrx_word' id='word_1_132' title='bbox 915 1757 964 1842; x_wconf 81' lang='lat' dir='ltr'><strong>(s.</strong></span> <span class='ocrx_word' id='word_1_133' title='bbox 990 1762 1022 1825; x_wconf 85' lang='lat' dir='ltr'><strong>u.</strong></span> <span class='ocrx_word' id='word_1_134' title='bbox 1045 1763 1076 1825; x_wconf 88' lang='lat' dir='ltr'><strong>c.</strong></span> <span class='ocrx_word' id='word_1_135' title='bbox 1098 1762 1184 1844; x_wconf 80' lang='lat' dir='ltr'><strong>aas.)</strong></span> 
     </span>
    </p>
   </div>
   <div class='ocr_carea' id='block_1_7' title="bbox 300 1882 1654 2082">
    <p class='ocr_par' dir='ltr' id='par_1_7' title="bbox 300 1882 1654 2082">
     <span class='ocr_line' id='line_1_16' title="bbox 808 1882 1171 1948; baseline -0.006 0"><span class='ocrx_word' id='word_1_136' title='bbox 808 1882 950 1948; x_wconf 79' lang='lat' dir='ltr'>CICERO</span> <span class='ocrx_word' id='word_1_137' title='bbox 973 1883 1117 1948; x_wconf 79' lang='lat' dir='ltr'>SERVIO</span> <span class='ocrx_word' id='word_1_138' title='bbox 1140 1883 1171 1947; x_wconf 91' lang='lat' dir='ltr'><strong>S.</strong></span> 
     </span>
     <span class='ocr_line' id='line_1_17' title="bbox 300 1981 1654 2082; baseline 0.003 -23"><span class='ocrx_word' id='word_1_139' title='bbox 300 2020 325 2060; x_wconf 84' lang='lat' dir='ltr'><strong>aa</strong></span> <span class='ocrx_word' id='word_1_140' title='bbox 417 1995 590 2081; x_wconf 81' lang='lat' dir='ltr'><strong>Asclapone</strong></span> <span class='ocrx_word' id='word_1_141' title='bbox 611 1993 766 2070; x_wconf 86' lang='lat' dir='ltr'><strong>Patrensi,</strong></span> <span class='ocrx_word' id='word_1_142' title='bbox 796 1993 934 2082; x_wconf 72' lang='lat' dir='ltr'><strong>medico,</strong></span> <span class='ocrx_word' id='word_1_143' title='bbox 966 1981 1408 2081; x_wconf 79' lang='lat' dir='ltr'><strong>ntor-familiariterleinsque</strong></span> <span class='ocrx_word' id='word_1_144' title='bbox 1427 2015 1498 2060; x_wconf 84' lang='lat' dir='ltr'><strong>enm</strong></span> <span class='ocrx_word' id='word_1_145' title='bbox 1519 2016 1654 2062; x_wconf 87' lang='lat' dir='ltr'><strong>consue-</strong></span> 
     </span>
    </p>
   </div>
   <div class='ocr_carea' id='block_1_8' title="bbox 118 2087 1651 2174">
    <p class='ocr_par' dir='ltr' id='par_1_8' title="bbox 118 2087 1651 2174">
     <span class='ocr_line' id='line_1_18' title="bbox 118 2087 1651 2174; baseline 0.001 -20"><span class='ocrx_word' id='word_1_146' title='bbox 118 2133 122 2142; x_wconf 81' lang='lat'>·</span> <span class='ocrx_word' id='word_1_147' title='bbox 218 2154 221 2166; x_wconf 73' lang='grc'>,</span> <span class='ocrx_word' id='word_1_148' title='bbox 335 2087 411 2155; x_wconf 89' lang='lat' dir='ltr'><strong>tudo</strong></span> <span class='ocrx_word' id='word_1_149' title='bbox 432 2088 506 2154; x_wconf 87' lang='lat' dir='ltr'><strong>mIbi</strong></span> <span class='ocrx_word' id='word_1_150' title='bbox 529 2087 664 2156; x_wconf 90' lang='lat' dir='ltr'><strong>iucunda</strong></span> <span class='ocrx_word' id='word_1_151' title='bbox 692 2088 765 2162; x_wconf 87' lang='lat' dir='ltr'><strong>luit,</strong></span> <span class='ocrx_word' id='word_1_152' title='bbox 799 2097 864 2154; x_wconf 90' lang='lat' dir='ltr'><strong>tum</strong></span> <span class='ocrx_word' id='word_1_153' title='bbox 886 2108 937 2152; x_wconf 91' lang='lat' dir='ltr'><strong>ars</strong></span> <span class='ocrx_word' id='word_1_154' title='bbox 959 2087 1019 2153; x_wconf 91' lang='lat' dir='ltr'><strong>etia</strong></span> <span class='ocrx_word' id='word_1_155' title='bbox 1061 2137 1068 2160; x_wconf 93' lang='lat'><strong>,</strong></span> <span class='ocrx_word' id='word_1_156' title='bbox 1102 2109 1194 2174; x_wconf 90' lang='lat' dir='ltr'><strong>quam</strong></span> <span class='ocrx_word' id='word_1_157' title='bbox 1216 2107 1285 2154; x_wconf 91' lang='lat' dir='ltr'><strong>sum</strong></span> <span class='ocrx_word' id='word_1_158' title='bbox 1308 2097 1458 2174; x_wconf 82' lang='lat' dir='ltr'><strong>expertus</strong></span> <span class='ocrx_word' id='word_1_159' title='bbox 1479 2088 1510 2154; x_wconf 91' lang='lat' dir='ltr'><strong>in</strong></span> <span class='ocrx_word' id='word_1_160' title='bbox 1533 2090 1651 2157; x_wconf 84' lang='lat' dir='ltr'><strong>valetu-</strong></span> 
     </span>
    </p>
   </div>
   <div class='ocr_carea' id='block_1_9' title="bbox 168 2165 1651 2268">
    <p class='ocr_par' dir='ltr' id='par_1_9' title="bbox 168 2165 1651 2268">
     <span class='ocr_line' id='line_1_19' title="bbox 168 2165 1651 2268; baseline 0.005 -26"><span class='ocrx_word' id='word_1_161' title='bbox 168 2167 242 2242; x_wconf 46' lang='lat' dir='ltr'><strong>*fs*</strong></span> <span class='ocrx_word' id='word_1_162' title='bbox 334 2181 406 2248; x_wconf 90' lang='lat' dir='ltr'><strong>dine</strong></span> <span class='ocrx_word' id='word_1_163' title='bbox 427 2204 587 2260; x_wconf 69' lang='lat' dir='ltr'><strong>meorum</strong></span> <span class='ocrx_word' id='word_1_164' title='bbox 610 2182 642 2246; x_wconf 93' lang='lat' dir='ltr'><strong>in</strong></span> <span class='ocrx_word' id='word_1_165' title='bbox 668 2165 828 2268; x_wconf 61' lang='lat' dir='ltr'><strong>qud‘mibi</strong></span> <span class='ocrx_word' id='word_1_166' title='bbox 849 2203 920 2248; x_wconf 91' lang='lat' dir='ltr'><strong>cum</strong></span> <span class='ocrx_word' id='word_1_167' title='bbox 942 2181 1009 2267; x_wconf 92' lang='lat' dir='ltr'><strong>ipsa</strong></span> <span class='ocrx_word' id='word_1_168' title='bbox 1031 2181 1175 2256; x_wconf 89' lang='lat' dir='ltr'><strong>scientia,</strong></span> <span class='ocrx_word' id='word_1_169' title='bbox 1198 2192 1263 2247; x_wconf 91' lang='lat' dir='ltr'><strong>tum</strong></span> <span class='ocrx_word' id='word_1_170' title='bbox 1285 2181 1378 2246; x_wconf 89' lang='lat' dir='ltr'><strong>etiam</strong></span> <span class='ocrx_word' id='word_1_171' title='bbox 1393 2179 1539 2249; x_wconf 86' lang='lat' dir='ltr'><strong>fidelitate</strong></span> <span class='ocrx_word' id='word_1_172' title='bbox 1554 2183 1651 2249; x_wconf 91' lang='lat' dir='ltr'><strong>bene-</strong></span> 
     </span>
    </p>
   </div>
   <div class='ocr_carea' id='block_1_10' title="bbox 220 2915 240 3017">
    <p class='ocr_par' dir='ltr' id='par_1_10' title="bbox 220 2915 240 3017">
     <span class='ocr_line' id='line_1_20' title="bbox 220 2915 240 3017; baseline 0 -22"><span class='ocrx_word' id='word_1_173' title='bbox 220 2915 240 3017; x_wconf 63' lang='lat' dir='ltr'><strong>pl</strong></span> 
     </span>
    </p>
   </div>
   <div class='ocr_carea' id='block_1_11' title="bbox 295 2273 1651 2549">
    <p class='ocr_par' dir='ltr' id='par_1_11' title="bbox 295 2273 1651 2549">
     <span class='ocr_line' id='line_1_21' title="bbox 333 2273 1650 2363; baseline 0.003 -23"><span class='ocrx_word' id='word_1_174' title='bbox 333 2275 530 2361; x_wconf 78' lang='lat' dir='ltr'><strong>volentiaque</strong></span> <span class='ocrx_word' id='word_1_175' title='bbox 556 2275 712 2341; x_wconf 81' lang='lat' dir='ltr'><strong>satisfecit.</strong></span> <span class='ocrx_word' id='word_1_176' title='bbox 763 2280 852 2341; x_wconf 91' lang='lat' dir='ltr'><strong>Ilunc</strong></span> <span class='ocrx_word' id='word_1_177' title='bbox 876 2275 973 2360; x_wconf 88' lang='lat' dir='ltr'><strong>igitur</strong></span> <span class='ocrx_word' id='word_1_178' title='bbox 994 2273 1049 2340; x_wconf 89' lang='lat' dir='ltr'><strong>tibi</strong></span> <span class='ocrx_word' id='word_1_179' title='bbox 1072 2275 1258 2341; x_wconf 90' lang='lat' dir='ltr'><strong>commendo</strong></span> <span class='ocrx_word' id='word_1_180' title='bbox 1280 2285 1310 2340; x_wconf 93' lang='lat' dir='ltr'><strong>et</strong></span> <span class='ocrx_word' id='word_1_181' title='bbox 1331 2297 1349 2341; x_wconf 97' lang='lat' dir='ltr'><strong>a</strong></span> <span class='ocrx_word' id='word_1_182' title='bbox 1371 2285 1402 2342; x_wconf 93' lang='lat' dir='ltr'><strong>te</strong></span> <span class='ocrx_word' id='word_1_183' title='bbox 1423 2285 1513 2363; x_wconf 90' lang='lat' dir='ltr'><strong>peto,</strong></span> <span class='ocrx_word' id='word_1_184' title='bbox 1536 2287 1571 2344; x_wconf 88' lang='lat' dir='ltr'><strong>ut</strong></span> <span class='ocrx_word' id='word_1_185' title='bbox 1592 2279 1650 2344; x_wconf 90' lang='lat' dir='ltr'><strong>des</strong></span> 
     </span>
     <span class='ocr_line' id='line_1_22' title="bbox 333 2367 1651 2456; baseline 0.002 -22"><span class='ocrx_word' id='word_1_186' title='bbox 333 2389 478 2455; x_wconf 89' lang='lat' dir='ltr'><strong>operam,</strong></span> <span class='ocrx_word' id='word_1_187' title='bbox 501 2377 534 2436; x_wconf 94' lang='lat' dir='ltr'><strong>ut</strong></span> <span class='ocrx_word' id='word_1_188' title='bbox 556 2369 705 2454; x_wconf 90' lang='lat' dir='ltr'><strong>intelligat</strong></span> <span class='ocrx_word' id='word_1_189' title='bbox 726 2367 891 2453; x_wconf 86' lang='lat' dir='ltr'><strong>diligenter</strong></span> <span class='ocrx_word' id='word_1_190' title='bbox 912 2390 962 2433; x_wconf 92' lang='lat' dir='ltr'><strong>me</strong></span> <span class='ocrx_word' id='word_1_191' title='bbox 984 2369 1143 2454; x_wconf 87' lang='lat' dir='ltr'><strong>scripsisse</strong></span> <span class='ocrx_word' id='word_1_192' title='bbox 1165 2368 1204 2435; x_wconf 92' lang='lat' dir='ltr'><strong>de</strong></span> <span class='ocrx_word' id='word_1_193' title='bbox 1226 2390 1294 2434; x_wconf 87' lang='lat' dir='ltr'><strong>sese</strong></span> <span class='ocrx_word' id='word_1_194' title='bbox 1314 2390 1475 2456; x_wconf 88' lang='lat' dir='ltr'><strong>meamque</strong></span> <span class='ocrx_word' id='word_1_195' title='bbox 1490 2391 1651 2437; x_wconf 91' lang='lat' dir='ltr'><strong>commen-</strong></span> 
     </span>
     <span class='ocr_line' id='line_1_23' title="bbox 295 2461 1563 2549; baseline 0 -19"><span class='ocrx_word' id='word_1_196' title='bbox 295 2486 325 2530; x_wconf 85' lang='lat' dir='ltr'><strong>aa</strong></span> <span class='ocrx_word' id='word_1_197' title='bbox 334 2461 492 2527; x_wconf 90' lang='lat' dir='ltr'><strong>dationem</strong></span> <span class='ocrx_word' id='word_1_198' title='bbox 512 2462 584 2528; x_wconf 90' lang='lat' dir='ltr'><strong>usui</strong></span> <span class='ocrx_word' id='word_1_199' title='bbox 606 2482 718 2548; x_wconf 89' lang='lat' dir='ltr'><strong>magno</strong></span> <span class='ocrx_word' id='word_1_200' title='bbox 740 2461 801 2528; x_wconf 90' lang='lat' dir='ltr'><strong>sibi</strong></span> <span class='ocrx_word' id='word_1_201' title='bbox 822 2462 927 2528; x_wconf 86' lang='lat' dir='ltr'><strong>luisse.</strong></span> <span class='ocrx_word' id='word_1_202' title='bbox 969 2462 1037 2527; x_wconf 87' lang='lat' dir='ltr'><strong>Erit</strong></span> <span class='ocrx_word' id='word_1_203' title='bbox 1058 2461 1090 2527; x_wconf 92' lang='lat' dir='ltr'><strong>id</strong></span> <span class='ocrx_word' id='word_1_204' title='bbox 1111 2461 1188 2528; x_wconf 86' lang='lat' dir='ltr'><strong>mibi</strong></span> <span class='ocrx_word' id='word_1_205' title='bbox 1208 2463 1409 2528; x_wconf 84' lang='lat' dir='ltr'><strong>vehementer</strong></span> <span class='ocrx_word' id='word_1_206' title='bbox 1430 2474 1563 2549; x_wconf 92' lang='lat' dir='ltr'><strong>gratum.</strong></span> 
     </span>
    </p>
   </div>
   <div class='ocr_carea' id='block_1_12' title="bbox 794 2601 1193 2684">
    <p class='ocr_par' dir='ltr' id='par_1_12' title="bbox 794 2601 1193 2684">
     <span class='ocr_line' id='line_1_24' title="bbox 794 2601 1193 2684; baseline 0.003 -18"><span class='ocrx_word' id='word_1_207' title='bbox 794 2605 877 2668; x_wconf 79' lang='lat' dir='ltr'><strong>xrs.</strong></span> <span class='ocrx_word' id='word_1_208' title='bbox 919 2601 969 2684; x_wconf 77' lang='lat' dir='ltr'><strong>(A.</strong></span> <span class='ocrx_word' id='word_1_209' title='bbox 995 2605 1028 2669; x_wconf 84' lang='lat' dir='ltr'><strong>u.</strong></span> <span class='ocrx_word' id='word_1_210' title='bbox 1050 2605 1082 2668; x_wconf 84' lang='lat' dir='ltr'><strong>c.</strong></span> <span class='ocrx_word' id='word_1_211' title='bbox 1104 2605 1193 2683; x_wconf 82' lang='lat' dir='ltr'><strong>ros.)</strong></span> 
     </span>
    </p>
   </div>
   <div class='ocr_carea' id='block_1_13' title="bbox 808 2723 1171 2791">
    <p class='ocr_par' dir='ltr' id='par_1_13' title="bbox 808 2723 1171 2791">
     <span class='ocr_line' id='line_1_25' title="bbox 808 2723 1171 2791; baseline 0.008 -3"><span class='ocrx_word' id='word_1_212' title='bbox 808 2723 950 2789; x_wconf 79' lang='lat' dir='ltr'><strong>ctcnno</strong></span> <span class='ocrx_word' id='word_1_213' title='bbox 973 2725 1116 2791; x_wconf 82' lang='lat' dir='ltr'>SERVIO</span> <span class='ocrx_word' id='word_1_214' title='bbox 1139 2728 1171 2790; x_wconf 87' lang='lat' dir='ltr'><strong>S.</strong></span> 
     </span>
    </p>
   </div>
   <div class='ocr_carea' id='block_1_14' title="bbox 294 2834 1648 3302">
    <p class='ocr_par' dir='ltr' id='par_1_14' title="bbox 294 2834 1648 3302">
     <span class='ocr_line' id='line_1_26' title="bbox 418 2834 1648 2906; baseline 0.003 -5"><span class='ocrx_word' id='word_1_215' title='bbox 418 2840 446 2903; x_wconf 90' lang='lat'><strong>1.</strong></span> <span class='ocrx_word' id='word_1_216' title='bbox 472 2841 513 2903; x_wconf 86' lang='lat' dir='ltr'><strong>bl.</strong></span> <span class='ocrx_word' id='word_1_217' title='bbox 547 2834 697 2902; x_wconf 79' lang='lat' dir='ltr'><strong>Aemilius</strong></span> <span class='ocrx_word' id='word_1_218' title='bbox 723 2835 911 2901; x_wconf 83' lang='lat' dir='ltr'><strong>Avianianus</strong></span> <span class='ocrx_word' id='word_1_219' title='bbox 939 2834 978 2901; x_wconf 93' lang='lat' dir='ltr'><strong>ab</strong></span> <span class='ocrx_word' id='word_1_220' title='bbox 1005 2835 1131 2902; x_wconf 90' lang='lat' dir='ltr'><strong>ineunte</strong></span> <span class='ocrx_word' id='word_1_221' title='bbox 1159 2835 1363 2903; x_wconf 90' lang='lat' dir='ltr'><strong>adolescentia</strong></span> <span class='ocrx_word' id='word_1_222' title='bbox 1396 2859 1447 2905; x_wconf 87' lang='lat' dir='ltr'><strong>me</strong></span> <span class='ocrx_word' id='word_1_223' title='bbox 1468 2837 1648 2906; x_wconf 83' lang='lat' dir='ltr'><strong>observavit</strong></span> 
     </span>
     <span class='ocr_line' id='line_1_27' title="bbox 332 2928 1646 3019; baseline 0.003 -24"><span class='ocrx_word' id='word_1_224' title='bbox 332 2951 519 3017; x_wconf 88' lang='lat' dir='ltr'><strong>semperque</strong></span> <span class='ocrx_word' id='word_1_225' title='bbox 540 2929 664 3005; x_wconf 86' lang='lat' dir='ltr'><strong>dilexit,</strong></span> <span class='ocrx_word' id='word_1_226' title='bbox 684 2929 737 3008; x_wconf 65' lang='lat' dir='ltr'><strong>,air</strong></span> <span class='ocrx_word' id='word_1_227' title='bbox 757 2950 828 2996; x_wconf 90' lang='lat' dir='ltr'><strong>cum</strong></span> <span class='ocrx_word' id='word_1_228' title='bbox 850 2928 967 3004; x_wconf 88' lang='lat' dir='ltr'><strong>bonus,</strong></span> <span class='ocrx_word' id='word_1_229' title='bbox 996 2939 1062 2996; x_wconf 89' lang='lat' dir='ltr'><strong>tam</strong></span> <span class='ocrx_word' id='word_1_230' title='bbox 1083 2930 1295 3017; x_wconf 87' lang='lat' dir='ltr'><strong>perhumanus</strong></span> <span class='ocrx_word' id='word_1_231' title='bbox 1317 2931 1401 2996; x_wconf 90' lang='lat' dir='ltr'><strong>etin</strong></span> <span class='ocrx_word' id='word_1_232' title='bbox 1423 2933 1508 2998; x_wconf 90' lang='lat' dir='ltr'><strong>omni</strong></span> <span class='ocrx_word' id='word_1_233' title='bbox 1529 2954 1646 3019; x_wconf 85' lang='lat' dir='ltr'><strong>genere</strong></span> 
     </span>
     <span class='ocr_line' id='line_1_28' title="bbox 294 3022 1646 3112; baseline 0.001 -22"><span class='ocrx_word' id='word_1_234' title='bbox 294 3023 425 3096; x_wconf 73' lang='lat' dir='ltr'><strong>mollicii</strong></span> <span class='ocrx_word' id='word_1_235' title='bbox 448 3022 632 3109; x_wconf 90' lang='lat' dir='ltr'><strong>diligendus.</strong></span> <span class='ocrx_word' id='word_1_236' title='bbox 690 3027 790 3102; x_wconf 87' lang='lat' dir='ltr'><strong>Quem</strong></span> <span class='ocrx_word' id='word_1_237' title='bbox 813 3023 839 3089; x_wconf 91' lang='lat' dir='ltr'><strong>si</strong></span> <span class='ocrx_word' id='word_1_238' title='bbox 860 3023 1033 3090; x_wconf 88' lang='lat' dir='ltr'><strong>arbitrarer</strong></span> <span class='ocrx_word' id='word_1_239' title='bbox 1054 3044 1122 3090; x_wconf 89' lang='lat' dir='ltr'><strong>esse</strong></span> <span class='ocrx_word' id='word_1_240' title='bbox 1144 3025 1277 3112; x_wconf 79' lang='lat' dir='ltr'><strong>Sicyone</strong></span> <span class='ocrx_word' id='word_1_241' title='bbox 1304 3034 1335 3089; x_wconf 92' lang='lat' dir='ltr'><strong>et</strong></span> <span class='ocrx_word' id='word_1_242' title='bbox 1356 3025 1416 3091; x_wconf 91' lang='lat' dir='ltr'><strong>nisi</strong></span> <span class='ocrx_word' id='word_1_243' title='bbox 1437 3026 1580 3094; x_wconf 85' lang='lat' dir='ltr'><strong>audirem</strong></span> <span class='ocrx_word' id='word_1_244' title='bbox 1600 3026 1646 3093; x_wconf 89' lang='lat' dir='ltr'><strong>ibi</strong></span> 
     </span>
     <span class='ocr_line' id='line_1_29' title="bbox 331 3116 1647 3207; baseline 0.002 -23"><span class='ocrx_word' id='word_1_245' title='bbox 331 3140 402 3184; x_wconf 90' lang='lat' dir='ltr'><strong>eum</strong></span> <span class='ocrx_word' id='word_1_246' title='bbox 426 3117 621 3192; x_wconf 87' lang='lat' dir='ltr'><strong>etiamnunc,</strong></span> <span class='ocrx_word' id='word_1_247' title='bbox 657 3116 713 3184; x_wconf 91' lang='lat' dir='ltr'><strong>ubi</strong></span> <span class='ocrx_word' id='word_1_248' title='bbox 734 3137 794 3203; x_wconf 92' lang='lat' dir='ltr'><strong>ego</strong></span> <span class='ocrx_word' id='word_1_249' title='bbox 816 3117 947 3204; x_wconf 90' lang='lat' dir='ltr'><strong>reliqui,</strong></span> <span class='ocrx_word' id='word_1_250' title='bbox 983 3117 1115 3207; x_wconf 82' lang='lat' dir='ltr'><strong>Cibyrae</strong></span> <span class='ocrx_word' id='word_1_251' title='bbox 1136 3118 1346 3195; x_wconf 86' lang='lat' dir='ltr'><strong>commorari,</strong></span> <span class='ocrx_word' id='word_1_252' title='bbox 1384 3119 1462 3186; x_wconf 94' lang='lat' dir='ltr'><strong>nibil</strong></span> <span class='ocrx_word' id='word_1_253' title='bbox 1490 3133 1573 3188; x_wconf 88' lang='lat' dir='ltr'><strong>esset</strong></span> <span class='ocrx_word' id='word_1_254' title='bbox 1592 3141 1647 3186; x_wconf 85' lang='lat' dir='ltr'><strong>na-</strong></span> 
     </span>
     <span class='ocr_line' id='line_1_30' title="bbox 330 3211 1643 3302; baseline 0.002 -24"><span class='ocrx_word' id='word_1_255' title='bbox 330 3233 416 3278; x_wconf 89' lang='lat' dir='ltr'><strong>cesse</strong></span> <span class='ocrx_word' id='word_1_256' title='bbox 437 3211 528 3298; x_wconf 91' lang='lat' dir='ltr'><strong>plura</strong></span> <span class='ocrx_word' id='word_1_257' title='bbox 548 3233 598 3277; x_wconf 82' lang='lat' dir='ltr'><strong>nae</strong></span> <span class='ocrx_word' id='word_1_258' title='bbox 619 3211 659 3276; x_wconf 91' lang='lat' dir='ltr'><strong>ad</strong></span> <span class='ocrx_word' id='word_1_259' title='bbox 680 3222 711 3276; x_wconf 91' lang='lat' dir='ltr'><strong>te</strong></span> <span class='ocrx_word' id='word_1_260' title='bbox 733 3212 772 3276; x_wconf 88' lang='lat' dir='ltr'><strong>de</strong></span> <span class='ocrx_word' id='word_1_261' title='bbox 794 3232 833 3277; x_wconf 95' lang='lat' dir='ltr'><strong>eo</strong></span> <span class='ocrx_word' id='word_1_262' title='bbox 854 3211 1004 3278; x_wconf 88' lang='lat' dir='ltr'><strong>scribere.</strong></span> <span class='ocrx_word' id='word_1_263' title='bbox 1047 3211 1215 3278; x_wconf 88' lang='lat' dir='ltr'><strong>Perficeret</strong></span> <span class='ocrx_word' id='word_1_264' title='bbox 1235 3212 1317 3278; x_wconf 89' lang='lat' dir='ltr'><strong>anim</strong></span> <span class='ocrx_word' id='word_1_265' title='bbox 1339 3212 1407 3298; x_wconf 92' lang='lat' dir='ltr'><strong>ipse</strong></span> <span class='ocrx_word' id='word_1_266' title='bbox 1421 3214 1564 3300; x_wconf 87' lang='lat' dir='ltr'><strong>prolecto</strong></span> <span class='ocrx_word' id='word_1_267' title='bbox 1578 3214 1643 3302; x_wconf 63' lang='lat' dir='ltr'><strong>arsis</strong></span> 
     </span>
    </p>
   </div>
   <div class='ocr_carea' id='block_1_15' title="bbox 218 3304 1644 3484">
    <p class='ocr_par' dir='ltr' id='par_1_15' title="bbox 218 3304 1644 3484">
     <span class='ocr_line' id='line_1_31' title="bbox 225 3304 1644 3394; baseline -0.002 -19"><span class='ocrx_word' id='word_1_268' title='bbox 225 3338 235 3375; x_wconf 85' lang='grc'><strong>.·</strong></span> <span class='ocrx_word' id='word_1_269' title='bbox 331 3304 472 3373; x_wconf 87' lang='lat' dir='ltr'><strong>moribus</strong></span> <span class='ocrx_word' id='word_1_270' title='bbox 494 3326 612 3391; x_wconf 85' lang='lat' dir='ltr'><strong>suaque</strong></span> <span class='ocrx_word' id='word_1_271' title='bbox 634 3305 837 3380; x_wconf 87' lang='lat' dir='ltr'><strong>humanitate,</strong></span> <span class='ocrx_word' id='word_1_272' title='bbox 865 3314 900 3371; x_wconf 90' lang='lat' dir='ltr'><strong>ut</strong></span> <span class='ocrx_word' id='word_1_273' title='bbox 921 3305 987 3371; x_wconf 91' lang='lat' dir='ltr'><strong>sine</strong></span> <span class='ocrx_word' id='word_1_274' title='bbox 1009 3307 1191 3394; x_wconf 89' lang='lat' dir='ltr'><strong>cuiusquam</strong></span> <span class='ocrx_word' id='word_1_275' title='bbox 1211 3305 1479 3373; x_wconf 88' lang='lat' dir='ltr'><strong>commendatione</strong></span> <span class='ocrx_word' id='word_1_276' title='bbox 1500 3307 1644 3392; x_wconf 87' lang='lat' dir='ltr'><strong>diligere-</strong></span> 
     </span>
     <span class='ocr_line' id='line_1_32' title="bbox 218 3394 1642 3484; baseline 0.001 -20"><span class='ocrx_word' id='word_1_277' title='bbox 218 3394 231 3412; x_wconf 73' lang='grc'><strong>“’</strong></span> <span class='ocrx_word' id='word_1_278' title='bbox 331 3409 382 3466; x_wconf 91' lang='lat' dir='ltr'><strong>tur</strong></span> <span class='ocrx_word' id='word_1_279' title='bbox 413 3396 468 3464; x_wconf 89' lang='lat' dir='ltr'><strong>abs</strong></span> <span class='ocrx_word' id='word_1_280' title='bbox 505 3407 536 3463; x_wconf 87' lang='lat' dir='ltr'><strong>tc</strong></span> <span class='ocrx_word' id='word_1_281' title='bbox 570 3420 632 3464; x_wconf 93' lang='lat' dir='ltr'><strong>non</strong></span> <span class='ocrx_word' id='word_1_282' title='bbox 658 3403 760 3464; x_wconf 87' lang='lat' dir='ltr'><strong>miuus</strong></span> <span class='ocrx_word' id='word_1_283' title='bbox 789 3419 881 3484; x_wconf 92' lang='lat' dir='ltr'><strong>quam</strong></span> <span class='ocrx_word' id='word_1_284' title='bbox 912 3409 943 3464; x_wconf 89' lang='lat' dir='ltr'><strong>et</strong></span> <span class='ocrx_word' id='word_1_285' title='bbox 969 3420 988 3464; x_wconf 91' lang='lat' dir='ltr'><strong>a</strong></span> <span class='ocrx_word' id='word_1_286' title='bbox 1016 3421 1066 3464; x_wconf 89' lang='lat' dir='ltr'><strong>me</strong></span> <span class='ocrx_word' id='word_1_287' title='bbox 1094 3407 1125 3464; x_wconf 89' lang='lat' dir='ltr'><strong>et</strong></span> <span class='ocrx_word' id='word_1_288' title='bbox 1154 3420 1172 3463; x_wconf 89' lang='lat' dir='ltr'><strong>a</strong></span> <span class='ocrx_word' id='word_1_289' title='bbox 1199 3399 1311 3465; x_wconf 87' lang='lat' dir='ltr'><strong>ceteris</strong></span> <span class='ocrx_word' id='word_1_290' title='bbox 1343 3400 1407 3465; x_wconf 93' lang='lat' dir='ltr'><strong>suis</strong></span> <span class='ocrx_word' id='word_1_291' title='bbox 1429 3399 1642 3466; x_wconf 80' lang='lat' dir='ltr'><strong>familiaribus.</strong></span> 
     </span>
    </p>
   </div>
   <div class='ocr_carea' id='block_1_16' title="bbox 295 3491 1643 3674">
    <p class='ocr_par' dir='ltr' id='par_1_16' title="bbox 295 3491 1643 3674">
     <span class='ocr_line' id='line_1_33' title="bbox 295 3491 1641 3578; baseline -0.004 -14"><span class='ocrx_word' id='word_1_292' title='bbox 295 3497 361 3564; x_wconf 75' lang='lat' dir='ltr'><strong>on.</strong></span> <span class='ocrx_word' id='word_1_293' title='bbox 394 3493 456 3559; x_wconf 83' lang='lat' dir='ltr'><strong>Sed</strong></span> <span class='ocrx_word' id='word_1_294' title='bbox 483 3513 555 3563; x_wconf 85' lang='lat' dir='ltr'><strong>cum</strong></span> <span class='ocrx_word' id='word_1_295' title='bbox 582 3491 669 3557; x_wconf 84' lang='lat' dir='ltr'><strong>illnnr</strong></span> <span class='ocrx_word' id='word_1_296' title='bbox 698 3491 807 3558; x_wconf 91' lang='lat' dir='ltr'><strong>abesse</strong></span> <span class='ocrx_word' id='word_1_297' title='bbox 834 3500 957 3578; x_wconf 89' lang='lat' dir='ltr'><strong>putem,</strong></span> <span class='ocrx_word' id='word_1_298' title='bbox 994 3491 1179 3559; x_wconf 88' lang='lat' dir='ltr'><strong>commendo</strong></span> <span class='ocrx_word' id='word_1_299' title='bbox 1209 3492 1264 3559; x_wconf 91' lang='lat' dir='ltr'><strong>tibi</strong></span> <span class='ocrx_word' id='word_1_300' title='bbox 1286 3493 1317 3558; x_wconf 94' lang='lat' dir='ltr'><strong>in</strong></span> <span class='ocrx_word' id='word_1_301' title='bbox 1339 3495 1492 3562; x_wconf 90' lang='lat' dir='ltr'><strong>maiorem</strong></span> <span class='ocrx_word' id='word_1_302' title='bbox 1515 3494 1641 3560; x_wconf 89' lang='lat' dir='ltr'><strong>modum</strong></span> 
     </span>
     <span class='ocr_line' id='line_1_34' title="bbox 330 3585 1643 3674; baseline -0.001 -22"><span class='ocrx_word' id='word_1_303' title='bbox 330 3586 458 3652; x_wconf 91' lang='lat' dir='ltr'><strong>domum</strong></span> <span class='ocrx_word' id='word_1_304' title='bbox 480 3590 564 3660; x_wconf 86' lang='lat' dir='ltr'><strong>eins,</strong></span> <span class='ocrx_word' id='word_1_305' title='bbox 597 3607 677 3671; x_wconf 90' lang='lat' dir='ltr'><strong>quae</strong></span> <span class='ocrx_word' id='word_1_306' title='bbox 699 3596 746 3651; x_wconf 91' lang='lat' dir='ltr'><strong>est</strong></span> <span class='ocrx_word' id='word_1_307' title='bbox 767 3586 914 3674; x_wconf 81' lang='lat' dir='ltr'><strong>Sicyone,</strong></span> <span class='ocrx_word' id='word_1_308' title='bbox 950 3608 1081 3673; x_wconf 93' lang='lat' dir='ltr'><strong>remque</strong></span> <span class='ocrx_word' id='word_1_309' title='bbox 1102 3585 1303 3662; x_wconf 75' lang='lat' dir='ltr'><strong>familiarem,</strong></span> <span class='ocrx_word' id='word_1_310' title='bbox 1340 3592 1475 3653; x_wconf 82' lang='lat' dir='ltr'><strong>maxime</strong></span> <span class='ocrx_word' id='word_1_311' title='bbox 1498 3589 1643 3656; x_wconf 53' lang='grc' dir='ltr'><strong>(311νί1-</strong></span> 
     </span>
    </p>
   </div>
   <div class='ocr_carea' id='block_1_17' title="bbox 228 3678 1642 3768">
    <p class='ocr_par' dir='ltr' id='par_1_17' title="bbox 228 3678 1642 3768">
     <span class='ocr_line' id='line_1_35' title="bbox 228 3678 1642 3768; baseline 0.001 -23"><span class='ocrx_word' id='word_1_312' title='bbox 228 3747 233 3756; x_wconf 73' lang='grc'><em>,</em></span> <span class='ocrx_word' id='word_1_313' title='bbox 330 3679 416 3745; x_wconf 93' lang='lat' dir='ltr'><strong>nium</strong></span> <span class='ocrx_word' id='word_1_314' title='bbox 437 3679 670 3752; x_wconf 87' lang='lat' dir='ltr'><strong>Hammonium,</strong></span> <span class='ocrx_word' id='word_1_315' title='bbox 693 3678 840 3762; x_wconf 86' lang='lat' dir='ltr'><strong>libertum</strong></span> <span class='ocrx_word' id='word_1_316' title='bbox 862 3680 945 3758; x_wconf 89' lang='lat' dir='ltr'><strong>eius;</strong></span> <span class='ocrx_word' id='word_1_317' title='bbox 974 3701 1066 3768; x_wconf 90' lang='lat' dir='ltr'><strong>quem</strong></span> <span class='ocrx_word' id='word_1_318' title='bbox 1089 3679 1215 3767; x_wconf 90' lang='lat' dir='ltr'><strong>quidem</strong></span> <span class='ocrx_word' id='word_1_319' title='bbox 1242 3679 1299 3745; x_wconf 89' lang='lat' dir='ltr'><strong>tibi</strong></span> <span class='ocrx_word' id='word_1_320' title='bbox 1321 3681 1414 3746; x_wconf 91' lang='lat' dir='ltr'><strong>etiam</strong></span> <span class='ocrx_word' id='word_1_321' title='bbox 1437 3703 1495 3747; x_wconf 94' lang='lat' dir='ltr'><strong>suo</strong></span> <span class='ocrx_word' id='word_1_322' title='bbox 1516 3682 1642 3747; x_wconf 90' lang='lat' dir='ltr'><strong>nomine</strong></span> 
     </span>
    </p>
   </div>
   <div class='ocr_carea' id='block_1_18' title="bbox 288 3770 1642 4518">
    <p class='ocr_par' dir='ltr' id='par_1_18' title="bbox 329 3770 1642 3861">
     <span class='ocr_line' id='line_1_36' title="bbox 329 3770 1642 3861; baseline 0.001 -22"><span class='ocrx_word' id='word_1_323' title='bbox 329 3771 525 3839; x_wconf 86' lang='lat' dir='ltr'><strong>commende.</strong></span> <span class='ocrx_word' id='word_1_324' title='bbox 566 3777 642 3838; x_wconf 89' lang='lat' dir='ltr'><strong>Nam</strong></span> <span class='ocrx_word' id='word_1_325' title='bbox 664 3793 735 3838; x_wconf 91' lang='lat' dir='ltr'><strong>cum</strong></span> <span class='ocrx_word' id='word_1_326' title='bbox 756 3783 922 3859; x_wconf 90' lang='lat' dir='ltr'><strong>propterea</strong></span> <span class='ocrx_word' id='word_1_327' title='bbox 950 3773 1027 3839; x_wconf 91' lang='lat' dir='ltr'><strong>mibi</strong></span> <span class='ocrx_word' id='word_1_328' title='bbox 1050 3783 1096 3840; x_wconf 89' lang='lat' dir='ltr'><strong>est</strong></span> <span class='ocrx_word' id='word_1_329' title='bbox 1116 3770 1285 3860; x_wconf 89' lang='lat' dir='ltr'><strong>probatus,</strong></span> <span class='ocrx_word' id='word_1_330' title='bbox 1307 3773 1394 3861; x_wconf 91' lang='lat' dir='ltr'><strong>quod</strong></span> <span class='ocrx_word' id='word_1_331' title='bbox 1415 3775 1515 3841; x_wconf 90' lang='lat' dir='ltr'><strong>estin</strong></span> <span class='ocrx_word' id='word_1_332' title='bbox 1536 3784 1642 3861; x_wconf 88' lang='lat' dir='ltr'><strong>patro-</strong></span> 
     </span>
    </p>

    <p class='ocr_par' dir='ltr' id='par_1_19' title="bbox 292 3864 1641 4048">
     <span class='ocr_line' id='line_1_37' title="bbox 330 3864 1641 3954; baseline -0.002 -20"><span class='ocrx_word' id='word_1_333' title='bbox 330 3888 404 3934; x_wconf 89' lang='lat' dir='ltr'><strong>num</strong></span> <span class='ocrx_word' id='word_1_334' title='bbox 430 3886 520 3932; x_wconf 90' lang='lat' dir='ltr'><strong>snam</strong></span> <span class='ocrx_word' id='word_1_335' title='bbox 555 3865 658 3932; x_wconf 88' lang='lat' dir='ltr'><strong>olbcio</strong></span> <span class='ocrx_word' id='word_1_336' title='bbox 692 3875 723 3931; x_wconf 89' lang='lat' dir='ltr'><strong>et</strong></span> <span class='ocrx_word' id='word_1_337' title='bbox 752 3864 812 3932; x_wconf 89' lang='lat' dir='ltr'><strong>lide</strong></span> <span class='ocrx_word' id='word_1_338' title='bbox 839 3866 1005 3951; x_wconf 87' lang='lat' dir='ltr'><strong>singulari,</strong></span> <span class='ocrx_word' id='word_1_339' title='bbox 1039 3875 1104 3933; x_wconf 91' lang='lat' dir='ltr'><strong>tum</strong></span> <span class='ocrx_word' id='word_1_340' title='bbox 1142 3867 1234 3932; x_wconf 89' lang='lat' dir='ltr'><strong>etiam</strong></span> <span class='ocrx_word' id='word_1_341' title='bbox 1264 3868 1295 3932; x_wconf 95' lang='lat' dir='ltr'><strong>in</strong></span> <span class='ocrx_word' id='word_1_342' title='bbox 1325 3889 1375 3932; x_wconf 91' lang='lat' dir='ltr'><strong>me</strong></span> <span class='ocrx_word' id='word_1_343' title='bbox 1403 3867 1505 3954; x_wconf 91' lang='lat' dir='ltr'><strong>ipsum</strong></span> <span class='ocrx_word' id='word_1_344' title='bbox 1531 3888 1641 3954; x_wconf 89' lang='lat' dir='ltr'><strong>magna</strong></span> 
     </span>
     <span class='ocr_line' id='line_1_38' title="bbox 292 3958 1641 4048; baseline -0.001 -21"><span class='ocrx_word' id='word_1_345' title='bbox 292 3961 429 4036; x_wconf 71' lang='lat' dir='ltr'><strong>ssofficia</strong></span> <span class='ocrx_word' id='word_1_346' title='bbox 450 3959 579 4027; x_wconf 89' lang='lat' dir='ltr'><strong>eontulit</strong></span> <span class='ocrx_word' id='word_1_347' title='bbox 607 3958 746 4047; x_wconf 84' lang='lat' dir='ltr'><strong>mIbiqne</strong></span> <span class='ocrx_word' id='word_1_348' title='bbox 781 3959 1007 4026; x_wconf 89' lang='lat' dir='ltr'><strong>molestissimis</strong></span> <span class='ocrx_word' id='word_1_349' title='bbox 1036 3960 1230 4048; x_wconf 90' lang='lat' dir='ltr'><strong>temporibus</strong></span> <span class='ocrx_word' id='word_1_350' title='bbox 1256 3961 1298 4026; x_wconf 90' lang='lat' dir='ltr'><strong>ita</strong></span> <span class='ocrx_word' id='word_1_351' title='bbox 1320 3959 1453 4026; x_wconf 85' lang='lat' dir='ltr'><strong>fideliter</strong></span> <span class='ocrx_word' id='word_1_352' title='bbox 1472 3959 1641 4027; x_wconf 86' lang='lat' dir='ltr'><strong>benerole-</strong></span> 
     </span>
    </p>

    <p class='ocr_par' dir='ltr' id='par_1_20' title="bbox 328 4052 1641 4144">
     <span class='ocr_line' id='line_1_39' title="bbox 328 4052 1641 4144; baseline -0.002 -22"><span class='ocrx_word' id='word_1_353' title='bbox 328 4077 389 4144; x_wconf 93' lang='lat' dir='ltr'><strong>que</strong></span> <span class='ocrx_word' id='word_1_354' title='bbox 416 4065 542 4142; x_wconf 90' lang='lat' dir='ltr'><strong>praesto</strong></span> <span class='ocrx_word' id='word_1_355' title='bbox 563 4052 636 4130; x_wconf 88' lang='lat' dir='ltr'><strong>luit,</strong></span> <span class='ocrx_word' id='word_1_356' title='bbox 667 4061 702 4118; x_wconf 90' lang='lat' dir='ltr'><strong>nl</strong></span> <span class='ocrx_word' id='word_1_357' title='bbox 723 4053 750 4118; x_wconf 93' lang='lat' dir='ltr'><strong>si</strong></span> <span class='ocrx_word' id='word_1_358' title='bbox 771 4075 790 4118; x_wconf 89' lang='lat' dir='ltr'><strong>a</strong></span> <span class='ocrx_word' id='word_1_359' title='bbox 811 4073 863 4117; x_wconf 92' lang='lat' dir='ltr'><strong>me</strong></span> <span class='ocrx_word' id='word_1_360' title='bbox 884 4055 1091 4120; x_wconf 87' lang='lat' dir='ltr'><strong>manumissus</strong></span> <span class='ocrx_word' id='word_1_361' title='bbox 1113 4064 1204 4120; x_wconf 88' lang='lat' dir='ltr'><strong>essct.</strong></span> <span class='ocrx_word' id='word_1_362' title='bbox 1259 4059 1368 4140; x_wconf 88' lang='lat' dir='ltr'><strong>Itaque</strong></span> <span class='ocrx_word' id='word_1_363' title='bbox 1389 4064 1463 4140; x_wconf 92' lang='lat' dir='ltr'><strong>peto</strong></span> <span class='ocrx_word' id='word_1_364' title='bbox 1484 4077 1502 4120; x_wconf 93' lang='lat' dir='ltr'><strong>a</strong></span> <span class='ocrx_word' id='word_1_365' title='bbox 1524 4065 1567 4130; x_wconf 87' lang='lat' dir='ltr'><strong>te,</strong></span> <span class='ocrx_word' id='word_1_366' title='bbox 1606 4063 1641 4120; x_wconf 92' lang='lat' dir='ltr'><strong>nt</strong></span> 
     </span>
    </p>

    <p class='ocr_par' dir='ltr' id='par_1_21' title="bbox 327 4145 1641 4235">
     <span class='ocr_line' id='line_1_40' title="bbox 327 4145 1641 4235; baseline -0.002 -19"><span class='ocrx_word' id='word_1_367' title='bbox 327 4171 399 4218; x_wconf 86' lang='lat' dir='ltr'><strong>cunr</strong></span> <span class='ocrx_word' id='word_1_368' title='bbox 432 4145 674 4235; x_wconf 84' lang='lat' dir='ltr'><strong>[Hammonium]</strong></span> <span class='ocrx_word' id='word_1_369' title='bbox 697 4146 780 4212; x_wconf 90' lang='lat' dir='ltr'><strong>etin</strong></span> <span class='ocrx_word' id='word_1_370' title='bbox 803 4147 925 4234; x_wconf 91' lang='lat' dir='ltr'><strong>patroni</strong></span> <span class='ocrx_word' id='word_1_371' title='bbox 946 4148 1014 4214; x_wconf 92' lang='lat' dir='ltr'><strong>eius</strong></span> <span class='ocrx_word' id='word_1_372' title='bbox 1041 4149 1168 4233; x_wconf 92' lang='lat' dir='ltr'><strong>negotio</strong></span> <span class='ocrx_word' id='word_1_373' title='bbox 1197 4147 1242 4213; x_wconf 90' lang='lat' dir='ltr'><strong>sic</strong></span> <span class='ocrx_word' id='word_1_374' title='bbox 1269 4157 1392 4222; x_wconf 88' lang='lat' dir='ltr'><strong>tueare,</strong></span> <span class='ocrx_word' id='word_1_375' title='bbox 1414 4156 1449 4214; x_wconf 92' lang='lat' dir='ltr'><strong>ul</strong></span> <span class='ocrx_word' id='word_1_376' title='bbox 1473 4149 1540 4213; x_wconf 89' lang='lat' dir='ltr'><strong>eius</strong></span> <span class='ocrx_word' id='word_1_377' title='bbox 1567 4168 1641 4234; x_wconf 90' lang='lat' dir='ltr'><strong>pro-</strong></span> 
     </span>
    </p>

    <p class='ocr_par' dir='ltr' id='par_1_22' title="bbox 327 4238 1641 4328">
     <span class='ocr_line' id='line_1_41' title="bbox 327 4238 1641 4328; baseline -0.003 -18"><span class='ocrx_word' id='word_1_378' title='bbox 327 4252 519 4317; x_wconf 88' lang='lat' dir='ltr'><strong>curatorem,</strong></span> <span class='ocrx_word' id='word_1_379' title='bbox 550 4262 643 4328; x_wconf 91' lang='lat' dir='ltr'><strong>quem</strong></span> <span class='ocrx_word' id='word_1_380' title='bbox 665 4238 721 4306; x_wconf 91' lang='lat' dir='ltr'><strong>tibi</strong></span> <span class='ocrx_word' id='word_1_381' title='bbox 741 4240 942 4318; x_wconf 88' lang='lat' dir='ltr'><strong>commendo,</strong></span> <span class='ocrx_word' id='word_1_382' title='bbox 972 4250 1002 4306; x_wconf 92' lang='lat' dir='ltr'><strong>et</strong></span> <span class='ocrx_word' id='word_1_383' title='bbox 1023 4242 1125 4328; x_wconf 91' lang='lat' dir='ltr'><strong>ipsum</strong></span> <span class='ocrx_word' id='word_1_384' title='bbox 1154 4262 1212 4309; x_wconf 89' lang='lat' dir='ltr'><strong>suo</strong></span> <span class='ocrx_word' id='word_1_385' title='bbox 1233 4242 1359 4308; x_wconf 87' lang='lat' dir='ltr'><strong>nomina</strong></span> <span class='ocrx_word' id='word_1_386' title='bbox 1380 4241 1490 4327; x_wconf 88' lang='lat' dir='ltr'><strong>diligas</strong></span> <span class='ocrx_word' id='word_1_387' title='bbox 1512 4241 1641 4318; x_wconf 88' lang='lat' dir='ltr'><strong>babeas-</strong></span> 
     </span>
    </p>

    <p class='ocr_par' dir='ltr' id='par_1_23' title="bbox 288 4335 1641 4518">
     <span class='ocr_line' id='line_1_42' title="bbox 325 4335 1641 4426; baseline -0.003 -22"><span class='ocrx_word' id='word_1_388' title='bbox 325 4359 387 4426; x_wconf 92' lang='lat' dir='ltr'><strong>que</strong></span> <span class='ocrx_word' id='word_1_389' title='bbox 408 4337 440 4402; x_wconf 96' lang='lat' dir='ltr'><strong>in</strong></span> <span class='ocrx_word' id='word_1_390' title='bbox 462 4356 595 4401; x_wconf 87' lang='lat' dir='ltr'><strong>numero</strong></span> <span class='ocrx_word' id='word_1_391' title='bbox 616 4345 753 4401; x_wconf 90' lang='lat' dir='ltr'><strong>tuorum.</strong></span> <span class='ocrx_word' id='word_1_392' title='bbox 795 4336 961 4402; x_wconf 86' lang='lat' dir='ltr'><strong>Hominem</strong></span> <span class='ocrx_word' id='word_1_393' title='bbox 982 4336 1151 4423; x_wconf 89' lang='lat' dir='ltr'><strong>pudentem</strong></span> <span class='ocrx_word' id='word_1_394' title='bbox 1174 4344 1205 4401; x_wconf 91' lang='lat' dir='ltr'><strong>et</strong></span> <span class='ocrx_word' id='word_1_395' title='bbox 1225 4335 1400 4402; x_wconf 87' lang='lat' dir='ltr'><strong>officiosum</strong></span> <span class='ocrx_word' id='word_1_396' title='bbox 1417 4355 1587 4420; x_wconf 89' lang='lat' dir='ltr'><strong>cognosces</strong></span> <span class='ocrx_word' id='word_1_397' title='bbox 1609 4342 1641 4400; x_wconf 91' lang='lat' dir='ltr'><strong>ct</strong></span> 
     </span>
     <span class='ocr_line' id='line_1_43' title="bbox 288 4428 940 4518; baseline -0.006 -20"><span class='ocrx_word' id='word_1_398' title='bbox 288 4477 315 4516; x_wconf 58' lang='grc' dir='ltr'><strong><em>ω</em></strong></span> <span class='ocrx_word' id='word_1_399' title='bbox 326 4431 468 4518; x_wconf 89' lang='lat' dir='ltr'><strong>dignum,</strong></span> <span class='ocrx_word' id='word_1_400' title='bbox 490 4429 545 4516; x_wconf 93' lang='lat' dir='ltr'><strong>qui</strong></span> <span class='ocrx_word' id='word_1_401' title='bbox 566 4450 584 4495; x_wconf 98' lang='lat' dir='ltr'><strong>a</strong></span> <span class='ocrx_word' id='word_1_402' title='bbox 606 4436 635 4494; x_wconf 91' lang='lat' dir='ltr'><strong>le</strong></span> <span class='ocrx_word' id='word_1_403' title='bbox 657 4428 812 4514; x_wconf 89' lang='lat' dir='ltr'><strong>diligatur.</strong></span> <span class='ocrx_word' id='word_1_404' title='bbox 855 4430 940 4496; x_wconf 89' lang='lat' dir='ltr'><strong>Vale.</strong></span> 
     </span>
    </p>
   </div>
   <div class='ocr_carea' id='block_1_19' title="bbox 321 4593 1639 5136">
    <p class='ocr_par' dir='ltr' id='par_1_24' title="bbox 321 4593 1639 5136">
     <span class='ocr_line' id='line_1_44' title="bbox 394 4593 1639 4658; baseline -0.002 -14"><span class='ocrx_word' id='word_1_405' title='bbox 394 4597 419 4645; x_wconf 93' lang='grc'><strong>1.</strong></span> <span class='ocrx_word' id='word_1_406' title='bbox 447 4595 536 4644; x_wconf 81' lang='lat' dir='ltr'><strong>amato</strong></span> <span class='ocrx_word' id='word_1_407' title='bbox 561 4607 579 4643; x_wconf 86' lang='lat' dir='ltr'><strong>a</strong></span> <span class='ocrx_word' id='word_1_408' title='bbox 605 4600 630 4644; x_wconf 87' lang='lat' dir='ltr'><strong>ts</strong></span> <span class='ocrx_word' id='word_1_409' title='bbox 648 4606 747 4642; x_wconf 77' lang='lat' dir='ltr'><strong>mmmo</strong></span> <span class='ocrx_word' id='word_1_410' title='bbox 764 4594 852 4645; x_wconf 82' lang='lat' dir='ltr'><strong>studta</strong></span> <span class='ocrx_word' id='word_1_411' title='bbox 869 4607 1017 4658; x_wconf 77' lang='lat' dir='ltr'><strong>summoque</strong></span> <span class='ocrx_word' id='word_1_412' title='bbox 1041 4608 1106 4644; x_wconf 80' lang='lat' dir='ltr'><strong>asro</strong></span> <span class='ocrx_word' id='word_1_413' title='bbox 1122 4593 1235 4646; x_wconf 76' lang='lat' dir='ltr'><strong>Accaus.</strong></span> <span class='ocrx_word' id='word_1_414' title='bbox 1255 4607 1296 4656; x_wconf 90' lang='lat' dir='ltr'><strong>pr.</strong></span> <span class='ocrx_word' id='word_1_415' title='bbox 1332 4593 1514 4644; x_wconf 63' lang='lat' dir='ltr'><strong>Farasmanis</strong></span> <span class='ocrx_word' id='word_1_416' title='bbox 1532 4593 1603 4642; x_wconf 71' lang='lat' dir='ltr'><strong>omres·</strong></span> <span class='ocrx_word' id='word_1_417' title='bbox 1619 4605 1639 4642; x_wconf 85' lang='lat' dir='ltr'><strong>n</strong></span> 
     </span>
     <span class='ocr_line' id='line_1_45' title="bbox 325 4661 1638 4728; baseline -0.002 -13"><span class='ocrx_word' id='word_1_418' title='bbox 325 4673 349 4716; x_wconf 90' lang='lat' dir='ltr'><strong>ts</strong></span> <span class='ocrx_word' id='word_1_419' title='bbox 369 4665 473 4726; x_wconf 77' lang='lat' dir='ltr'><strong>studio,</strong></span> <span class='ocrx_word' id='word_1_420' title='bbox 499 4677 599 4712; x_wconf 85' lang='lat' dir='ltr'><strong>summa</strong></span> <span class='ocrx_word' id='word_1_421' title='bbox 629 4677 702 4712; x_wconf 81' lang='lat' dir='ltr'><strong>earo.</strong></span> <span class='ocrx_word' id='word_1_422' title='bbox 722 4663 773 4714; x_wconf 83' lang='lat' dir='ltr'><strong>On.</strong></span> <span class='ocrx_word' id='word_1_423' title='bbox 802 4687 835 4700; x_wconf 88' lang='lat'>-</span> <span class='ocrx_word' id='word_1_424' title='bbox 870 4663 896 4713; x_wconf 88' lang='grc'><strong>3.</strong></span> <span class='ocrx_word' id='word_1_425' title='bbox 915 4666 1032 4714; x_wconf 77' lang='lat' dir='ltr'><strong>maenius</strong></span> <span class='ocrx_word' id='word_1_426' title='bbox 1050 4664 1086 4716; x_wconf 85' lang='lat' dir='ltr'><strong>bl.</strong></span> <span class='ocrx_word' id='word_1_427' title='bbox 1107 4689 1135 4700; x_wconf 92' lang='lat'><em>-</em></span> <span class='ocrx_word' id='word_1_428' title='bbox 1173 4665 1200 4715; x_wconf 82' lang='lat'><strong>5.</strong></span> <span class='ocrx_word' id='word_1_429' title='bbox 1219 4661 1259 4728; x_wconf 82' lang='lat' dir='ltr'><strong>ast]</strong></span> <span class='ocrx_word' id='word_1_430' title='bbox 1278 4670 1301 4714; x_wconf 88' lang='lat' dir='ltr'><strong>st</strong></span> <span class='ocrx_word' id='word_1_431' title='bbox 1320 4661 1358 4714; x_wconf 85' lang='lat' dir='ltr'><strong>nt.</strong></span> <span class='ocrx_word' id='word_1_432' title='bbox 1379 4687 1408 4699; x_wconf 94' lang='lat'><em>-</em></span> <span class='ocrx_word' id='word_1_433' title='bbox 1447 4664 1489 4713; x_wconf 93' lang='grc'><strong>11.</strong></span> <span class='ocrx_word' id='word_1_434' title='bbox 1507 4663 1638 4725; x_wconf 73' lang='lat' dir='ltr'><strong>scripsisse</strong></span> 
     </span>
     <span class='ocr_line' id='line_1_46' title="bbox 324 4729 1634 4798; baseline -0.004 -12"><span class='ocrx_word' id='word_1_435' title='bbox 324 4735 355 4786; x_wconf 85' lang='lat' dir='ltr'><strong>ds</strong></span> <span class='ocrx_word' id='word_1_436' title='bbox 379 4748 406 4786; x_wconf 83' lang='lat' dir='ltr'><strong>ss</strong></span> <span class='ocrx_word' id='word_1_437' title='bbox 434 4731 475 4796; x_wconf 94' lang='lat' dir='ltr'><strong>(ut</strong></span> <span class='ocrx_word' id='word_1_438' title='bbox 505 4733 552 4796; x_wconf 84' lang='lat' dir='ltr'><strong>Ilp.</strong></span> <span class='ocrx_word' id='word_1_439' title='bbox 581 4729 636 4792; x_wconf 76' lang='lat' dir='ltr'><strong>PO.)</strong></span> <span class='ocrx_word' id='word_1_440' title='bbox 666 4732 822 4782; x_wconf 85' lang='lat' dir='ltr'><strong>Lambtnns.</strong></span> <span class='ocrx_word' id='word_1_441' title='bbox 855 4756 885 4767; x_wconf 95' lang='lat'><em>-</em></span> <span class='ocrx_word' id='word_1_442' title='bbox 934 4735 977 4786; x_wconf 85' lang='grc'><strong>15.</strong></span> <span class='ocrx_word' id='word_1_443' title='bbox 1007 4735 1175 4798; x_wconf 72' lang='lat' dir='ltr'><strong>[omlls&#39;ars&#39;tsr</strong></span> <span class='ocrx_word' id='word_1_444' title='bbox 1199 4733 1245 4786; x_wconf 81' lang='lat' dir='ltr'><strong>M:</strong></span> <span class='ocrx_word' id='word_1_445' title='bbox 1273 4733 1348 4783; x_wconf 84' lang='lat' dir='ltr'><strong>ealda</strong></span> <span class='ocrx_word' id='word_1_446' title='bbox 1364 4732 1535 4798; x_wconf 70' lang='lat' dir='ltr'><strong>{nmlttnss&#39;tsr</strong></span> <span class='ocrx_word' id='word_1_447' title='bbox 1553 4731 1583 4781; x_wconf 78' lang='lat' dir='ltr'><strong>tt.</strong></span> <span class='ocrx_word' id='word_1_448' title='bbox 1606 4757 1634 4769; x_wconf 93' lang='lat'><strong>-·</strong></span> 
     </span>
     <span class='ocr_line' id='line_1_47' title="bbox 325 4801 1635 4868; baseline -0.002 -14"><span class='ocrx_word' id='word_1_449' title='bbox 325 4805 368 4855; x_wconf 81' lang='grc'><strong>13.</strong></span> <span class='ocrx_word' id='word_1_450' title='bbox 384 4809 484 4868; x_wconf 77' lang='lat' dir='ltr'><strong>petest</strong></span> <span class='ocrx_word' id='word_1_451' title='bbox 496 4803 595 4854; x_wconf 82' lang='lat' dir='ltr'><strong>desIls</strong></span> <span class='ocrx_word' id='word_1_452' title='bbox 612 4809 673 4865; x_wconf 73' lang='lat' dir='ltr'><strong>pato</strong></span> <span class='ocrx_word' id='word_1_453' title='bbox 691 4803 733 4852; x_wconf 84' lang='lat' dir='ltr'><strong>das</strong></span> <span class='ocrx_word' id='word_1_454' title='bbox 751 4803 781 4853; x_wconf 86' lang='lat' dir='ltr'><strong>tt.</strong></span> <span class='ocrx_word' id='word_1_455' title='bbox 803 4827 832 4840; x_wconf 90' lang='lat'>-</span> <span class='ocrx_word' id='word_1_456' title='bbox 852 4803 896 4854; x_wconf 73' lang='grc'><strong>23.</strong></span> <span class='ocrx_word' id='word_1_457' title='bbox 916 4801 1015 4868; x_wconf 72' lang='lat' dir='ltr'><strong>Soada]</strong></span> <span class='ocrx_word' id='word_1_458' title='bbox 1035 4805 1137 4856; x_wconf 84' lang='lat' dir='ltr'><strong>octoas&#39;o</strong></span> <span class='ocrx_word' id='word_1_459' title='bbox 1154 4804 1190 4855; x_wconf 87' lang='lat' dir='ltr'><strong>nt.</strong></span> <span class='ocrx_word' id='word_1_460' title='bbox 1209 4829 1239 4840; x_wconf 90' lang='lat'><em>—</em></span> <span class='ocrx_word' id='word_1_461' title='bbox 1260 4803 1304 4854; x_wconf 80' lang='lat'><strong>2³.</strong></span> <span class='ocrx_word' id='word_1_462' title='bbox 1323 4804 1485 4854; x_wconf 75' lang='lat' dir='ltr'><strong>Antonianos</strong></span> <span class='ocrx_word' id='word_1_463' title='bbox 1503 4801 1635 4852; x_wconf 81' lang='lat' dir='ltr'><strong>Orelltusa</strong></span> 
     </span>
     <span class='ocr_line' id='line_1_48' title="bbox 324 4871 1637 4938; baseline -0.002 -13"><span class='ocrx_word' id='word_1_464' title='bbox 324 4875 438 4926; x_wconf 76' lang='lat' dir='ltr'><strong>Amanus</strong></span> <span class='ocrx_word' id='word_1_465' title='bbox 450 4872 510 4924; x_wconf 80' lang='lat' dir='ltr'><strong>sta.</strong></span> <span class='ocrx_word' id='word_1_466' title='bbox 536 4871 591 4924; x_wconf 86' lang='lat' dir='ltr'><strong>Clr.</strong></span> <span class='ocrx_word' id='word_1_467' title='bbox 602 4873 651 4938; x_wconf 79' lang='lat' dir='ltr'><strong>Bp.</strong></span> <span class='ocrx_word' id='word_1_468' title='bbox 666 4872 711 4924; x_wconf 73' lang='lat' dir='ltr'><strong>P&#39;I.</strong></span> <span class='ocrx_word' id='word_1_469' title='bbox 726 4896 757 4908; x_wconf 91' lang='lat'>-</span> <span class='ocrx_word' id='word_1_470' title='bbox 776 4872 820 4923; x_wconf 79' lang='lat'><strong>25.</strong></span> <span class='ocrx_word' id='word_1_471' title='bbox 829 4873 939 4938; x_wconf 77' lang='lat' dir='ltr'><strong>dtls&#39;pssss</strong></span> <span class='ocrx_word' id='word_1_472' title='bbox 950 4875 1096 4926; x_wconf 83' lang='lat' dir='ltr'><strong>llsnntlus.</strong></span> <span class='ocrx_word' id='word_1_473' title='bbox 1120 4874 1188 4926; x_wconf 80' lang='lat' dir='ltr'><strong>Com</strong></span> <span class='ocrx_word' id='word_1_474' title='bbox 1202 4874 1323 4925; x_wconf 75' lang='lat' dir='ltr'><strong>Ernestla</strong></span> <span class='ocrx_word' id='word_1_475' title='bbox 1337 4873 1461 4923; x_wconf 85' lang='lat' dir='ltr'><strong>malimus</strong></span> <span class='ocrx_word' id='word_1_476' title='bbox 1472 4873 1637 4937; x_wconf 78' lang='lat' dir='ltr'><strong>diltgsots&#39;sss&#39;·</strong></span> 
     </span>
     <span class='ocr_line' id='line_1_49' title="bbox 322 4941 1637 5006; baseline -0.003 -12"><span class='ocrx_word' id='word_1_477' title='bbox 322 4958 388 4994; x_wconf 85' lang='lat' dir='ltr'><strong>smss.</strong></span> <span class='ocrx_word' id='word_1_478' title='bbox 417 4969 449 4981; x_wconf 94' lang='lat'><em>-</em></span> <span class='ocrx_word' id='word_1_479' title='bbox 485 4942 530 4994; x_wconf 90' lang='grc'><strong>31.</strong></span> <span class='ocrx_word' id='word_1_480' title='bbox 548 4943 688 4994; x_wconf 61' lang='lat' dir='ltr'><strong>decumum</strong></span> <span class='ocrx_word' id='word_1_481' title='bbox 704 4941 750 4992; x_wconf 79' lang='lat' dir='ltr'><strong>ll:</strong></span> <span class='ocrx_word' id='word_1_482' title='bbox 769 4943 899 4993; x_wconf 78' lang='lat' dir='ltr'><strong>detonsam</strong></span> <span class='ocrx_word' id='word_1_483' title='bbox 922 4943 953 4994; x_wconf 83' lang='lat' dir='ltr'><strong>tt.</strong></span> <span class='ocrx_word' id='word_1_484' title='bbox 974 4968 1004 4981; x_wconf 92' lang='lat'><em>-</em></span> <span class='ocrx_word' id='word_1_485' title='bbox 1041 4945 1086 4995; x_wconf 85' lang='grc'><strong>33.</strong></span> <span class='ocrx_word' id='word_1_486' title='bbox 1106 4945 1290 4996; x_wconf 83' lang='lat' dir='ltr'><strong>molssts’sss&#39;sats</strong></span> <span class='ocrx_word' id='word_1_487' title='bbox 1306 4945 1370 4994; x_wconf 80' lang='lat' dir='ltr'><strong>mats</strong></span> <span class='ocrx_word' id='word_1_488' title='bbox 1387 4941 1542 5006; x_wconf 81' lang='lat' dir='ltr'><strong>tssaposs&#39;bus</strong></span> <span class='ocrx_word' id='word_1_489' title='bbox 1560 4941 1637 4992; x_wconf 80' lang='lat' dir='ltr'><strong>Lsna·</strong></span> 
     </span>
     <span class='ocr_line' id='line_1_50' title="bbox 323 5011 1637 5078; baseline -0.002 -14"><span class='ocrx_word' id='word_1_490' title='bbox 323 5014 412 5064; x_wconf 83' lang='lat' dir='ltr'><strong>binus.</strong></span> <span class='ocrx_word' id='word_1_491' title='bbox 443 5037 477 5050; x_wconf 90' lang='lat'>-</span> <span class='ocrx_word' id='word_1_492' title='bbox 519 5011 562 5062; x_wconf 89' lang='grc'><strong>37.</strong></span> <span class='ocrx_word' id='word_1_493' title='bbox 590 5013 777 5064; x_wconf 75' lang='lat' dir='ltr'><strong>flammantum</strong></span> <span class='ocrx_word' id='word_1_494' title='bbox 803 5019 913 5063; x_wconf 84' lang='lat' dir='ltr'><strong>auctora</strong></span> <span class='ocrx_word' id='word_1_495' title='bbox 939 5011 1061 5065; x_wconf 82' lang='lat' dir='ltr'><strong>Msnutln</strong></span> <span class='ocrx_word' id='word_1_496' title='bbox 1086 5014 1197 5065; x_wconf 87' lang='lat' dir='ltr'><strong>seeluslt</strong></span> <span class='ocrx_word' id='word_1_497' title='bbox 1220 5013 1348 5065; x_wconf 82' lang='lat' dir='ltr'><strong>Orelllus.</strong></span> <span class='ocrx_word' id='word_1_498' title='bbox 1366 5035 1400 5050; x_wconf 94' lang='lat'>-</span> <span class='ocrx_word' id='word_1_499' title='bbox 1434 5011 1478 5064; x_wconf 85' lang='grc'><strong>33.</strong></span> <span class='ocrx_word' id='word_1_500' title='bbox 1497 5027 1570 5078; x_wconf 82' lang='lat' dir='ltr'><strong>quens</strong></span> <span class='ocrx_word' id='word_1_501' title='bbox 1588 5011 1637 5063; x_wconf 85' lang='lat' dir='ltr'><strong>ts&#39;dt</strong></span> 
     </span>
     <span class='ocr_line' id='line_1_51' title="bbox 321 5080 721 5136; baseline 0.003 -4"><span class='ocrx_word' id='word_1_502' title='bbox 321 5082 470 5136; x_wconf 73' lang='lat' dir='ltr'><strong>commando</strong></span> <span class='ocrx_word' id='word_1_503' title='bbox 487 5080 552 5136; x_wconf 73' lang='lat' dir='ltr'><strong>scel·</strong></span> <span class='ocrx_word' id='word_1_504' title='bbox 572 5081 721 5134; x_wconf 77' lang='lat' dir='ltr'><strong>Ernestlus.</strong></span> 
     </span>
    </p>
   </div>
   <div class='ocr_carea' id='block_1_20' title="bbox 0 0 1836 5908">
    <p class='ocr_par' dir='ltr' id='par_1_25' title="bbox 0 0 1836 5908">
     <span class='ocr_line' id='line_1_52' title="bbox 0 0 1836 5908; baseline 0 8"><span class='ocrx_word' id='word_1_505' title='bbox 0 0 1836 5908; x_wconf 95' lang='lat' dir='ltr'><strong> </strong></span> 
     </span>
    </p>
   </div>
  </div>
 </body>
</html>
