3656 5868
666 381 740 449 Lib·
761 383 816 448 iv.
855 383 915 451 Μ’.
932 381 968 444 d.
990 381 1021 446 7.
1474 389 1515 456 ω

181 555 376 627 quanquam
395 536 565 631 sperabam
587 549 674 606 tuum
696 538 865 607 adventum
894 537 1004 605 -aie
1031 539 1117 606 enim
1148 538 1314 622 audiebam
1339 579 1378 597 —-
1400 565 1515 634 appro-

182 634 347 722 pinquare.
401 634 471 718 Ego
501 641 607 700 autem
635 654 708 700 eum
734 633 840 702 multis
869 632 909 699 de
938 632 1040 700 causis
1068 643 1099 702 te
1121 644 1239 722 exopto
1260 659 1356 724 quam
1377 641 1516 727 primum

184 727 310 803 videre.
340 736 406 794 tum
428 725 541 803 etiam,
574 735 609 796 nt
630 739 701 794 ante
722 735 972 810 commentemur
993 727 1077 794 iuter
1097 749 1169 806 uos,
1198 751 1261 818 qua
1280 732 1404 800 ratione
1424 734 1515 804 nobia

183 821 413 890 traducendum
434 820 474 890 ait
502 820 562 888 boe
590 831 728 909 tempus.
763 819 847 908 quod
870 828 918 886 est
948 828 1049 888 totum
1070 821 1110 887 nd
1130 823 1224 890 unius
1250 826 1442 896 voluntatem
1463 851 1515 896 ae·

183 915 452 982 commodandum
475 925 507 980 et
527 914 692 1004 prudentis
714 923 746 980 et
767 913 907 980 liberalis
928 922 960 980 et
982 946 1023 958 -
1044 924 1082 982 ut
1106 919 1307 1005 perspexisse
1333 921 1445 993 videor
1473 956 1538 1002 -ι

182 1030 241 1076 uee
264 1031 284 1076 a
306 1029 357 1076 me
379 1009 473 1076 alieni
495 1021 528 1076 et
548 1008 606 1075 tibi
627 1009 819 1077 amicissimi.
861 1008 956 1087 Quod
980 1029 1053 1076 eum
1075 1010 1117 1078 ita
1133 1012 1187 1088 sit.
1203 1033 1335 1100 magnae
1350 1025 1455 1082 tamen
1466 1028 1515 1085 est

181 1102 435 1178 deliberationis,
472 1125 554 1190 quae
582 1103 664 1170 ratio
691 1103 731 1168 sit
756 1103 893 1170 ineunda
922 1102 1034 1182 nobis,
1071 1125 1135 1171 aon
1157 1107 1270 1194 agendi
1289 1107 1425 1198 aliquid,
1458 1109 1515 1180 sed

181 1197 266 1268 iltius
288 1217 444 1266 concessu
464 1206 496 1264 et
517 1196 671 1264 beneficio
693 1195 884 1284 quiescendi.

658 1339 722 1401 nn.
765 1333 812 1420 (a.
840 1339 873 1402 n.
896 1339 928 1403 c.
950 1336 1037 1413 roe.)

538 1451 579 1516 n.
602 1450 745 1516 arcano
769 1451 800 1515 s.
822 1453 859 1515 n.
882 1453 923 1516 n.
944 1453 1169 1520 amoenae.
1526 1456 1553 1519 n

263 1577 294 1638 t.
316 1571 384 1638 Etsi
406 1591 445 1638 eo
467 1579 498 1638 te
520 1570 622 1638 adhue
642 1569 774 1638 consilio
797 1591 888 1638 usum
905 1570 1059 1658 intelligo,
1080 1581 1115 1639 ut
1136 1571 1169 1640 id
1191 1575 1427 1664 reprehendere
1449 1603 1514 1655 non

180 1665 333 1740 audeam,
356 1685 420 1732 nou
441 1664 518 1751 quin
540 1662 579 1729 ab
601 1685 642 1730 eo
663 1665 730 1751 ipse
752 1665 948 1744 dissentiam,
971 1665 1028 1734 sed
1049 1666 1138 1755 qued
1157 1689 1195 1736 ea
1217 1683 1248 1738 te
1272 1673 1424 1758 sapientia
1444 1697 1514 1745 essa

181 1760 344 1834 iudicem.
380 1769 416 1826 nt
436 1779 543 1826 meum
571 1758 736 1824 eonsilium
762 1779 826 1824 non
854 1767 1041 1846 anteponam
1071 1770 1142 1828 tuo:
1174 1772 1279 1832 tamen
1308 1776 1340 1832 et
1360 1769 1515 1838 amicitiae

181 1865 310 1922 uestrae
332 1861 469 1920 vetustas
492 1864 522 1919 et
544 1862 596 1919 tua
625 1873 748 1919 summa
769 1873 845 1938 erga
866 1875 917 1920 me
938 1851 1177 1931 benevolentia,
1209 1879 1291 1945 qnae
1313 1861 1390 1928 mibi
1411 1863 1474 1930 inm
1496 1887 1530 1931 a,

180 1947 318 2036 pueritie
341 1955 393 2012 tua
415 1945 538 2030 cognita
561 1954 621 2021 est,
643 1966 694 2010 me
715 1945 839 2012 hortata
860 1955 921 2022 est,
944 1958 1038 2014 ntea
1059 1947 1233 2016 scriberem
1254 1951 1294 2018 ad
1315 1965 1362 2032 te,
1385 1979 1466 2043 quae
1482 1971 1514 2030 et
1526 1975 1553 2016 ιι

181 2041 274 2108 saluti
298 2049 370 2108 tuae
398 2039 575 2107 conducere
597 2037 770 2105 arbitrarer
791 2050 823 2106 et
844 2061 907 2106 non
928 2041 1030 2106 aliena
1051 2063 1121 2110 esse
1143 2042 1292 2112 dunerem
1314 2069 1332 2112 a
1354 2049 1514 2136 dignitate.

181 2139 211 2202 1.
232 2140 304 2221 Ego
326 2155 399 2205 eum
421 2145 451 2201 te
473 2155 560 2208 esse.
582 2132 637 2220 qni
658 2133 773 2210 borum
795 2133 951 2200 malorum
965 2133 1052 2200 initia
1073 2135 1173 2203 multo
1194 2148 1266 2204 ante
1287 2141 1416 2220 videris,
1439 2167 1514 2214 eon-

182 2231 320 2296 sulatum
341 2225 645 2314 magnificentissime
667 2237 761 2313 atque
783 2225 901 2313 optime
922 2227 1071 2312 gesseris,
1101 2231 1263 2316 praeclare
1286 2237 1432 2317 meminig
1455 2237 1511 2316 sed

182 2323 264 2389 idem
302 2321 396 2387 etiam
426 2320 479 2385 iila
507 2319 589 2395 vidi,
618 2325 732 2406 neque
748 2330 779 2388 te
813 2320 979 2386 consitium
1007 2322 1107 2389 civilis
1138 2323 1212 2390 belii
1242 2326 1285 2393 ita
1306 2331 1436 2414 gerendi
1457 2355 1515 2400 nee

182 2416 291 2504 eopias
314 2419 368 2483 Cn.
391 2411 532 2499 Pompeii
554 2433 613 2478 nee
633 2433 731 2500 genus
754 2415 913 2480 exereitus
934 2414 1072 2501 probare
1095 2437 1283 2507 semperque
1309 2444 1432 2490 summe
1454 2426 1552 2493 dii-⁸⁰

183 2511 297 2576 iidere:
331 2529 393 2596 qua
424 2507 456 2572 in
490 2507 642 2574 sententia
665 2529 715 2572 me
736 2528 864 2594 quoque
885 2507 983 2574 inisse
1005 2510 1157 2576 memoria
1179 2518 1288 2579 tenere
1310 2526 1340 2582 te
1362 2516 1513 2588 arbitrer.
1566 2507 1570 2518 ’

182 2611 291 2694 itaque
312 2623 415 2690 neque
436 2609 471 2668 tu
493 2603 625 2670 mtdtum
646 2600 815 2672 interitusti
835 2601 933 2669 rebus
954 2604 1104 2694 gerendis
1127 2613 1160 2672 et
1180 2626 1241 2692 ego
1264 2607 1296 2674 id
1312 2631 1439 2699 semper
1453 2614 1514 2700 egi,

183 2721 221 2768 ne
241 2701 442 2766 interessem.
496 2702 565 2764 Non
587 2700 671 2764 enim
692 2697 732 2764 iis
753 2697 850 2764 rebus
871 2697 1105 2784 pugnabamnm
1128 2701 1242 2788 quibua
1263 2703 1369 2770 valere
1390 2717 1517 2792 potera-

184 2815 272 2868 mus.
303 2790 453 2882 oonsilio,
490 2791 690 2865 auctoritate.
722 2813 829 2868 causa,
860 2815 940 2880 qnae
962 2803 1052 2862 eraut
1074 2794 1108 2860 in
1131 2795 1222 2862 uobis
1244 2799 1425 2883 superiora,
1459 2801 1515 2868 sed
1606 2765 1639 2880 f

184 2886 311 2954 lacertis
331 2878 524 2961 et‘viribus.
561 2883 676 2971 quibus
697 2907 790 2972 pares
811 2907 875 2952 uon
896 2909 1032 2956 eramus.
1075 2888 1156 2956 Victi
1177 2911 1285 2956 sumus
1307 2890 1416 2976 igitur,
1445 2905 1552 2970 antas

184 2979 314 3048 sivinoi
337 2978 469 3065 digmtus
492 2999 555 3045 non
576 2989 694 3065 potest,
717 2979 806 3046 fracti
828 2990 914 3046 certe
936 2989 968 3046 et
988 2980 1112 3048 abiecti.
1156 2986 1194 3046 ln
1214 3003 1279 3068 quo
1303 2995 1391 3050 tuum
1413 2987 1516 3054 consi-

185 3073 259 3142 iiurn
282 3092 378 3140 nemo
407 3079 511 3158 potest
545 3092 609 3138 non
631 3071 767 3137 maxime
789 3071 937 3146 laudare,
975 3073 1062 3160 quod
1083 3094 1155 3140 eum
1175 3096 1232 3160 spe
1255 3074 1400 3144 vincendi
1422 3079 1517 3148 simul

184 3166 324 3234 abiecisti
355 3159 495 3232 certandi
522 3165 615 3232 etiam
641 3165 841 3251 cupiditatem
873 3165 1098 3254 ostendistique
1131 3168 1302 3254 sapientem
1330 3179 1363 3238 et
1394 3172 1514 3240 bonnm

185 3261 286 3328 civem
307 3260 397 3328 initia
417 3257 491 3326 belii
511 3259 611 3326 civilis
632 3259 763 3326 invitum
793 3259 969 3346 suscipere,
991 3271 1134 3326 extrema
1164 3261 1300 3330 libenter
1324 3287 1387 3334 non
1408 3288 1517 3354 perae·
1540 3341 1544 3350 .

185 3354 246 3442 qui.
291 3359 322 3420 3.
346 3353 409 3432 Qui
435 3375 500 3420 nen
520 3353 605 3420 idern
623 3353 803 3430 eonsilium,
841 3353 929 3442 quod
950 3363 999 3432 tu,
1035 3355 1134 3422 secuti
1162 3367 1250 3433 sunt,
1281 3378 1338 3424 eos
1369 3360 1462 3429 video
1483 3363 1552 3429 ino

185 3447 248 3516 duo
275 3469 394 3535 genera
421 3468 492 3514 esse
525 3447 699 3516 distractos.
755 3454 817 3515 Aut
845 3447 929 3516 euim
958 3468 1114 3515 renovare
1143 3447 1261 3518 bellum
1296 3453 1398 3520 eonati
1428 3463 1514 3532 sunt,

186 3543 280 3631 bique
303 3563 338 3610 se
358 3542 392 3610 in
411 3541 548 3610 Atriam
569 3542 784 3622 contulerunt;
821 3555 891 3619 aut,
928 3541 1195 3630 quemadmodum
1216 3566 1290 3623 nos,
1311 3547 1424 3615 victori
1445 3569 1516 3616 sese

185 3636 397 3704 erediderunt.
446 3634 585 3703 Medium
613 3635 772 3722 quoddam
799 3647 889 3703 tuum
916 3636 1080 3702 consilinm
1109 3637 1186 3713 tuit,
1224 3639 1278 3727 qui
1300 3640 1361 3708 boc
1384 3642 1516 3710 sortasse

186 3730 312 3798 bnniiiis
333 3729 431 3794 animi
452 3727 599 3803 duceres,
623 3729 698 3794 iiind
719 3730 896 3816 pertinacis.
940 3735 1054 3798 Fateor
1074 3752 1093 3796 a
1114 3732 1272 3820 plerisque
1294 3735 1344 3800 vol
1360 3735 1459 3802 dicam
1475 3737 1515 3804 ab

187 3822 332 3890 omnibns
354 3823 477 3908 sapiens
499 3832 585 3888 tuum
609 3823 793 3904 eonsilium,
826 3847 844 3890 a
873 3824 978 3892 mnes
1006 3825 1102 3890 etiam
1123 3826 1285 3912 magnino
1306 3828 1398 3896 fortis
1419 3831 1553 3898 animi⁸³
1673 3873 1679 3888 ·

186 3919 366 3986 indicatum.
417 3915 479 3982 Sed
501 3915 596 3983 babet
616 3917 674 3982 ista
695 3917 791 3991 ratio.
813 3928 850 3984 ut
870 3918 946 3985 mibi
967 3917 1095 4005 quidem
1109 3920 1256 3997 videtur.
1275 3924 1432 4010 quendam
1447 3947 1515 3992 me·

187 4013 277 4090 dum;
310 4011 497 4099 praesertim
529 4031 601 4076 cnm
624 4009 681 4078 tibi
702 4011 778 4078 nibil
799 4012 909 4079 deesse
931 4010 1068 4078 arbitrer
1088 4013 1129 4079 ad
1150 4025 1219 4081 tuas
1240 4016 1382 4084 fortunas
1405 4035 1515 4084 omues

187 4105 372 4174 obtinendas
393 4117 520 4192 praetor
533 4105 735 4172 veluntatem.
779 4105 830 4172 Sic
851 4107 936 4173 enim
950 4105 1107 4183 intellexi,
1130 4109 1206 4176 nibil
1227 4109 1313 4178 aliud
1327 4132 1406 4186 esse,
1429 4110 1516 4198 qued

188 4199 412 4268 dubitationem
434 4200 562 4266 afferret
584 4197 631 4275 ei,
654 4220 751 4287 penes
772 4221 867 4287 quem
889 4209 937 4266 est
957 4207 1110 4286 potestas,
1134 4201 1194 4268 nisi
1215 4203 1301 4291 qnod
1323 4214 1515 4279 vereretur.

188 4316 227 4362 ue
248 4301 282 4362 tu
304 4293 382 4360 iliud
403 4292 589 4361 benetieium
611 4294 741 4361 omuino
763 4315 827 4362 nen
845 4303 984 4380 putares.
1026 4301 1073 4362 De
1095 4318 1159 4384 quo
1179 4298 1254 4384 quid
1269 4299 1418 4373 sentiam..
1439 4297 1553 4364 nitito

188 4389 294 4453 attinet
315 4387 436 4464 dicere,
459 4409 531 4456 oum
552 4395 717 4475 appareat,
740 4387 808 4474 ipse
830 4388 905 4475 quid
928 4388 1068 4456 ieeerim.
1110 4395 1142 4457 d.
1165 4391 1228 4458 Sed
1250 4392 1373 4458 mnnetsi
1394 4392 1457 4458 iam
1473 4392 1515 4458 ita

188 4482 416 4556 constituisses,
450 4494 486 4549 nt
505 4481 617 4548 abesse
637 4491 792 4569 perpetuo
814 4482 922 4548 malias
944 4504 1038 4570 qnam
1059 4505 1112 4560 ea,
1144 4507 1225 4571 quae
1247 4485 1364 4558 nolles,
1388 4484 1514 4551 videre:

188 4585 290 4642 tamen
311 4576 345 4642 id
365 4576 504 4662 cogitare
525 4575 675 4652 deberes,
698 4574 877 4666 ubieunque
898 4597 1000 4654 esses,
1023 4585 1054 4643 te
1070 4577 1141 4644 fore
1155 4579 1187 4644 in
1203 4579 1272 4645 eius
1287 4579 1396 4666 ipsius,
1419 4599 1515 4682 quem

258 4777 284 4828 1.
311 4772 480 4842 quemquem]
508 4783 533 4828 at
557 4777 666 4827 iamiam
693 4774 943 4840 Martyni-Laguna.
973 4801 1001 4812 -
1039 4777 1066 4828 d.
1086 4792 1104 4829 u
1122 4793 1177 4830 om.
1197 4779 1236 4832 Μ.
1258 4806 1287 4818 -
1308 4787 1395 4831 tumen
1413 4786 1450 4831 eat
1468 4778 1497 4833 Μ
1506 4793 1514 4830 a

190 4852 332 4898 esttamen
350 4847 381 4896 E.
405 4870 435 4883 -
487 4847 531 4899 15.
550 4855 662 4912 quaeat
683 4847 764 4896 satuti
782 4845 819 4898 Μ.
850 4871 880 4882 -
919 4847 962 4898 17.
988 4851 1121 4900 matorum
1138 4849 1176 4900 Μ.
1212 4873 1242 4886 -
1280 4851 1324 4902 tn.
1349 4865 1396 4902 aaa
1425 4853 1517 4914 coptus

190 4915 233 4967 id:
251 4931 332 4982 aequa
349 4917 440 4980 copias
458 4915 489 4967 Ε.
511 4943 540 4954 -
568 4917 612 4968 32.
632 4919 699 4980 tique
717 4915 889 4967 benedictus.
918 4941 948 4954 -
977 4919 1087 4970 victores
1105 4933 1157 4972 esea
1174 4921 1339 4972 erediderunt
1358 4919 1386 4974 Μ
1393 4956 1401 4980 ,
1420 4921 1517 4971 victori

189 4997 240 5038 aare
258 4987 426 5038 tradiderant
444 4987 697 5052 bierunt-Lagona.
726 5009 758 5022 -
794 4988 839 5038 dt.
859 4990 964 5038 tematat
981 4989 1037 5040 tom
1054 4988 1212 5042 Ernesttua:
1233 4997 1343 5052 tumen,
1361 4991 1385 5042 n·
1403 4981 1464 5044 itt.
1484 5013 1515 5028 ··

191 5055 233 5107 ti.
252 5064 281 5109 nt
299 5070 352 5109 asae
367 5065 495 5122 perpetes
514 5057 551 5110 Μ.
