3656 5868
306 366 347 428 88
732 360 1006 426 EPISTULARUM
1027 363 1079 425 tu
1101 359 1192 427 Flu.

306 524 461 589 timorem.
523 525 588 587 Nec
610 519 693 586 enim
713 519 756 596 is,
793 519 848 606 qui
872 520 905 584 in
928 529 959 586 te
980 519 1081 584 adbuc
1104 519 1266 597 iniustior,
1303 523 1475 609 quamltua·
1488 524 1621 612 dignitas

305 617 495 706 postulabat,
506 617 580 692 luit,
595 638 658 682 non
668 636 780 698 magua
793 615 880 700 signa
892 613 977 679 dedit
987 614 1082 678 animi
1093 635 1168 698 erga
1181 625 1211 680 te
1226 617 1368 700 mitigati.
1394 623 1456 684 Nec
1470 629 1573 686 umen
1593 623 1620 687 is

306 715 392 801 ipse,
428 734 532 800 aquo
552 713 635 778 salus
658 713 795 796 petitur,
824 709 917 774 babet
946 709 1130 794 explicatam
1161 720 1215 775 aut
1241 713 1436 798 exploratam
1467 717 1621 782 rationem

306 807 412 874 salutis
438 827 523 874 suae.
566 809 705 892 Cumque
728 803 867 868 omnium
888 801 1043 868 bellorum
1066 803 1169 870 exitus
1200 804 1310 870 incerti
1342 806 1425 882 sint,
1463 808 1502 872 ab
1524 811 1620 876 altera

283 901 437 978 5vict0ria
458 900 515 966 tibi
541 898 717 986 periculum
742 897 861 963 nullum
886 917 955 962 csse
981 897 1154 983 perspicio,
1183 899 1268 985 quod
1298 899 1424 987 quidem
1447 903 1622 970 seiunctum

307 996 348 1060 sit
363 995 403 1059 ab
424 995 564 1060 omnium
581 993 725 1068 interitu;
748 990 787 1055 ab
810 992 908 1056 altera
932 999 962 1055 te
982 991 1085 1078 ipsum
1107 1014 1266 1079 nunquam
1284 994 1424 1060 timuisse
1441 1007 1528 1064 certo
1546 998 1621 1066 scio.

307 1094 337 1154 3.
359 1089 525 1176 Reliquum
556 1098 618 1163 est,
640 1095 675 1152 ut
707 1094 737 1150 te
767 1084 799 1150 id
823 1085 943 1171 ipsum,
979 1085 1064 1172 quod
1088 1107 1147 1172 ego
1179 1087 1268 1173 quasi
1297 1089 1520 1156 consolationis
1552 1092 1621 1158 loco

305 1205 406 1270 pono,
442 1183 578 1248 maxime
599 1179 779 1254 excruciet,
808 1199 973 1243 commuue
994 1179 1169 1264 periculum
1185 1181 1233 1245 rei
1255 1180 1415 1267 publicae:
1438 1186 1528 1250 cuius
1547 1187 1621 1252 tanti

307 1277 397 1350 mali,
420 1277 562 1364 quamvis
584 1273 666 1340 docti
688 1274 748 1340 viri
770 1273 865 1338 multa
881 1270 1003 1346 dicant,
1027 1281 1129 1337 umen
1147 1294 1275 1349 vereor,
1298 1297 1338 1340 ne
1353 1278 1525 1344 consolatio
1541 1281 1623 1345 nulla

272 1371 408 1458 inpossit
430 1392 505 1436 vera
526 1367 661 1455 reperiri
677 1376 802 1453 praeter
823 1365 925 1440 illam,
956 1386 1036 1451 quae
1055 1375 1136 1430 tante
1159 1376 1220 1440 est,
1244 1379 1393 1454 quantum
1418 1371 1450 1436 in
1472 1374 1623 1461 cuiusque

307 1464 413 1530 animo
430 1463 557 1529 roboris
577 1470 624 1528 est
643 1471 735 1547 atque
758 1480 938 1526 nervorum.
982 1459 1014 1523 si
1030 1459 1114 1524 enim
1130 1458 1210 1525 bene
1227 1462 1342 1527 sentire
1360 1472 1508 1553 recteque
1522 1465 1623 1533 lacere

308 1560 383 1626 satis
403 1568 450 1625 est
474 1559 513 1624 ad
535 1558 616 1624 bene
636 1555 788 1643 beateque
812 1553 994 1631 vivendum,
1023 1573 1153 1627 vereor,
1175 1574 1214 1618 ne
1237 1575 1326 1630 eum,
1357 1557 1412 1642 qui
1436 1581 1469 1624 se
1491 1561 1625 1645 optimo-

308 1676 380 1720 rum
406 1652 610 1718 consiliorum
638 1649 827 1717 eonscientia
861 1655 1035 1713 sustentare
1056 1647 1174 1732 possit,
1204 1649 1355 1714 miserum
1377 1672 1446 1717 esse
1475 1655 1562 1719 nefas
1585 1655 1624 1720 sit

308 1749 424 1814 dicere.
465 1751 529 1811 Nec
553 1746 636 1811 enim
664 1767 722 1810 nos
748 1743 886 1808 arbitror
906 1741 1056 1806 victoriae
1080 1741 1229 1827 praemiis
1255 1741 1364 1809 ductos
1392 1747 1524 1832 patriani
1549 1748 1624 1814 olim

275 1840 471 1916 netliberos
494 1849 526 1905 et
545 1839 687 1906 fortunas
709 1838 890 1925 reliquisse;
913 1834 968 1900 sed
990 1834 1146 1921 quoddam
1172 1836 1262 1902 nobis
1290 1838 1426 1903 odicium
1452 1839 1568 1907 iustum
1595 1854 1626 1909 et

308 1937 395 2023 pium
414 1943 446 2000 ct
465 1934 605 2000 debitum
626 1935 675 1999 rei
688 1931 832 2020 publicae
852 1939 1041 2015 nostraeque
1062 1928 1205 2013 dignitati
1228 1931 1412 1997 videbamur
1430 1936 1535 2020 scqui;
1559 1958 1624 2011 nec,

308 2052 380 2096 eum
396 2029 429 2094 id
444 2027 652 2104 faciebamus,
675 2035 737 2091 tam
757 2046 880 2090 eramus
900 2034 1053 2099 amentes,
1075 2033 1110 2089 ut
1131 2027 1292 2110 explorata
1315 2026 1407 2092 nobis
1429 2038 1511 2093 esset
1529 2030 1627 2096 victo-

308 2124 367 2189 ria.
409 2128 440 2188 d.
471 2125 576 2200 Quare
602 2121 630 2186 si
651 2120 683 2185 id
705 2119 826 2193 evenit,
862 2116 946 2204 quod
966 2116 1214 2202 ingredientibus
1237 2119 1327 2185 nobis
1349 2119 1382 2185 in
1405 2141 1530 2188 causam
1554 2145 1627 2210 pro-

310 2216 448 2304 positum
467 2215 528 2280 fuit
551 2214 692 2279 accidere
713 2234 825 2300 posse,
847 2231 910 2275 non
931 2209 1080 2275 debemus
1101 2211 1144 2276 ita
1168 2212 1280 2278 cadere
1306 2213 1431 2289 animis,
1454 2217 1543 2302 quasi
1572 2218 1628 2282 ali-

274 2340 301 2382 ιο
311 2309 387 2397 quid
409 2310 563 2384 evenerit,
597 2308 683 2395 qnod
701 2307 771 2372 lieri
799 2325 892 2391 posse
920 2325 1079 2389 nunquam
1103 2305 1288 2390 putarimus.
1324 2297 1446 2391 (Simus
1471 2311 1567 2396 igitur
1591 2333 1627 2376 ea

311 2411 430 2476 mente,
453 2423 547 2486 quam
569 2401 651 2466 ratio
680 2409 711 2465 et
731 2400 846 2465 veritas
871 2377 1082 2488 praescribit)
1111 2405 1145 2461 ut
1166 2397 1244 2463 nibil
1270 2400 1303 2464 in
1334 2402 1398 2466 vita
1421 2403 1512 2468 nobis
1538 2425 1629 2491 prae-

312 2495 455 2561 standum
474 2504 599 2581 praeter
617 2494 739 2580 culpam
759 2502 923 2578 putemus3
953 2509 1052 2577 eaque
1072 2511 1143 2556 cum
1164 2513 1347 2570 careamus,
1370 2497 1475 2561 omnia
1495 2498 1629 2563 humana

312 2589 430 2675 placate
449 2596 480 2653 et
501 2589 661 2654 moderate
681 2587 828 2652 seramus.
870 2589 970 2671 Atque
991 2584 1067 2648 baec
1084 2604 1123 2649 eo
1146 2585 1281 2670 pertinet
1301 2589 1421 2664 oratio,
1443 2599 1479 2655 ut
1497 2591 1628 2676 perditis

312 2681 409 2746 rebus
430 2680 575 2747 omnibus
595 2689 699 2747 tamen
720 2680 788 2766 ipsa
812 2677 911 2744 virtus
935 2699 968 2742 se
990 2685 1163 2743 sustentare
1185 2698 1278 2764 posse
1303 2681 1456 2749 videatur.
1511 2685 1573 2751 Sed
1601 2685 1629 2750 si

275 2786 360 2849 nest
379 2797 449 2862 spes
470 2775 573 2862 aliqua
593 2774 690 2840 rebus
711 2770 944 2846 communibus,
974 2791 1011 2835 ea
1027 2779 1078 2847 tu,
1108 2772 1286 2860 quicunque
1305 2783 1401 2840 status
1420 2786 1468 2842 est
1489 2777 1627 2854 futurus,

312 2890 421 2934 carcre
442 2890 506 2934 non
528 2868 634 2934 debes.
691 2873 720 2934 5.
751 2872 853 2953 Atque
879 2864 956 2929 baec
986 2863 1065 2928 mibi
1092 2864 1241 2930 scribenti
1262 2867 1408 2932 veniebat
1433 2871 1466 2935 in
1493 2882 1629 2936 mentem

312 2984 364 3027 mc
388 2983 457 3028 esse
484 2983 574 3036 enm,
604 2963 692 3028 cuius
720 2969 754 3027 tu
786 2957 1038 3046 desperationem
1061 2980 1207 3024 accusare
1232 2960 1341 3027 solitus
1364 2983 1447 3028 esses
1472 2986 1629 3051 quemque

312 3057 495 3121 auctoritate
515 3065 567 3124 tna
587 3066 781 3122 cunctantem
800 3062 832 3120 et
849 3052 1039 3117 diffidentem
1060 3053 1208 3118 excitare.
1253 3057 1324 3132 Quo
1343 3057 1469 3144 quidem
1488 3067 1630 3143 tempore

186 3174 192 3186 ¹
313 3171 377 3215 non
401 3171 459 3236 ego
477 3171 602 3216 causam
620 3159 777 3232 nostram,
813 3147 870 3214 sed
893 3147 1060 3212 consilium
1084 3147 1311 3233 improbabam.
1362 3154 1440 3216 Sero
1463 3151 1545 3215 enim
1572 3173 1630 3217 nos

276 3276 304 3314 ³0
313 3243 352 3308 iis
373 3243 468 3309 armis
488 3242 648 3310 adversari
682 3242 846 3318 videbam,
883 3262 963 3329 quae
986 3238 1085 3304 multo
1110 3250 1181 3305 ante
1201 3242 1382 3308 confirmata
1414 3265 1472 3329 per
1507 3255 1631 3310 nosmet

313 3337 398 3422 ipsos
421 3347 519 3412 erant.
542 3337 749 3424 dolebamque
769 3336 841 3422 pilis
856 3347 886 3402 et
902 3334 1021 3419 gladiis,
1045 3354 1108 3398 non
1126 3335 1264 3400 consiliis
1279 3357 1380 3423 neque
1396 3338 1630 3404 auctoritatibus

313 3431 429 3495 nostris
455 3431 493 3496 de
513 3432 584 3497 iure
605 3431 732 3519 publico
754 3428 930 3514 disceptari.
973 3433 1080 3514 Neque
1102 3449 1161 3512 ego
1181 3450 1233 3505 ea,
1256 3451 1337 3515 quae
1357 3430 1538 3506 factasunt,
1561 3431 1630 3498 lore

314 3545 384 3589 eum
403 3525 559 3600 dicebam,
583 3525 760 3592 divinabam
781 3524 900 3598 lutura,
923 3521 998 3596 sed,
1029 3521 1115 3608 quod
1142 3531 1173 3587 et
1194 3522 1263 3586 fieri
1285 3545 1377 3608 posse
1403 3535 1433 3590 et
1462 3526 1631 3592 exitiosum

313 3616 402 3693 sore,
427 3619 453 3683 si
477 3613 652 3695 evenisset,
673 3618 836 3692 videbam,
859 3615 891 3680 id
912 3637 951 3680 ne
966 3615 1138 3690 accideret,
1160 3615 1326 3693 timebam,
1349 3620 1533 3703 praesertim
1549 3641 1630 3694 cum,

277 3710 340 3784 „si
359 3710 437 3775 mibi
460 3712 594 3778 alterum
615 3723 721 3779 utrum
740 3711 778 3777 de
799 3717 913 3775 eventu
933 3717 1025 3794 atque
1048 3708 1135 3774 exitu
1156 3731 1263 3774 rerum
1278 3713 1521 3796 promittendum
1537 3723 1630 3787 esset,

314 3802 348 3868 id
370 3803 526 3881 futurum,
554 3807 639 3894 quod
665 3806 784 3880 evenit,
818 3801 1010 3888 exploratius
1031 3822 1155 3887 possem
1177 3805 1370 3888 promittere.
1413 3809 1454 3873 lis
1477 3808 1560 3872 enim
1581 3827 1633 3871 re-

313 3896 373 3962 bus
394 3899 643 3984 praestabamus,
677 3921 757 3987 quae
787 3919 850 3963 non
872 3896 1078 3984 prodeuntia
1107 3897 1225 3976 aciem;
1261 3921 1321 3965 usu
1345 3911 1448 3966 autem
1471 3920 1632 3966 armorum

314 3998 345 4055 et
374 3991 508 4058 militum
534 3993 651 4060 robore
675 3991 843 4060 inferiores
866 4011 1000 4056 eramus.
1054 3991 1114 4055 Sed
1138 3999 1170 4056 tu
1195 3991 1283 4057 illum
1308 3995 1445 4060 animum
1474 4015 1556 4060 nune
1578 3993 1632 4058 ad-

314 4085 403 4161 hibe,
426 4109 560 4174 quaeso,
582 4110 647 4175 quo
663 4110 713 4153 me
735 4097 800 4152 tum
825 4105 893 4150 esse
913 4092 1061 4169 oportere
1082 4083 1241 4150 censebas.
1285 4091 1314 4151 6.
1337 4091 1422 4153 llaec
1449 4109 1487 4153 eo
1509 4086 1630 4173 scripsi,

275 4178 399 4265 roquod
418 4181 495 4247 mibi
519 4181 719 4270 Philargyrus
748 4193 819 4248 tuus
851 4177 956 4244 omnia
988 4177 1027 4242 de
1046 4187 1075 4242 te
1106 4179 1279 4266 requirenti
1303 4179 1485 4248 fidelissimo
1510 4183 1630 4256 animo,

313 4282 348 4340 ut
367 4274 443 4339 mihi
466 4275 594 4362 quidem
622 4276 707 4341 visus
730 4283 793 4351 est,
823 4272 977 4348 narravit,
1001 4281 1031 4337 te
1055 4272 1211 4338 interdum
1237 4274 1404 4340 sollicitum
1428 4276 1530 4341 solere
1564 4295 1632 4340 esse

217 4411 222 4420 ·
312 4367 538 4434 vehementius
592 4369 686 4447 Quod
704 4368 808 4434 lacere
826 4389 889 4433 non
915 4366 1010 4432 debes
1034 4388 1091 4431 nec
1117 4366 1280 4444 dubitare,
1304 4370 1379 4456 quin
1397 4379 1451 4434 aut
1471 4371 1574 4457 aliqua
1595 4390 1632 4433 re

312 4460 438 4549 publica
458 4463 501 4528 sis
522 4463 662 4538 iuturus,
685 4464 740 4551 qui
761 4484 828 4528 esse
849 4460 961 4535 debes,
984 4470 1038 4525 aut
1056 4460 1179 4545 perdita
1192 4482 1255 4526 non
1271 4461 1433 4527 afflictiore
1449 4463 1632 4528 condicione

313 4577 407 4643 quam
421 4557 528 4622 ceteri.
570 4562 638 4623 Hoc
656 4578 733 4622 vero
749 4565 885 4642 tempus,
909 4575 972 4642 quo
991 4554 1160 4619 exanimati
1179 4574 1288 4621 omnes
1307 4565 1338 4620 et
1358 4557 1499 4642 suspensi
1515 4578 1632 4631 sumus,

313 4649 374 4715 boe
396 4651 608 4717 moderatiore
632 4650 736 4715 animo
762 4649 847 4714 serre
872 4648 987 4723 debes,
1010 4647 1095 4734 quod
1122 4658 1153 4713 et
1178 4649 1209 4714 in
1231 4647 1311 4714 urbe
1340 4671 1376 4714 ea
1398 4651 1471 4757 esql
1480 4649 1536 4714 ubi
1561 4659 1633 4742 nata

383 4815 410 4864 b.
435 4817 553 4864 tanetum
578 4815 617 4864 M.
645 4839 676 4850 -
711 4815 738 4864 7.
759 4815 820 4862 lano
837 4814 874 4864 Μ.
906 4839 935 4848 -
972 4813 999 4863 o.
1018 4813 1074 4861 ulto
1093 4813 1122 4861 u.
1150 4839 1178 4848 -
1218 4813 1260 4863 to.
1287 4813 1435 4862 videbator.
1460 4815 1509 4862 'aed
1527 4816 1572 4876 qut
1588 4827 1634 4863 naa

315 4883 353 4935 Μ.
379 4908 405 4918 -
428 4885 470 4933 17.
491 4892 579 4934 tamea
596 4885 633 4935 Μ.
671 4883 712 4934 dn
731 4891 786 4933 tom
805 4886 912 4933 tament
931 4883 981 4934 On.
1007 4905 1033 4919 -
1052 4884 1096 4931 25.
1123 4882 1215 4945 oltqao
1234 4897 1247 4932 o
1266 4879 1295 4944 (i.
1316 4895 1340 4932 e.
1361 4883 1480 4946 aliquae,
1508 4881 1632 4946 antique)

314 4955 389 5006 retus
407 4953 443 5003 Μ.
466 4981 494 4990 -
532 4954 577 5005 td.
596 4955 732 5005 taeniebaat
750 4953 786 5004 Μ.
820 4977 850 4988 -
888 4954 932 5003 27.
950 4966 1001 5004 aare
1019 4966 1075 5002 aum
1094 4953 1136 5002 bl:
1156 4967 1214 5002 eom
1232 4966 1284 5002 esse
1302 4953 1332 5001 tt.
1358 4978 1383 4989 -
1422 4955 1466 5002 30.
1486 4954 1525 5002 bia
1542 4954 1579 5005 Μ.
1602 4977 1633 4988 -

316 5025 359 5076 35.
378 5024 491 5073 altarum
508 5031 597 5074 atmm
614 5024 660 5074 bl:
680 5025 836 5074 altemtrum
857 5023 886 5073 a.
909 5049 939 5059 -
976 5023 1019 5072 36.
1041 5024 1088 5073 Hir
1106 5023 1143 5074 Μ.
1166 5045 1193 5058 -·
1231 5021 1275 5074 43.
1295 5019 1341 5084 sta]
1358 5023 1382 5071 rt
1399 5024 1434 5072 sta
1452 5023 1488 5072 Μ.
