3628 5876
294 373 354 436 tea
713 367 986 432 EPlSTOthiUhl
1007 369 1059 432 Ab
1080 370 1168 432 itit

290 527 378 594 tinuo
405 527 555 592 maximas
582 525 696 612 gratias
723 533 824 612 agant.
866 529 984 610 Negant
1011 525 1094 592 enim
1121 547 1155 592 se
1177 522 1338 602 dubitare,
1370 525 1445 612 quin
1466 533 1501 592 tn
1522 523 1602 592 meis

288 621 461 710 praeceptis
493 629 524 686 et
551 619 687 686 consiliis
708 619 927 706 obtemperans
951 619 1249 705 praestantissimum
1271 627 1300 684 te
1322 619 1422 685 civem
1444 628 1476 684 et
1496 623 1603 704 siugu-

288 717 385 782 larem
406 715 565 782 eonsulem
586 713 746 801 praebeas.
794 718 825 780 2.
858 713 980 792 Quibus
1002 734 1061 799 ego
1082 735 1270 802 quamquam
1291 713 1453 780 verissime
1473 734 1601 824 possum

289 808 481 898 respondere
503 817 549 886 te,
579 830 659 896 quae
681 808 794 882 iacias,
822 817 877 874 tuo
899 808 1016 874 iudicio
1038 816 1069 872 et
1091 817 1142 874 tua
1163 817 1273 894 sponte
1294 806 1397 874 lacere
1418 828 1477 873 nee
1498 809 1601 874 usius·

267 925 383 994 squam
405 924 499 990 egere
519 903 668 978 oonsilio,
701 913 804 968 mmen
821 923 923 989 neque
944 902 1035 988 plane
1056 901 1228 977 assentior,
1251 923 1290 967 ne
1312 902 1495 968 imminuam
1517 910 1601 967 tuam

290 998 422 1075 laudem,
445 999 470 1064 si
492 997 594 1064 omnis
615 1019 633 1062 a
654 997 732 1062 meis
754 997 891 1062 consiliis
913 995 1051 1082 prolecta
1073 994 1223 1070 videatur,
1246 1017 1348 1082 neque
1362 995 1452 1062 valde
1469 1015 1600 1081 nego—

290 1115 359 1160 sum
382 1093 464 1158 enim
486 1091 609 1157 avidior
629 1090 722 1156 etiam
737 1111 831 1177 quam
851 1095 925 1156 satis
946 1099 993 1154 est
1014 1089 1132 1174 gloriae
1147 1113 1205 1169 -;
1228 1099 1374 1156 ettamen
1388 1110 1451 1156 non
1466 1090 1600 1155 alienum

148 1207 164 1312 p
257 1197 337 1325 pest
357 1185 505 1272 dignitate
535 1195 605 1260 tua,
636 1184 722 1271 qnod
743 1183 802 1271 ipsi
830 1183 1068 1269 Agamemnoni,
1102 1204 1213 1268 regum
1233 1185 1318 1269 regi,
1341 1183 1399 1250 hait
1419 1183 1599 1260 honestum,

290 1282 406 1349 hahere
427 1280 592 1366 aliquem
584 1301 615 1344 ιιι
638 1277 775 1343 consiliis
796 1277 957 1364 capiundis
979 1283 1157 1356 Nestorem,
1180 1276 1355 1344 mihi’s'ero
1376 1278 1550 1364 gloriosum
1570 1288 1600 1343 te

254 1332 434 1444 ieiuvenem
466 1373 624 1440 consulem
657 1371 771 1437 llorere
800 1370 945 1437 laudibus
974 1376 1061 1458 quasi
1098 1328 1257 1438 alumnum
1290 1372 1471 1458 disciplinae
1503 1393 1600 1440 meae.

289 1477 320 1538 3.
342 1476 377 1537 L.
399 1468 524 1557 quidem
548 1471 675 1540 Caesar,
698 1487 768 1531 eum
790 1464 829 1530 ad
851 1487 923 1531 eum
940 1474 1101 1550 negantum
1123 1465 1283 1551 Neapolim
1300 1466 1470 1541 venissem,
1493 1487 1601 1552 quam·

290 1584 383 1652 quam
405 1570 471 1628 erat
499 1581 667 1647 oppressus
698 1561 792 1624 totius
817 1559 960 1646 eorporis
989 1558 1166 1634 doloribus,
1196 1569 1299 1626 tanmn
1321 1569 1406 1634 ante,
1437 1581 1531 1646 quam
1553 1579 1601 1624 me

289 1660 380 1747 plane
403 1655 563 1728 sanavit,
586 1658 639 1731 „0
662 1653 706 1720 mi
727 1654 856 1728 Cicero,
889 1653 1006 1740 inquit,
1029 1654 1170 1739 gratulor
1190 1653 1264 1729 tibi,
1286 1676 1358 1719 eum
1379 1663 1498 1719 mutum
1520 1654 1602 1720 vales

290 1752 373 1840 apud
393 1750 601 1824 Dolabellam,
624 1757 772 1836 quantum
795 1753 821 1813 si
842 1769 903 1834 ego
926 1747 1007 1834 apnd
1030 1747 1150 1814 sororis
1165 1747 1263 1813 lilium
1276 1748 1429 1822 valerem,
1451 1747 1514 1813 iam
1528 1747 1603 1814 salvi

255 1858 358 1914 ¹lesse
379 1866 551 1932 possemus.
606 1841 786 1908 Dolabellae
806 1863 884 1906 vero
914 1851 967 1906 tuo
990 1853 1021 1908 et
1041 1842 1181 1927 gratulor
1203 1851 1234 1906 et
1254 1845 1370 1927 gratias
1397 1863 1473 1928 ago;
1511 1862 1603 1929 quem
1645 1886 1655 1898 -

290 1939 416 2030 quidem
437 1949 508 2026 post
528 1946 559 2003 te
575 1936 734 2003 consulem
752 1937 854 2001 solum
868 1956 1035 2022 possumus
1050 1957 1124 2001 vere
1139 1936 1298 2001 consulem
1311 1935 1443 2002 dicere.”
1485 1935 1603 2002 Deinde

289 2037 385 2102 multa
415 2033 455 2100 de
476 2032 557 2098 laeto
584 2051 620 2096 ae
648 2029 687 2096 de
708 2051 744 2094 re
766 2039 869 2114 gesta;
904 2039 968 2096 tum
990 2029 1066 2095 nihil
1088 2029 1347 2116 magnificentius,
1369 2029 1447 2095 nibil
1468 2031 1604 2117 praeela-

290 2130 356 2196 rius
377 2137 480 2194 aetum
501 2146 658 2212 unquam,
691 2123 768 2188 nihil
789 2127 835 2188 rei
856 2121 999 2209 publicae
1021 2123 1196 2190 saluurius.
1238 2131 1338 2210 Atque
1360 2123 1436 2188 haec
1457 2145 1520 2190 una
1541 2145 1604 2191 vox

290 2222 430 2289 omnium
452 2229 509 2285 est
551 2223 582 2286 l.
602 2223 629 2284 Α
651 2227 681 2283 te
702 2226 805 2283 antem
828 2229 916 2302 peto,
938 2226 974 2283 ut
995 2237 1045 2283 me
1066 2216 1145 2283 hauc
1166 2216 1255 2306 qnasi
1277 2217 1384 2282 falsam
1401 2217 1605 2284 hereditatem

251 2315 410 2381 ¹⁰alienae
441 2313 561 2398 gloriae
589 2312 672 2378 sinas
702 2330 832 2376 cernere
853 2330 966 2398 meque
986 2311 1089 2398 ahqua
1113 2311 1316 2398 expertein
1338 2311 1515 2379 societatem
1539 2321 1603 2378 tua·

291 2430 362 2475 rum
394 2405 521 2474 laudum
548 2405 657 2471 venire
684 2404 814 2491 patiare.
868 2407 1081 2491 Quamquam,
1117 2406 1160 2472 mi
1181 2405 1342 2473 Dolabella
1364 2443 1402 2452 —
1425 2406 1501 2471 haec
1522 2410 1605 2472 enim

291 2507 408 2568 iocatus
429 2522 499 2566 sum
521 2537 577 2575 -,
599 2497 746 2564 libentius
768 2519 876 2565 omnes
898 2519 997 2574 meas,
1020 2499 1047 2564 si
1068 2498 1163 2565 modo
1184 2509 1257 2565 sunt
1277 2502 1399 2588 aliquae
1413 2521 1518 2577 meae,
1541 2501 1607 2567 lau-

290 2596 346 2662 des
366 2595 406 2661 ad
426 2604 458 2660 te
479 2591 717 2666 transfuderim,
739 2613 833 2678 quam
854 2591 990 2679 aliquam
1011 2603 1130 2679 partem
1154 2593 1352 2660 exhauserim
1374 2617 1415 2660 ex
1436 2594 1506 2660 tuis.
1529 2600 1606 2660 Nam

291 2711 361 2756 eum
384 2697 415 2755 te
437 2709 561 2774 semper
582 2696 700 2752 tautum
721 2684 902 2762 dilexerim,
938 2695 1087 2772 quantum
1109 2697 1142 2753 tn
1164 2688 1337 2774 intelligere
1358 2689 1505 2774 potuisti,
1540 2698 1605 2755 tum

252 2783 340 2862 „his
361 2783 422 2848 tuis
443 2782 531 2848 laetis
552 2781 596 2846 sie
617 2786 762 2846 ineensns
784 2802 867 2856 sum,
889 2788 924 2846 ut
945 2779 1022 2846 nihil
1043 2803 1181 2867 nuquam
1202 2781 1234 2848 in
1256 2804 1363 2850 amore
1384 2781 1480 2848 luerit
1493 2783 1606 2848 arden-

292 2878 363 2943 tius.
405 2876 487 2942 Nihil
515 2882 561 2941 est
582 2874 684 2948 enim,
721 2873 796 2940 mihi
825 2872 934 2949 crede,
965 2875 1079 2941 virtute
1106 2874 1295 2952 formosius,
1333 2876 1409 2943 nihil
1429 2879 1605 2965 pulchrius,

291 2971 366 3037 nihil
387 2968 560 3036 amabilius.
604 2975 633 3036 b.
655 2973 788 3078 Semper
808 2969 923 3043 amavi,
945 2977 981 3035 ut
1002 2973 1076 3042 seis,
1098 2973 1139 3034 Μ.
1155 2974 1284 3035 Brutum
1299 2982 1429 3070 propter
1443 2971 1607 3038 eiussmn-

290 3087 376 3131 mum
397 3063 573 3150 ingenium,
610 3064 810 3129 suavissimos
837 3083 962 3139 mores,
994 3063 1181 3148 singularem
1207 3057 1413 3150 probitatem
1416 3076 1509 3153 atque
1532 3087 1605 3132 con·

290 3159 442 3224 stantiam.
485 3163 601 3224 Tamen
622 3156 726 3223 Idibus
748 3157 866 3223 Martiis
887 3168 1005 3224 tantum
1026 3158 1156 3222 accessit
1177 3157 1215 3224 ad
1237 3180 1393 3234 amorem,
1416 3170 1451 3228 ut
1472 3165 1607 3228 mirarer

252 3253 393 3334 ,uloeum
415 3251 511 3317 luisse
532 3251 695 3338 augendi'
686 3273 718 3317 m
740 3272 794 3326 eo,
824 3250 910 3338 quod
931 3250 1007 3316 mihi
1027 3250 1213 3339 iampridem
1235 3253 1424 3319 cumulatum
1447 3254 1539 3320 etiam
1560 3255 1608 3320 ri-

291 3347 432 3413 debatur.
490 3345 568 3424 Quis
590 3354 672 3420 erat,
695 3345 748 3432 qui
768 3353 892 3431 putaret
912 3343 952 3409 ad
974 3365 1046 3411 eum
1068 3367 1224 3419 amorem,
1247 3367 1341 3432 quem
1364 3367 1437 3433 erga
1459 3355 1490 3412 te
1510 3346 1605 3412 habe·

289 3438 377 3517 ham,
412 3460 505 3526 posse
526 3437 643 3525 aliquid
665 3439 837 3504 accedam?
869 3445 1001 3505 Tantum
1022 3440 1165 3515 aeoessit,
1200 3447 1236 3505 nt
1263 3441 1337 3506 mihi
1368 3462 1450 3506 nnnc
1471 3439 1606 3527 denique

289 3554 396 3604 amare
418 3533 542 3609 videar,
565 3544 655 3600 antea
676 3533 834 3599 dilexisse.
878 3538 907 3599 6.
931 3535 1036 3616 Quare
1058 3533 1217 3621 quidest,
1240 3535 1325 3622 quod
1347 3554 1407 3621 ego
1428 3543 1458 3602 te
1481 3534 1608 3610 horter,

289 3634 326 3693 ut
346 3626 486 3712 dignitati
508 3636 539 3691 et
559 3627 678 3712 gloriae
700 3627 839 3696 servias?
869 3631 1045 3714 Proponam
1069 3626 1124 3692 tibi
1147 3628 1248 3694 eleros
1270 3629 1371 3704 viros,
1395 3629 1480 3716 quod
1501 3630 1605 3696 faeere

253 3720 406 3795 molent,
437 3721 491 3805 qui
524 3720 709 3786 hortantur?
749 3721 911 3788 Neminem
940 3719 1041 3787 habeo
1070 3722 1236 3790 clariorem
1258 3745 1351 3810 quam
1374 3733 1403 3788 te
1426 3723 1542 3808 ipsnm;
1574 3734 1606 3789 te

292 3815 414 3884 imitere
446 3822 587 3899 oportet,
616 3827 719 3886 tecum
748 3815 815 3900 ipse
846 3823 955 3880 certes.
1013 3819 1056 3880 Ne
1083 3815 1155 3886 licet
1182 3816 1307 3904 quidem
1336 3817 1391 3884 tibi
1423 3817 1483 3883 iam
1513 3817 1606 3883 tanda

292 3905 386 3978 rebus
408 3909 501 3994 gestis
533 3929 596 3974 uon
624 3909 671 3975 tui
699 3909 830 3974 similem
852 3929 929 3978 esse.
973 3913 1003 3976 7.
1026 3909 1119 3987 Quod
1141 3931 1212 3975 eum
1232 3911 1274 3976 ita
1297 3910 1351 3986 sit,
1385 3909 1520 3976 hortatio
1542 3930 1605 3976 non

291 4011 338 4067 ost
358 4003 550 4076 necessaria,
573 4003 778 4088 gratulatione
799 4003 895 4088 magle
916 4001 1066 4070 utendum
1080 4012 1137 4069 est
1179 4003 1314 4090 Contigit
1329 4005 1412 4070 enim
1427 4003 1498 4080 tihi,
1520 4004 1606 4092 quod

292 4095 373 4162 haud
400 4095 466 4162 seio
491 4118 530 4161 an
560 4096 692 4172 nemini,
728 4105 762 4162 ut
790 4117 910 4162 summa
942 4102 1090 4166 severitas
1119 4097 1397 4165 animadversionis
1425 4119 1488 4164 nou
1509 4095 1607 4163 modo

255 4211 354 4262 ιιιιιοιι
382 4187 536 4255 invidiosa
563 4190 619 4256 sed
645 4191 738 4256 etiam
759 4191 920 4278 popularis
942 4200 1024 4257 esset
1049 4199 1080 4256 et
1102 4213 1173 4257 eum
1194 4191 1286 4258 bonis
1307 4191 1451 4260 omnibus
1472 4203 1538 4260 tum
1559 4192 1609 4257 in-

293 4282 366 4347 fimo
388 4282 501 4369 unique
523 4285 708 4368 gratissima.
757 4289 825 4350 lloo
846 4285 872 4349 si
894 4282 950 4350 tibi
973 4284 1096 4354 lortuna
1117 4283 1250 4371 quadam
1273 4286 1470 4372 contigisset,
1499 4293 1607 4371 gratae

290 4378 374 4444 laren
394 4376 532 4442 felicitati
554 4387 640 4458 tuae;
662 4377 717 4444 sed
739 4379 867 4464 contigit
886 4379 1097 4465 magnitudine
1118 4399 1190 4443 eum
1211 4379 1304 4444 animi
1325 4387 1391 4445 tum
1412 4380 1505 4445 etiam
1520 4383 1607 4463 inge·

291 4472 336 4538 nii
368 4481 461 4559 atque
494 4472 627 4539 consilii.
683 4473 758 4558 Legi
780 4474 864 4538 enim
894 4473 1071 4540 pontionem
1101 4481 1196 4538 tuam.
1239 4471 1321 4538 Nihil
1342 4473 1394 4538 illa
1416 4473 1605 4560 sapientius;

291 4571 333 4632 ita
361 4567 548 4654 pedetentim
578 4576 608 4632 et
635 4567 786 4653 gradatim
820 4576 885 4632 tum
915 4588 1057 4632 accessus
1078 4588 1095 4631 a
1118 4575 1149 4636 te
1170 4565 1210 4632 ad
1231 4587 1355 4632 eausam
1376 4565 1448 4632 laeti
1469 4575 1536 4632 tum
1557 4586 1608 4631 re·

292 4681 417 4736 cessus,
452 4669 487 4730 ut
518 4683 570 4730 res
597 4661 665 4748 ipsa
696 4660 903 4732 maturitatem
931 4659 987 4732 tibi
1008 4659 1275 4732 animadvertendi
1295 4662 1437 4734 omnium
1457 4681 1608 4726 noncessu

362 4811 389 4862 'l.
416 4819 442 4862 et
461 4820 548 4864 tomen
569 4826 622 4862 non
647 4811 760 4862 numum
783 4820 820 4863 ert
838 4813 944 4864 adbit.
964 4813 1011 4875 ll,
1031 4814 1126 4873 ιιι,
1145 4815 1181 4865 Dr
1211 4823 1236 4866 et
1255 4821 1342 4867 tomen
1357 4813 1542 4864 omeliarum
1560 4811 1605 4870 Μ,

294 4889 330 4932 ert
349 4889 436 4934 tuanen
451 4897 505 4932 ιιοιι
523 4882 636 4932 ultanum
654 4882 684 4931 E.
705 4907 738 4916 -
757 4881 801 4932 1³.
820 4883 976 4934 salutaverit
994 4898 1064 4936 oorr.
1084 4886 1129 4948 Μ,
1150 4885 1311 4936 salutauerat
1329 4884 1446 4936 malebat
1460 4882 1607 4933 Schlltnlus.

295 4951 337 5002 ll.
365 4950 431 5017 tuas]
458 4959 513 5002 tom
544 4952 580 5004 Μ.
609 4977 642 4992 -
679 4951 723 5002 15.
744 4958 790 5002 tan
808 4953 831 5002 ei
848 4953 969 5017 protutor
986 4954 1024 5007 Μ.
1053 4981 1086 4994 —·
1121 4955 1166 5006 Ὦ.
1186 4955 1285 5006 loeutus
1301 4953 1339 5006 Μ.
1359 4977 1392 4996 *-
1426 4953 1470 5010 25.
1493 4965 1609 5007 amount

295 5019 332 5078 bl.
351 5047 385 5062 -
420 5023 464 5079 ³0.
484 5021 641 5078 maalmam
660 5035 711 5077 aare
728 5021 864 5078 videbatur
881 5021 976 5078 attus.
997 5051 1028 5065 ·-
1064 5025 1109 5082 at.
1126 5039 1261 5095 proponet
1278 5024 1316 5080 a.
