3680 5944
327 369 388 431 530
826 359 884 422 ΕΡ.
900 359 957 422 ΑΙ)
979 357 1151 423 ATTlCUM

494 527 552 598 Τίς
575 522 602 586 δ’
624 529 692 585 ἐστὶ
714 522 828 594 δοῦλος
849 521 907 583 τοῦ
926 523 1038 582 Suesia
1059 515 1218 599 ἄφροντις
1238 514 1300 589 cim·

328 649 384 717 scd
405 647 478 737 quia
499 641 613 728 ingrati
634 639 726 705 animi
748 639 867 706 crimen
888 639 1015 705 horreo.
1059 636 1188 703 Confido
1209 637 1494 723 igituradrentmn
1518 653 1709 710 nostrum
1803 661 1804 674 ¹

327 745 389 820 illi,
426 759 555 829 quoquo
584 747 723 820 tempore
754 735 861 808 luerit.
888 742 925 798 ut
949 731 1077 802 scribis.
1114 735 1309 816 ‹inps'nmron
1337 735 1415 800 lore.
1458 742 1567 803 Nam
1599 741 1710 826 quod

327 841 388 914 ais,
410 839 436 904 si
458 835 509 900 lric
532 829 751 914 temperantius
773 833 888 914 egerit,
918 824 1143 892 consideratius
1165 827 1329 892 consilium
1352 839 1382 894 tc
1404 828 1607 910 daturum;
1638 845 1704 922 qni

305 935 378 1000 thie
398 939 501 1019 potest
521 949 555 992 sc
576 945 687 1010 gerere
709 943 771 988 nou
788 921 930 1009 perdite?
953 921 1040 992 Vita,
1063 939 1185 992 mores,
1206 920 1388 998 antefacta,
1411 926 1497 991 ratio
1519 930 1703 1014 suscepti

329 1026 466 1113 negotii,
497 1021 590 1093 socii,
623 1019 704 1084 vires
725 1016 883 1082 bonorum
905 1014 1071 1080 autetiam
1094 1014 1275 1080 constantia.
1317 1022 1347 1082 3.
1369 1019 1515 1084 Vixdum
1548 1021 1699 1107 episto-

330 1123 389 1186 lam
418 1128 503 1184 tuam
535 1116 686 1199 legeram,
722 1133 792 1178 curn
814 1109 853 1176 ad
874 1129 944 1184 me,
984 1128 1114 1172 currens
1136 1105 1300 1184 edilium,
1329 1115 1498 1179 Postumus
1532 1115 1697 1181 curtius

329 1213 426 1288 venit,
448 1209 523 1276 nihil
545 1207 604 1273 nisi
626 1208 738 1272 classes
759 1206 890 1290 loquens
912 1211 944 1268 et
965 1201 1142 1278 exercitum
1176 1201 1330 1289 eripiebat
1350 1205 1522 1292 Hispanias
1540 1231 1553 1283 ;
1585 1219 1691 1272 tene·

328 1307 381 1374 bat
401 1305 522 1378 miani,
556 1301 708 1374 Siciliam,
742 1299 892 1370 Africam,
924 1296 1115 1373 Sardiniam;
1143 1295 1307 1362 confestim
1333 1298 1364 1363 in
1388 1300 1571 1366 Graeciam
1601 1323 1692 1388 per-

295 1399 526 1488 ¹⁰sequebatur.
576 1394 720 1461 Eundum
742 1393 837 1478 igitur
868 1400 930 1463 est.
967 1409 1025 1455 nec
1047 1399 1108 1454 tam
1131 1397 1165 1453 ut
1186 1388 1261 1456 belli
1282 1413 1374 1477 quam
1396 1403 1430 1458 ut
1451 1394 1561 1480 fugae
1589 1396 1685 1461 socii

329 1496 435 1562 simus.
477 1497 540 1557 Nec
561 1490 644 1555 enim
666 1488 749 1553 lerre
771 1497 882 1573 potero
905 1505 1066 1550 sermones
1088 1483 1240 1560 istorum,
1263 1486 1440 1573 quicunqne
1463 1499 1565 1567 sunt;
1607 1511 1684 1553 non

329 1597 401 1656 sunt
422 1587 505 1652 enim
527 1595 628 1658 certe,
651 1593 685 1648 ut
707 1581 921 1668 appellantur,
944 1578 1030 1644 boni.
1074 1576 1135 1642 Sed
1158 1585 1262 1643 tamen
1276 1579 1307 1644 id
1325 1583 1425 1665 ipsum
1441 1581 1524 1646 scire
1551 1585 1678 1667 cupio,

329 1683 405 1772 quid
426 1683 610 1768 loquantur;
633 1677 725 1764 idque
747 1685 781 1742 ut
803 1678 949 1762 exquiras
972 1692 1084 1758 meque
1106 1671 1272 1736 certiorem
1295 1673 1403 1747 iacias,
1426 1684 1456 1738 te
1478 1674 1679 1738 vehemen-

329 1787 377 1843 ter
398 1796 488 1860 rogo.
540 1779 602 1839 Nos
625 1772 739 1845 adhuc,
773 1767 849 1856 quid
870 1765 1026 1834 Brundisii
1049 1775 1151 1831 actum
1174 1776 1270 1840 esset,
1293 1766 1384 1852 plane
1405 1767 1672 1844 nesciebarrrus;

295 1880 399 1936 'icum
423 1875 574 1943 sciemus,
607 1879 674 1934 turn
695 1887 735 1930 ex
756 1885 793 1928 rc
815 1874 846 1929 et
867 1883 908 1929 ex
930 1872 1072 1948 tempore
1099 1861 1263 1928 consilium
1294 1863 1469 1950 capiemus;
1498 1862 1565 1927 sed
1594 1872 1674 1927 ute-

328 1985 400 2030 mur
422 1973 486 2029 tuo.

797 2072 856 2134 111.
899 2069 952 2150 (A.
979 2072 1010 2134 li.
1033 2072 1065 2135 C.
1087 2071 1176 2149 705.)

811 2193 953 2257 CICERO
975 2193 1117 2256 ATTICO
1140 2195 1171 2255 S.

416 2315 445 2376 1.
466 2305 595 2374 Domitii
625 2303 705 2368 filins
736 2303 857 2369 transiit
878 2301 1017 2368 Formias
1039 2321 1114 2368 viu.
1137 2301 1182 2368 ld.
1204 2324 1335 2371 currens
1356 2303 1396 2371 ad
1417 2315 1550 2370 matrem
1576 2307 1666 2368 Nea·

291 2402 443 2491 sopolim,
465 2399 603 2486 mihique
624 2397 761 2462 nuntiari
783 2396 872 2460 iussit
893 2404 1014 2481 patrem
1045 2395 1084 2460 ad
1104 2396 1217 2463 urbem
1239 2421 1321 2476 esse,
1350 2422 1419 2466 curn
1442 2399 1480 2464 de
1503 2421 1543 2464 eo
1569 2396 1662 2462 curi-

330 2518 386 2562 ose
415 2493 586 2583 quaesisset
617 2511 726 2556 sers'us
753 2499 861 2554 noster
887 2489 1064 2578 Dionysius.
1116 2495 1179 2556 Nos
1212 2503 1316 2558 autern
1346 2493 1544 2559 audieramus
1580 2513 1659 2556 eum

331 2589 506 2677 proiectum
522 2586 586 2650 sive
602 2585 639 2650 ad
655 2584 836 2670 Pompeium
858 2584 923 2648 sive
945 2583 977 2647 in
1000 2583 1189 2670 llispaniam.
1231 2588 1266 2652 ld
1288 2587 1462 2653 cuiusmodi
1484 2587 1539 2661 sit,
1565 2585 1657 2651 scire

331 2706 404 2749 sane
426 2681 529 2747 velim.
571 2685 647 2743 Nam
669 2677 708 2742 ad
729 2677 777 2752 id,
801 2676 886 2764 quod
909 2676 1067 2752 delibero,
1090 2678 1243 2763 pertinet,
1266 2681 1292 2746 si
1313 2681 1365 2746 ille
1386 2691 1470 2746 certe
1493 2699 1657 2766 nusquam

331 2776 486 2850 discessit,
509 2773 682 2858 intelligere
705 2777 841 2839 Cnaeum
864 2791 927 2837 non
949 2793 1017 2837 esse
1039 2771 1145 2837 faciles
1168 2773 1259 2839 nobis
1274 2795 1314 2840 ex
1333 2775 1418 2841 ltalia
1433 2779 1553 2850 exitus,
1579 2794 1655 2839 euru

293 2893 368 2938 esea
390 2880 454 2937 tota
475 2868 570 2935 armis
594 2865 821 2954 praesidiisque
843 2873 1001 2940 teneatur,
1031 2866 1135 2931 bieme
1156 2869 1350 2952 praesertim.
1392 2875 1485 2942 llam,
1514 2870 1541 2934 si
1564 2889 1656 2934 conr·

332 2965 453 3031 modius
475 2967 546 3028 anni
569 2971 690 3048 tempus
713 2971 809 3039 essct,
831 2961 881 3026 rel
904 2961 1006 3026 insero
1028 2960 1109 3026 mari
1129 2960 1237 3026 liceret
1258 2963 1312 3032 uti.
1354 2967 1440 3027 Nunc
1455 2962 1530 3028 nihil
1545 2969 1654 3050 pote-st

330 3059 391 3125 nisi
419 3077 534 3142 supero
567 3055 709 3129 tramitti,
743 3077 805 3142 quo
836 3056 896 3120 iter
924 3055 1125 3120 interclusum
1153 3063 1209 3120 est.
1262 3059 1401 3134 Quaeres
1428 3055 1524 3141 igitur
1545 3068 1577 3123 et
1613 3055 1652 3120 dc

330 3151 469 3218 Domitio
503 3159 534 3216 et
561 3149 600 3216 de
630 3149 772 3215 Lentulo.
814 3153 845 3216 2.
866 3155 892 3217 Α
913 3149 1080 3214 Brundisio
1102 3149 1185 3214 nulla
1207 3149 1308 3214 adhuc
1335 3151 1416 3215 ianm
1440 3160 1585 3227 veneram
1621 3157 1652 3212 ct

209 3325 211 3332 y
332 3259 401 3313 erat
421 3246 472 3334 hic
493 3244 558 3310 dies
581 3265 639 3311 vu.
663 3244 723 3320 nl..
755 3267 818 3330 qno
847 3245 899 3309 dic
921 3243 1156 3330 suspicabamur
1178 3256 1231 3310 aut
1252 3246 1353 3332 pridie
1375 3243 1573 3310 Brundisium
1597 3263 1652 3306 sc-

294 3343 414 3407 aonissc
435 3338 621 3407 ‘Caesarem
670 3343 746 3403 llam
775 3338 842 3404 Kal.
871 3343 962 3424 Arpis
989 3349 1154 3404 manserat.
1199 3341 1258 3404 Sed
1287 3342 1314 3405 si
1334 3345 1516 3406 Postumum
1538 3335 1649 3401 audire

330 3433 442 3507 selles,
476 3444 695 3519 persecuturus
725 3443 792 3497 erat
816 3436 960 3498 Cnaeum.
1018 3434 1177 3498 Transisse
1199 3434 1282 3499 enim
1304 3435 1366 3498 inm
1397 3431 1523 3521 putalmt
1544 3434 1650 3493 conie-

331 3536 417 3593 ctura
440 3536 655 3610 tempestatum
677 3547 712 3590 ac
734 3525 866 3591 dicrum.
909 3529 976 3610 Ego
998 3535 1107 3591 nautas
1124 3548 1195 3591 enm
1215 3549 1276 3592 non
1292 3527 1437 3614 putabam
1454 3523 1647 3598 latiturum

331 3621 383 3686 illc
405 3619 596 3693 confidebat,
619 3629 650 3684 et
671 3640 710 3685 eo
733 3620 851 3704 magis,
873 3619 959 3705 quod
980 3620 1084 3685 audita
1107 3621 1303 3687 naviculariis
1326 3621 1458 3686 horrrinis
1480 3617 1649 3684 liberalitas

332 3721 424 3778 esset.
468 3713 529 3778 Sed
551 3722 614 3779 tota
636 3735 687 3783 res
708 3713 894 3779 Brundisina
916 3713 977 3778 iam
1000 3713 1159 3799 quomodo
1182 3714 1292 3781 habeat
1312 3737 1367 3790 so,
1390 3715 1506 3781 diutius
1528 3711 1647 3776 nescire

295 3829 396 3874 senon
418 3827 556 3893 possum.

799 3923 851 3985 m
895 3922 952 4002 (n.
981 3923 1013 3986 u.
1036 3923 1068 3986 e.
1091 3923 1189 4002 705.)

816 4045 962 4111 CICERO·
980 4045 1123 4109 ATTICO
1146 4047 1178 4108 S.

418 4161 445 4223 l.
479 4161 546 4243 Ego
574 4158 631 4223 etsi
663 4156 779 4222 tamdiu
807 4155 985 4242 requiesco,
1016 4155 1163 4240 quamdiu
1190 4156 1302 4223 autad
1326 4165 1355 4222 te
1378 4155 1482 4223 scribo
1505 4165 1558 4222 aui
1581 4165 1643 4220 tuas

331 4252 449 4318 litteras
478 4253 565 4338 lego,
599 4261 703 4318 tomen
731 4261 762 4317 et
789 4251 856 4338 ipse
884 4271 962 4335 egeo
991 4263 1174 4334 argumento
1203 4252 1404 4338 epistolarum
1434 4263 1466 4316 et
1487 4251 1542 4315 tibi
1565 4249 1642 4314 idern

399 4427 426 4478 1.
455 4441 498 4490 τις
523 4425 553 4475 ds
580 4440 659 4475 εστιν
686 4425 719 4474 B.
751 4449 782 4460 -
819 4425 845 4474 3.
873 4420 1064 4489 ἅσμὲνιστον]
1091 4432 1196 4490 protum
1215 4426 1245 4476 ll.
1281 4449 1307 4459 -
1345 4425 1372 4476 4.
1392 4431 1479 4488 eperat
1499 4437 1539 4488 pr.
1559 4423 1596 4474 Μ.
1614 4445 1641 4458 -

330 4497 540 4548 3121331.-
577 4494 604 4544 6.
623 4496 701 4554 socii,
720 4489 797 4554 circs]
826 4496 945 4544 issocon
964 4500 1016 4543 tres
1034 4508 1073 4558 pr.
1094 4495 1131 4546 Μ.
1157 4516 1190 4530 -
1225 4496 1251 4545 7.
1271 4497 1418 4546 Postumius
1436 4496 1466 4545 B·
1489 4519 1517 4530 -
1555 4493 1582 4543 3.
1600 4494 1641 4542 cri·

328 4562 429 4629 pietat]
448 4567 565 4628 cupiebat
585 4565 607 4614 l.
631 4587 658 4598 -
697 4565 740 4613 10.
760 4560 816 4624 nec]
835 4579 867 4613 nc
885 4564 907 4613 1.
937 4587 968 4599 -
1005 4571 1060 4614 tom
1084 4565 1143 4615 lolli
1161 4579 1201 4629 pr.
1221 4567 1267 4626 Μ,
1288 4573 1342 4616 tom
1360 4571 1407 4615 unt
1426 4563 1485 4630 (sed
1506 4565 1590 4626 prinus
1608 4564 1642 4612 lit·

331 4642 388 4686 ters
407 4636 514 4694 deicis,
547 4641 575 4684 ut
596 4630 688 4696 sitos)
709 4633 767 4682 tclli
786 4647 856 4682 corr.
877 4634 913 4684 Μ.
938 4659 969 4668 -
1015 4637 1221 4700 montosaque
1245 4651 1300 4688 om.
1329 4651 1369 4699 pr.
1389 4635 1426 4685 Μ.
1448 4657 1478 4670 -
1517 4635 1559 4684 13.
1580 4637 1641 4682 tent
1778 4665 1779 4690 p

329 4701 603 4768 commisesunt.
626 4725 656 4740 -
695 4703 737 4752 15.
757 4699 795 4764 re]
816 4711 840 4751 te
860 4703 882 4752 l.
903 4727 934 4739 -
970 4705 1011 4755 19.
1034 4707 1132 4755 transit
1151 4719 1190 4769 pr.
1212 4705 1248 4755 Μ.
1271 4731 1299 4744 -
1326 4708 1370 4755 20.
1389 4702 1430 4767 de]
1450 4719 1482 4755 cx
1501 4703 1512 4753 l
1532 4711 1558 4754 et
1577 4717 1638 4752 corr.
1779 4712 1780 4744 t

329 4775 369 4825 Μ.
391 4799 420 4811 -
457 4775 501 4824 21.
521 4775 675 4840 inteltiqsrct
694 4773 726 4822 B.
750 4795 776 4805 ·-
816 4774 858 4823 27.
879 4775 982 4823 tramiti
1000 4788 1039 4838 pr.
1060 4775 1106 4834 Μ,
1133 4778 1279 4826 transmitti
1302 4777 1324 4826 l.
1353 4798 1379 4809 -
1417 4775 1460 4824 ee.
1484 4784 1545 4823 νιιι.
1566 4774 1639 4822 11.-
1780 4756 1781 4794 ¹

330 4846 375 4895 30.
396 4845 643 4896 Postumiumllet
661 4857 732 4892 corr.
751 4843 788 4893 Μ.
815 4867 841 4879 ·-
879 4843 921 4893 32.
942 4847 1031 4894 nautis
1050 4858 1089 4908 pr.
1110 4845 1148 4896 Μ.
1183 4868 1209 4878 -
1248 4843 1637 4910 st.tam]nnmpr.t1.on.

330 4915 434 4964 Reum
453 4927 523 4964 corr.
556 4914 593 4962 Μ.
629 4913 760 4972 (Utens,
780 4911 815 4972 l.)
838 4937 866 4948 -
902 4927 944 4972 sc,
975 4911 1081 4976 diritius]
1104 4915 1148 4964 sed
1166 4916 1248 4965 tutius
1267 4929 1306 4979 pr.
1332 4917 1370 4966 Μ.
1402 4939 1436 4950 -
1472 4916 1516 4966 35.
1535 4927 1638 4978 possum.

330 4984 388 5049 Bpo
407 4989 475 5045 (uno
494 4985 599 5042 tenore)
618 4984 654 5034 Μ.
675 5009 708 5018 -
743 4983 788 5034 33.
808 4981 866 5046 etsi]
884 4985 907 5032 si
925 4997 966 5047 pr.
987 4985 1021 5034 Μ.
1044 5009 1072 5020 -
1110 4985 1153 5034 39.
1172 4983 1243 5050 spec]
1262 4999 1309 5052 spo
1326 4986 1366 5037 Μ.
