3628 5876
585 405 661 470 LIB.
681 405 752 470 ΧΠ.
794 407 853 471 EP.
877 407 927 472 ll.
951 407 1000 470 ta.
1024 407 1074 472 13.
1460 410 1521 474 215

194 585 266 632 rum
295 561 494 649 dignitatem,
529 569 680 648 qunmurn
702 571 750 628 est
771 563 803 630 in
825 571 872 638 te,
905 571 1005 630 tuere.
1047 568 1124 630 Nam
1146 568 1260 630 Bassus
1281 564 1398 631 misere
1420 566 1521 632 noluit

194 657 270 722 milri
294 657 453 742 legionem
468 654 603 722 madere.
662 655 817 736 Quodnisi
835 655 950 723 milites
971 655 1071 722 invito
1091 678 1131 722 eo
1152 657 1272 742 legatos
1292 657 1331 723 ad
1350 680 1399 726 me
1419 659 1523 726 misis-

195 761 279 826 sent,
302 751 438 816 clausam
460 755 628 836 Apameam
649 751 814 826 tenuisset,
836 749 940 837 quoad
962 751 993 817 vi
1014 760 1096 816 esset
1120 761 1308 838 expugnata.
1350 756 1435 817 Haec
1454 774 1471 818 a
1489 760 1520 818 to

194 854 269 934 peto
292 845 476 910 nouaclum
499 844 548 910 rei
565 842 727 930 publicae,
751 865 832 931 quae
851 843 910 908 tibi
928 865 1054 932 semper
1073 844 1131 910 suit
1149 845 1326 919 carissima,
1349 844 1405 910 sed
1427 845 1520 910 eliam

196 939 350 1008 amicitiae
362 946 487 1004 nostrae
509 938 651 1014 nomine,
675 960 769 1026 quam
784 937 908 1004 conlido
929 937 1013 1024 apud
1027 948 1058 1004 te
1070 938 1238 1025 plurimum
1251 959 1353 1025 posse.
1375 942 1407 1005 4.
1419 938 1543 1005 Credon

196 1032 272 1098 mihi
290 1032 374 1098 hunc
398 1031 589 1106 exercitum,
612 1053 706 1118 quem
729 1031 850 1106 habeo,
873 1043 998 1097 senatus
1017 1043 1110 1119 atque
1138 1033 1248 1119 optimi
1272 1033 1426 1119 cuiusque
1451 1053 1520 1098 esse

197 1127 395 1212 maximeque
420 1133 527 1201 tuum;
553 1123 592 1190 de
613 1127 702 1192 cuius
729 1127 887 1192 voluntate
912 1125 1037 1192 assidue
1063 1125 1220 1191 audiendo
1242 1126 1373 1192 mirifice
1390 1135 1420 1190 te
1449 1125 1520 1190 dili·

197 1221 242 1306 git
263 1239 435 1304 carumque
457 1217 560 1284 habet.
612 1221 675 1298 Qui
699 1220 726 1286 si
753 1219 950 1290 intellexerit,
965 1221 1130 1286 commoda
1152 1241 1207 1284 sua
1230 1241 1324 1285 curae
1351 1219 1407 1286 tibi
1430 1241 1518 1294 esse,

196 1314 312 1380 debere
332 1314 425 1380 etiam
448 1334 481 1378 se
503 1311 561 1378 tibi
587 1315 691 1379 omnia
717 1312 847 1400 putabit.
891 1320 921 1380 5.
943 1314 1068 1380 Litteris
1094 1314 1218 1401 scriptis
1241 1313 1348 1380 audivi
1372 1312 1520 1379 Dolabel-

194 1408 257 1474 lam
278 1409 310 1474 in
334 1407 474 1474 Ciliciam
499 1408 622 1474 venisse
642 1429 714 1475 cum
741 1408 806 1474 suis
829 1408 939 1495 copiis.
981 1407 1166 1474 Proficiscar
1185 1409 1218 1474 in
1239 1408 1390 1476 Ciliciam.
1434 1406 1557 1484 Quidta

196 1502 337 1588 egerim,
371 1501 516 1568 celeriter
536 1510 572 1567 ut
601 1507 695 1578 scias,
732 1500 814 1568 dabo
839 1521 979 1589 operam.
1021 1509 1067 1568 Ac
1091 1503 1207 1576 velim,
1239 1512 1274 1568 ut
1297 1525 1458 1569 meremur
1479 1501 1519 1569 de

195 1617 232 1661 re
253 1594 393 1683 publicu,
431 1595 476 1661 sic
503 1594 611 1661 felices
633 1594 743 1662 simus.
794 1601 856 1662 Fae
883 1597 988 1664 valeas
1013 1617 1126 1684 meque
1148 1617 1245 1662 ames.
1295 1596 1392 1662 Nonis
1413 1595 1519 1672 Maiis,

195 1709 237 1757 ex
263 1689 385 1756 castris.

651 1831 740 1898 x111.
782 1829 832 1914 (A.
858 1832 891 1896 u.
913 1832 945 1896 e.
967 1829 1057 1910 711.)

488 1921 507 2054 (
526 1955 559 2019 e.
582 1955 737 2019 cassus
761 1956 800 2030 Q.
823 1956 854 2018 s
876 1957 913 2018 o.
936 1956 977 2017 u.
1000 1954 1194 2020 crannum.
1217 1929 1238 2055 1
1532 1959 1558 2003 a

282 2068 312 2132 1.
354 2067 385 2131 S.
408 2069 447 2133 V.
467 2069 503 2130 B.
524 2069 560 2131 Ε.
583 2070 620 2132 V.
664 2068 742 2132 Cum
762 2063 812 2131 rei
833 2062 977 2151 publicae
1009 2064 1059 2131 vel
1084 2064 1182 2131 salute
1210 2066 1260 2131 vel
1290 2065 1423 2133 victoria
1444 2087 1520 2154 gau·

196 2159 326 2234 demus,
355 2167 422 2225 tum
450 2158 676 2225 instauratione
712 2168 837 2224 tuarum
868 2156 1011 2232 laudum,
1049 2158 1135 2245 quod
1167 2159 1322 2224 maximus
1347 2160 1521 2228 consularis

195 2251 367 2318 maximum
392 2252 554 2318 consulem
576 2261 606 2316 te
627 2252 694 2338 ipse
716 2251 832 2326 vicisti,
856 2259 886 2316 et
905 2251 1058 2318 laetamur
1077 2262 1109 2318 et
1129 2252 1238 2318 mirari
1268 2253 1344 2318 satis
1362 2274 1425 2319 non
1447 2273 1522 2339 pos·

196 2366 315 2410 sumus.
369 2347 474 2412 Fatale
502 2346 607 2411 nescio
631 2345 707 2434 quid
733 2356 804 2411 tuae
827 2346 938 2412 virtuti
965 2345 1085 2422 datum,
1107 2345 1141 2412 id
1164 2345 1251 2434 quod
1270 2368 1364 2434 saepe
1385 2347 1448 2412 iam
1465 2367 1522 2412 ex-

195 2441 279 2526 perti
299 2461 416 2507 sumus.
459 2445 514 2506 Est
537 2440 621 2505 enim
639 2450 691 2506 tua
712 2448 783 2525 toga
806 2444 947 2506 omnium
967 2441 1064 2507 armis
1082 2439 1225 2519 felicior;
1248 2463 1328 2528 quae
1344 2461 1426 2506 nunc
1441 2459 1558 2526 quo-so

195 2555 258 2621 que
283 2532 375 2599 nobis
405 2554 508 2620 paene
539 2533 652 2599 victam
685 2555 753 2598 rem
774 2532 940 2620 publicam,
954 2556 995 2600 ex
1017 2534 1160 2601 manibus
1183 2536 1319 2602 hostium
1345 2534 1461 2621 eripuit
1485 2555 1521 2598 ac

111 2613 120 2634 “
195 2625 343 2691 reddidit.
385 2630 472 2692 Nunc
504 2647 581 2714 ergo
603 2627 745 2694 vivemus
773 2626 886 2706 liberi;
923 2649 1005 2693 nunc
1025 2637 1072 2705 te,
1106 2633 1247 2694 omnium
1278 2629 1415 2693 maxime
1442 2627 1521 2694 civis

196 2729 229 2786 ct
259 2720 337 2786 milri
369 2721 529 2788 carissime
559 2755 596 2768 -
628 2720 662 2786 id
693 2720 779 2810 quod
801 2722 946 2787 maximis
968 2721 1182 2809 reipublicae
1205 2722 1343 2788 tenebris
1365 2722 1521 2808 comperi·
1641 2771 1644 2780 .

195 2815 236 2880 sti
258 2807 317 2890 -',
339 2826 474 2881 nuncto
496 2813 681 2882 habebimus
703 2824 814 2881 testem
840 2815 940 2882 nostri
963 2825 994 2881 et
1014 2815 1047 2880 in
1070 2824 1100 2881 te
1122 2826 1153 2881 ct
1179 2815 1210 2882 in
1235 2815 1520 2882 coniunctissimam

196 2907 256 2974 tibi
281 2906 525 2996 rempublicam
553 2910 685 2988 amorim
709 2918 756 2984 et,
780 2929 861 2995 quae
883 2929 976 2994 saepe
993 2908 1150 2994 pollicitus
1171 2931 1205 2975 es
1229 2918 1259 2974 te
1282 2917 1313 2974 et
1336 2909 1558 2982 taciturnum

196 3003 274 3070 dum
295 3003 502 3080 serviremus,
532 3012 564 3068 et
585 3002 744 3068 dictumm
768 3001 807 3067 de
833 3023 884 3066 me
908 3010 995 3076 tum,
1025 3022 1096 3066 cum
1117 3001 1193 3067 milri
1211 3003 1378 3088 profutura
1399 3009 1519 3076 essent,

196 3119 280 3164 nunc
301 3097 354 3163 illa
379 3118 441 3162 non
470 3117 530 3183 ego
558 3095 686 3184 quidem
710 3094 772 3160 dici
797 3104 881 3160 tanto
911 3115 1009 3180 opere
1035 3093 1221 3161 desiderabo
1247 3117 1341 3182 quam
1365 3094 1475 3160 sentiri
1503 3115 1520 3160 a

197 3203 228 3260 te
249 3193 331 3280 ipso.
373 3196 481 3278 Neque
498 3191 582 3256 enim
599 3189 738 3256 omnium
759 3189 877 3255 iudicio
898 3188 1005 3254 malim
1026 3210 1077 3254 me
1096 3209 1115 3254 a
1136 3197 1166 3254 te
1181 3188 1403 3264 commendari,
1426 3210 1521 3276 quam

197 3287 265 3375 ipse
284 3296 339 3353 tuo
361 3285 479 3352 iudicio
500 3285 595 3372 digne
620 3305 656 3350 ac
678 3305 806 3350 mereor
825 3283 1060 3350 commendatus
1081 3305 1166 3363 esse;
1196 3294 1232 3351 ut
1252 3284 1331 3349 haec
1351 3282 1521 3349 novissima

197 3391 305 3446 nostra
326 3379 406 3445 lacta
429 3402 493 3446 non
513 3380 615 3447 subita
634 3399 693 3444 nec
718 3377 953 3453 convenientia,
976 3376 1032 3443 sed
1055 3377 1168 3443 similia
1190 3378 1250 3443 illis
1269 3374 1521 3462 cogitationibus,
1531 3393 1558 3433 m

198 3494 332 3561 quarum
351 3481 385 3539 tu
410 3473 497 3540 testis
519 3495 568 3550 es,
591 3472 687 3540 luisse
707 3470 825 3538 iudices
850 3493 965 3560 meque
991 3471 1030 3537 ad
1052 3473 1202 3558 optimam
1219 3493 1306 3560 spcm
1324 3470 1444 3558 patriae
1458 3491 1522 3535 non

198 3567 364 3632 minimum
386 3566 443 3634 tibi
473 3568 535 3654 ipsi
565 3565 804 3654 producendum
829 3575 931 3654 putes.
973 3571 1003 3633 2.
1026 3565 1205 3642 Surculi,
1242 3571 1283 3632 Μ.
1306 3564 1401 3638 Tulli,
1430 3562 1522 3628 liberi

198 3661 432 3749 propinquique
455 3661 540 3747 digni
556 3661 684 3749 quidem
703 3670 733 3726 te
754 3670 786 3727 et
806 3660 921 3726 merito
938 3660 996 3727 tihi
1014 3660 1185 3738 carissimi;
1208 3681 1276 3726 csse
1299 3660 1393 3725 etiam
1409 3657 1524 3724 debent

198 3755 232 3820 in
256 3753 437 3841 republica
465 3755 611 3842 proxime
642 3754 700 3820 hos
722 3755 805 3830 cari,
842 3753 897 3842 qui
931 3755 1109 3821 studiorum
1139 3765 1267 3822 tuorum
1296 3763 1369 3819 sunt
1391 3752 1522 3828 aemuli,

199 3870 336 3936 quornm
372 3871 442 3915 esse
475 3849 567 3936 cupio
601 3847 659 3914 tihi
688 3849 827 3934 copiam:
858 3847 914 3915 sed
938 3858 1042 3915 tamon
1078 3870 1142 3914 non
1177 3848 1313 3914 maxima
1349 3867 1399 3912 me
1431 3844 1561 3912 tubae

198 3952 276 4030 puto
303 3942 449 4020 excludi,
486 3965 549 4032 quo
575 3943 679 4008 minus
705 3942 760 4008 tibi
792 3950 881 4008 vacet
908 3964 960 4008 me
986 3944 1134 4029 excipere
1155 3954 1186 4009 et
1214 3941 1254 4007 ad
1285 3943 1404 4018 omnia,
1442 3963 1523 4030 quae

199 4035 278 4101 velis
300 4044 332 4101 et
350 4035 482 4123 probes,
504 4037 691 4124 producere.
732 4036 878 4103 Animum
898 4035 956 4102 tihi
977 4048 1120 4104 nostrum
1143 4036 1275 4102 fortasse
1300 4034 1523 4122 probavimus;

199 4130 362 4216 ingenium
383 4129 503 4196 diutina
525 4131 659 4195 servitus
684 4139 791 4205 certe,
814 4129 1030 4217 qualecunque
1053 4137 1115 4206 est,
1148 4129 1252 4196 minus
1276 4137 1400 4203 tamen,
1430 4147 1525 4214 quam

200 4235 284 4302 erat,
307 4247 397 4311 passa
417 4234 465 4290 est
487 4223 599 4289 videri.
650 4228 680 4290 3.
703 4229 766 4289 Nos
790 4245 830 4290 ex
849 4245 907 4290 ora
931 4224 1087 4290 maritima
1111 4223 1203 4288 Asiae
1227 4223 1409 4309 provinciae
1431 4230 1462 4286 et
1484 4241 1525 4284 ex

200 4317 311 4384 insulis
329 4340 407 4406 quas
424 4318 583 4400 potuimus
606 4338 700 4382 navos
722 4315 926 4396 deduximus3
950 4317 1104 4384 delectum
1121 4317 1293 4403 remigum,
1317 4336 1428 4402 magna
1451 4335 1522 4378 con·
1535 4329 1562 4367 ⁴⁰

200 4413 335 4478 tumacia
356 4412 546 4486 civitatium,
569 4420 672 4477 tamen
686 4412 760 4477 satis
781 4411 926 4478 celeriter
948 4411 1129 4490 habuimus;
1152 4411 1251 4477 secuti
1269 4431 1377 4475 sumus
1395 4408 1524 4473 classem

271 4628 452 4683 1311111111.
472 4655 502 4667 -
541 4630 585 4680 15.
605 4629 637 4692 Q.
656 4643 712 4681 om.
733 4629 764 4679 E.
786 4651 818 4666 -
854 4629 897 4680 13.
915 4630 1045 4692 possimus
1062 4627 1101 4681 dl.
1122 4651 1154 4664 -·
1190 4625 1429 4691 lt.taqooat1:
1449 4623 1526 4688 idque

203 4700 235 4751 ll.
258 4725 290 4736 -·
328 4701 374 4752 33.
405 4701 529 4750 mctmo
553 4713 615 4750 oum
641 4699 757 4750 Graevlo
781 4699 817 4749 ll:
844 4701 959 4750 mommo
983 4699 1022 4750 ll.
1048 4722 1079 4734 -
1115 4697 1161 4748 13.
1180 4699 1262 4748 serula
1279 4708 1377 4747 erem
1393 4693 1440 4755 M,
1458 4693 1527 4744 retal

202 4784 312 4822 erremus
329 4771 360 4821 B.
382 4794 412 4806 -
449 4771 493 4820 29.
512 4771 564 4832 ipsi
583 4769 701 4820 malebat
718 4769 867 4819 Ernestlur.
891 4794 919 4807 -·
950 4783 981 4819 oc
998 4782 1098 4819 mereor
1114 4773 1240 4832 suspecta
1259 4765 1383 4817 Ernestio
1400 4771 1427 4815 et
1444 4763 1527 4814 Grae-

203 4845 273 4891 toro.
311 4839 364 4891 Sed
390 4839 441 4890 clr.
470 4839 549 4890 Haud
568 4841 646 4890 Tura.
667 4841 689 4890 1.
710 4852 736 4902 p.
763 4839 826 4889 4¹12.
858 4862 891 4878 -
927 4839 971 4889 30.
991 4840 1171 4890 convenientia
1193 4839 1241 4890 ll:
1268 4836 1477 4887 denominatio
1495 4833 1525 4886 ll.

204 4907 439 4975 (disconvenientia
458 4909 512 4960 dno
525 4910 610 4961 codd.
631 4906 770 4972 ldanutii.)
798 4931 826 4944 -
865 4909 909 4960 35.
927 4911 1074 4960 maximam
1091 4923 1104 4960 e
1122 4909 1202 4960 turdo
1218 4907 1306 4961 11·-
1342 4903 1387 4955 37.
1404 4905 1528 4969 prodant

202 4994 343 5102 :affl
361 4980 490 5102 grando
511 4981 554 5032 Ra
578 4981 748 5044 praecitatus
764 4977 803 5032 ll.
838 5002 866 5016 -
903 4979 949 5032 40.
967 4981 1089 5032 dtuetm
1105 4979 1220 5032 1111-
1253 4975 1299 5028 tt.
1317 4977 1463 5028 ctottottum
1481 4974 1527 5028 Ha
