3662 5908
418 411 493 474 Llll.
515 409 598 474 Xltt.
641 411 700 474 ΕΡ.
721 411 774 476 06.
795 412 846 476 37.
869 411 920 476 38.
941 410 992 476 39.
1013 409 1066 475 40.
1086 412 1140 477 41.
1159 412 1212 477 42.
1232 413 1287 477 40.
1449 415 1509 480 251

661 571 726 634 xc.
769 569 822 650 (A.
848 571 881 635 o.
903 570 935 634 o.
957 571 1047 652 eoos

398 694 440 756 Μ.
463 691 605 757 CICERO
628 693 660 755 S.
680 693 718 755 Ι).
741 692 780 768 Q.
801 692 1002 757 ANCHARIO
1025 693 1064 769 Q.
1085 694 1119 758 F.
1140 693 1306 760 9110006.

249 805 312 870 ’1..
345 811 377 870 et
405 805 439 868 0.
466 800 612 868 Aurelios
624 773 675 899 ll..
696 801 791 886 lilios,
828 801 943 891 quibus
969 802 1031 868 eti
1054 803 1097 868 sis
1118 813 1149 870 et
1170 812 1258 891 patre
1280 825 1410 883 eornm,
1441 807 1513 875 viro
1578 813 1646 893 ,3,
1671 800 1697 880 e'

193 888 331 983 optimo,
363 881 604 962 familiarissime
635 904 725 970 ntor,
746 895 948 976 (commendo
968 824 1196 974 tibiimaiorem
1219 898 1251 962 in
1273 899 1416 977 modum,
1439 892 1516 968 affit-

194 991 345 1076 lescontes
368 990 513 1056 omnibus
532 989 657 1076 optimis
679 988 798 1057 artibus
817 999 959 1067 ornatos,
982 1011 1069 1057 meos
1082 993 1350 1077 pernecessarios,
1374 995 1540 1062 tueamia
1619 1007 1640 1082 A

194 1086 266 1150 citia
296 1083 505 1170 dignissimos.
556 1084 589 1148 Si
617 1084 678 1150 ulla
708 1106 778 1151 mea
805 1085 888 1172 apud
916 1095 947 1151 te
975 1083 1203 1151 commendatio
1233 1086 1398 1153 valuit-
1431 1087 1518 1174 quod

195 1179 260 1244 scio
282 1179 395 1244 multas
424 1178 593 1263 plurimum
623 1179 757 1245 valuisse
779 1212 834 1254 -,
857 1179 934 1244 baec
954 1188 988 1245 nt
1009 1179 1124 1254 valeat,
1160 1200 1250 1266 rogo.
1305 1180 1428 1259 Quodsi
1461 1203 1517 1249 eos

194 1270 368 1337 honorilice
400 1270 632 1360 liberaliterque
660 1272 818 1348 tractaris,
848 1282 880 1339 et
900 1269 958 1338 tibi
979 1273 1173 1359 gratissimos
1194 1273 1392 1363 optimosque
1412 1271 1519 1342 adolo-

195 1372 317 1430 scentes
338 1363 520 1431 adiunxeris
540 1373 572 1431 et
593 1365 670 1432 milri
690 1365 901 1453 gratissimum
922 1365 1045 1433 leceris.

578 1509 660 1573 XLI.
702 1507 754 1588 (A.
781 1509 813 1572 tl.
836 1510 868 1573 0.
893 1511 956 1574 694
975 1511 1022 1572 oel
1041 1504 1127 1594 695.)
1528 1538 1553 1576 ιι

639 1629 782 1696 01011110
805 1631 1011 1696 CULLEOLO
1034 1633 1066 1695 S.

282 1746 309 1808 l.
345 1743 433 1819 Quae
462 1739 563 1807 fecisti
589 1746 624 1806 L.
645 1741 770 1808 Lucceii
802 1763 913 1816 causa,
947 1741 1028 1808 scire
1050 1750 1082 1808 te
1103 1742 1195 1828 plane
1215 1741 1310 1820 volo,
1342 1752 1374 1810 te
1395 1743 1513 1811 bomini

195 1835 374 1922 gratissimo
403 1835 634 1912 commodasse;
672 1845 794 1902 etcum
816 1835 892 1922 ipsi,
921 1835 1138 1923 praefecisti,
1174 1847 1318 1924 pergrata
1339 1846 1428 1913 sunt,
1449 1848 1515 1906 tum

196 1931 382 2018 Pompeius,
405 1928 653 2016 quotiescunque
675 1951 725 1994 me
747 1929 893 1996 videt-
919 1930 1006 1997 videt
1025 1941 1130 1998 autern
1152 1952 1245 2018 saepe
1267 1964 1308 1978 -
1329 1933 1443 2019 gratias
1458 1932 1514 2000 tibi

196 2025 259 2110 agit
280 2023 463 2111 singulares.
505 2023 596 2090 Addo
625 2023 718 2090 etiam
739 2023 830 2099 illud,
867 2023 953 2110 quod
975 2023 1032 2091 tibi
1053 2024 1312 2092 iucundissimum
1333 2048 1402 2094 esse
1427 2036 1515 2094 certo
1531 2050 1555 2086 u

197 2118 280 2195 scio,
312 2139 363 2182 me
390 2119 493 2203 ipsum
526 2139 567 2184 ex
596 2127 649 2184 tua
677 2139 752 2204 erga
780 2117 949 2184 Lucceium
975 2117 1166 2204 benignitate
1193 2120 1331 2188 maxima
1358 2121 1516 2209 voluptate

196 2212 288 2280 affici.
342 2218 372 2279 2.
396 2211 490 2291 Quod
511 2220 668 2299 superest,
701 2233 892 2301 quamquam
913 2211 990 2278 mibi
1010 2233 1074 2278 non
1096 2221 1143 2278 est
1170 2211 1314 2287 dubium,
1347 2215 1423 2301 quin
1444 2236 1514 2282 cum

196 2316 286 2374 antea
315 2317 422 2374 nostra
457 2327 570 2380 cause,
606 2327 688 2372 nnnc
715 2307 777 2372 iam
805 2307 898 2372 etiam
926 2315 998 2374 tuae
1019 2307 1209 2374 constantiae
1231 2308 1329 2393 gratia
1350 2329 1516 2376 mansurus

196 2401 241 2466 sis
274 2401 307 2466 in
339 2399 448 2467 eadem
478 2401 537 2466 ista
565 2398 766 2475 liberalitate,
801 2411 905 2466 tamen
933 2400 1042 2468 abste
1066 2401 1268 2467 vebementer
1298 2407 1391 2469 etiam
1424 2412 1516 2490 atque

197 2495 292 2562 etiem
313 2504 404 2582 peto,
436 2503 471 2562 ut
492 2516 545 2569 ee,
579 2516 659 2581 qnae
685 2493 777 2560 initio
803 2495 984 2570 ostendisti,
1012 2495 1161 2581 deinceps
1187 2495 1302 2572 fecisti,
1337 2494 1377 2561 ad
1398 2495 1517 2562 exitum
1532 2523 1560 2559 aa

198 2589 307 2676 augeri
335 2599 367 2654 et
387 2588 540 2655 cumulari
562 2608 620 2674 per
651 2598 682 2653 te
702 2588 791 2655 velis.
844 2588 880 2655 ld
901 2599 934 2655 et
953 2589 1087 2656 Lucceio
1110 2599 1141 2655 et
1161 2590 1312 2676 Pompeio
1333 2588 1423 2655 valde
1444 2610 1517 2675 gra-

199 2694 265 2750 tum
286 2682 357 2750 lore
379 2693 473 2772 teque
495 2683 579 2770 apud
601 2703 656 2748 eos
677 2682 837 2768 praeclare
858 2683 1036 2770 positurum
1058 2682 1209 2749 confirmo
1231 2691 1264 2748 et
1284 2683 1434 2769 spondeo.
1470 2686 1517 2748 De

197 2799 235 2845 re
266 2777 391 2864 publica
421 2778 523 2865 deque
551 2777 599 2843 his
631 2775 764 2863 negotiis
796 2776 1100 2863 cogitationibusque
1128 2777 1243 2842 nostris
1274 2775 1517 2863 perscripseram

197 2871 239 2938 ad
250 2882 281 2938 te
299 2871 466 2958 diligenter
478 2871 585 2958 paucis
596 2880 666 2938 ante
678 2869 788 2937 diebus
800 2891 915 2957 easque
926 2871 1044 2936 litteras
1055 2870 1201 2936 dederam
1212 2870 1320 2957 pueris
1331 2869 1402 2935 tuis.
1431 2869 1518 2935 Vale.

574 3014 672 3078 XLII.
709 3011 768 3092 (A.
798 3013 830 3076 0.
851 3013 970 3104 0.,694
994 3012 1151 3092 setoso.)

464 3129 506 3191 Μ.
529 3125 672 3191 CICERO
694 3127 725 3188 S.
747 3127 785 3188 1).
806 3126 841 3187 L.
865 3123 1071 3190 CULLEOLO
1093 3122 1258 3189 PROCOS.

285 3242 314 3305 1.
335 3241 370 3304 L.
392 3241 542 3303 Lucceius
564 3257 670 3310 meus,
691 3235 787 3320 homo
808 3235 949 3300 omniurn
967 3233 1182 3320 gratissimus,
1203 3231 1350 3300 mirificas
1365 3230 1422 3298 tibi
1436 3232 1518 3320 apud
1632 3233 1656 3322 ,ζ

199 3355 250 3401 me
279 3333 394 3419 gratias
427 3333 506 3419 egit,
543 3353 614 3397 cnm
640 3329 759 3396 diceret
783 3329 889 3395 omnia
919 3337 949 3394 te
978 3328 1219 3394 cumulatissime
1247 3338 1279 3394 et
1304 3324 1520 3392 liberalissimo

199 3425 460 3515 procuratoribus
480 3427 545 3493 suis
566 3425 738 3512 pollicitum
760 3443 839 3490 esse.
882 3427 961 3490 Cum
976 3422 1080 3488 oratio
1103 3430 1154 3488 tua
1176 3431 1238 3487 mm
1261 3422 1291 3488 ei
1312 3433 1398 3508 grata
1412 3421 1517 3495 luerit,

200 3545 295 3612 φιιιιι
316 3530 436 3609 gratam
457 3541 525 3586 rem
546 3519 646 3606 ipsam
668 3517 828 3584 existimas
849 3515 936 3593 lore,
958 3538 1048 3590 curn,
1070 3527 1106 3583 ut
1125 3536 1238 3602 spero,
1261 3536 1341 3604 qnae
1362 3515 1520 3603 pollicitus
1534 3535 1558 3570 ..a

201 3639 251 3691 es,
287 3616 420 3682 lecerist
469 3613 605 3681 Omnino
626 3612 829 3679 ostenderunt
849 3611 1008 3678 Bulliones
1029 3631 1098 3676 sese
1119 3609 1254 3676 Lucceio
1275 3610 1417 3696 Pompeii
1438 3610 1523 3676 arbi-

201 3718 283 3776 tratu
297 3709 520 3775 satisfacturos.
543 3711 573 3772 2.
589 3704 650 3772 Sed
665 3705 865 3772 vehementer
879 3726 960 3792 opus
975 3713 1022 3772 est
1032 3703 1123 3771 nobis
1135 3713 1166 3769 et
1176 3704 1366 3770 voluntatem
1376 3713 1408 3769 et
1418 3715 1524 3770 ancto-

200 3805 324 3870 ritatem
339 3812 371 3869 et
384 3801 551 3888 imperium
568 3809 655 3884 tuum
672 3799 831 3866 accedere.
879 3799 973 3878 Quod
988 3809 1022 3867 ut
1035 3799 1147 3874 facias,
1163 3807 1194 3863 te
1211 3797 1305 3864 etiem
1323 3807 1415 3885 atque
1430 3797 1521 3863 etiam
1630 3773 1650 3840 ’1

201 3920 292 3986 rogo.
313 3895 456 3984 Illudque
469 3895 545 3962 mibi
555 3894 767 3980 gratissimum
778 3903 834 3970 est,
856 3893 941 3982 qnod
952 3895 995 3959 ita
1009 3893 1112 3982 sciunt
1123 3890 1249 3959 Lucceii
1260 3901 1482 3978 procuratores
1493 3901 1524 3956 et
1617 3891 1650 3974 ἡ(

201 3995 244 4060 ita
265 3993 416 4061 Lucceius
437 3989 506 4078 ipse
528 4011 568 4055 ea
589 3989 700 4060 litteris
722 3989 804 4064 tuis,
841 4010 918 4076 quas
939 3988 980 4054 ad
1001 4010 1075 4055 eum
1097 3985 1223 4062 misisti,
1259 3986 1429 4060 intellexit,
1465 3982 1561 4049 bo-sa

202 4087 295 4154 minis
317 4085 432 4152 nullius
453 4083 537 4172 apud
557 4092 588 4149 te
609 4082 826 4150 anctoritatem
849 4093 903 4150 aut
923 4083 1054 4169 gratiam
1076 4080 1181 4149 salem
1202 4079 1272 4167 plns
1293 4101 1388 4167 quam
1409 4097 1522 4143 meam.

202 4181 238 4248 ld
259 4189 295 4247 ut
314 4201 350 4245 re
373 4179 571 4268 experiatur,
593 4178 708 4243 iterum
729 4185 761 4240 et
782 4177 905 4263 saepius
926 4186 957 4242 te
977 4195 1069 4262 rogo.

603 4321 717 4386 narrt.
759 4317 849 4400 (aaa
873 4317 910 4381 ι.
936 4312 1021 4382 oc.
1044 4314 1134 4398 ιιι.)

587 4441 793 4508 Μ.0100110
817 4441 980 4518 QUlNTlO
1004 4437 1145 4503 GALLO.

293 4563 320 4625 1.
352 4555 419 4624 Etsi
447 4554 590 4642 plurimis
617 4552 713 4620 rebus
743 4572 838 4639 spero
867 4549 953 4627 iore,
986 4559 1021 4616 ut
1041 4547 1230 4636 perspiciam
1251 4581 1291 4593 -
1313 4543 1399 4633 quod
1419 4552 1561 4610 tomento

203 4652 390 4740 iampridem
412 4649 570 4738 perspicio
591 4685 632 4696 -
653 4667 704 4713 me
725 4669 743 4713 a
764 4659 795 4712 te
817 4645 931 4721 amam,
952 4655 1056 4710 tamen
1077 4661 1160 4707 nnnc
1180 4662 1218 4707 ea
1236 4661 1330 4706 cansa
1344 4637 1401 4705 tibi
1416 4635 1525 4712 datur,

204 4765 1525 4804 ’,Μ-

275 4847 319 4900 1³.
337 4845 525 4897 commendem
542 4839 580 4891 Μ.
603 4863 630 4874 -
657 4838 700 4888 tr.
718 4833 791 4902 quta]
811 4838 858 4902 qut
876 4836 914 4888 tta.
935 4863 967 4874 -
1002 4836 1047 4886 20.
1066 4834 1183 4897 deinceps
1200 4831 1229 4884 Μ
1239 4846 1247 4882 a
1266 4831 1431 4895 deincepsque
1447 4829 1477 4880 ll.
1492 4849 1526 4866 -

204 4918 250 4970 24.
274 4918 335 4968 Vale
353 4931 407 4966 orn.
429 4914 459 4964 ll.
478 4937 512 4946 -
547 4911 592 4961 20.
612 4904 800 4971 CVLLEOLO!
819 4907 925 4958 Lucceio
944 4906 980 4958 Μ.
999 4928 1030 4942 -
1066 4905 1110 4955 91.
1130 4903 1262 4968 Bplllonea
1279 4901 1445 4958 Lambinus,
1465 4899 1526 4963 opt

205 4989 336 5040 lideaaeso
349 4987 432 5037 Codd.
449 4985 531 5046 segg.
544 4979 742 5030 Lallemandns.
762 5002 792 5014 -
808 4977 851 5028 39.
866 4978 974 5040 Quintio
983 4976 1070 5029 Gellio
1080 4974 1121 5035 Μ,
1132 4974 1163 5038 Q.
1179 4973 1296 5024 Gellioli
1309 4976 1335 5021 et
1349 4971 1396 5032 Va,
1407 4972 1438 5034 Q.
1449 4969 1526 5022 Gallo

205 5059 364 5112 Cratander.
383 5080 410 5091 -
439 5055 483 5104 et.
501 5060 588 5102 taenea
603 5063 672 5099 auae
684 5064 715 5100 ec
729 5049 787 5100 ott:
810 5055 897 5100 tomen
912 5061 970 5099 meo
981 5047 1018 5108 Μ,
1032 5053 1120 5098 tomen
1131 5058 1163 5095 eo
1181 5043 1213 5101 V,
1230 5041 1302 5108 qaod
1320 5040 1423 5092 maltm.
1443 5041 1524 5092 naar.

1530 3067 1558 3102 00
