3628 5876
614 451 689 515 Lm.
709 451 779 514 ΧΠ.
820 451 880 514 ΕΡ.
899 450 931 513 d.
953 448 984 512 d.
1007 449 1036 512 b.
1059 447 1090 512 6.
1445 447 1505 514 dli

189 617 307 686 Bruto,
343 629 407 698 quo
435 608 567 696 propius
600 617 665 682 est,
699 627 738 672 eo
761 604 899 671 firmiora
922 605 1068 671 videntur
1088 625 1181 679 esse,
1212 625 1295 692 quae
1315 605 1507 673 nuntiantur.

189 705 351 772 Dolabella
372 702 463 769 valde
484 700 721 788 vituperabatur
740 698 779 764 ab
802 698 981 766 bominibus
1002 720 1066 764 non
1087 697 1229 772 insulsis,
1261 698 1347 785 quod
1369 699 1424 765 tibi
1446 710 1509 764 tam

189 798 253 866 olto
281 796 478 874 succederet,
511 818 583 863 cum
619 805 653 862 tu
679 794 811 860 vixdum
831 793 956 878 triginta
979 792 1045 858 dies
1070 793 1104 858 in
1125 793 1214 881 Syria
1237 793 1358 860 luisses.
1401 798 1509 880 Itaque

190 890 351 958 constabat
381 913 455 957 eum
476 891 575 978 recipi
603 891 638 956 in
664 889 785 978 Syriam
810 909 873 954 non
894 895 1052 973 oportere.
1110 890 1237 953 Summa
1264 887 1332 953 laus
1353 897 1384 952 et
1405 895 1457 952 tua
1480 896 1510 951 et

190 985 279 1052 Bruti
299 994 360 1059 est,
384 985 470 1073 quod
490 985 663 1052 exereitum
683 994 810 1070 praeter
829 1001 916 1068 spem
944 979 1163 1046 existimamini
1188 1000 1396 1067 comparasse.
1427 981 1533 1045 Scri-s

191 1078 299 1145 berem
321 1080 428 1166 plura,
462 1080 490 1146 si
511 1100 580 1144 rem
602 1095 790 1162 causamque
811 1095 947 1142 nossem.
990 1077 1078 1139 Nunc
1100 1095 1180 1161 quae
1201 1073 1321 1150 scribo,
1344 1073 1448 1140 scribo
1470 1095 1510 1139 ex

192 1173 340 1261 opinione
360 1173 524 1240 bominum
545 1181 638 1262 atque
659 1172 752 1237 lama.
796 1174 878 1234 Tuas
898 1169 1018 1234 litteras
1039 1167 1129 1234 avido
1151 1178 1309 1255 exspecto.
1353 1169 1438 1236 Vale.

681 1315 1024 1403 umnam)

678 1431 820 1500 oceno
843 1432 980 1497 ctssro
1003 1433 1034 1496 s,

278 1555 307 1616 1.
328 1549 471 1616 Hiemem
493 1548 590 1615 eredo
613 1548 716 1616 adbuc
743 1548 958 1637 prohibuisse,
980 1572 1044 1639 quo
1065 1551 1168 1618 minus
1190 1551 1229 1619 de
1251 1561 1283 1620 te
1312 1563 1432 1620 certum
1458 1554 1551 1620 ba-te

108 1635 113 1644 ’
192 1643 353 1718 beremus,
377 1642 453 1730 quid
471 1661 581 1728 ageres
602 1645 803 1732 maximeque
821 1643 877 1710 ubi
902 1666 997 1712 esses.
1039 1645 1266 1732 Loquebantur
1287 1669 1395 1714 omnes
1409 1658 1513 1714 nmen

193 1773 234 1786 —
256 1737 368 1813 credo,
390 1736 475 1824 quod
496 1737 642 1804 volebant
664 1775 699 1786 -
725 1739 759 1805 in
781 1739 871 1827 Syria
891 1746 922 1805 te
944 1759 1029 1814 esse,
1052 1739 1168 1806 babere
1191 1741 1308 1827 copias.
1350 1741 1386 1808 Id
1410 1753 1514 1809 autem

193 1850 234 1900 eo
252 1833 374 1900 facilius
398 1828 604 1902 credebatur.
638 1832 712 1918 quia
733 1833 835 1898 simile
857 1833 924 1899 veri
946 1831 1122 1900 videbatur.
1166 1840 1281 1902 Brutus
1309 1836 1514 1923 quidem—no-

193 1939 259 1994 ster
287 1927 446 2014 egregiam
472 1924 597 1991 laudem
622 1935 669 1991 est
693 1935 889 1992 consecutus.
945 1933 1006 1994 Res
1032 1928 1116 1993 enim
1146 1937 1246 1994 mutas
1270 1931 1366 2015 gessit
1389 1940 1515 2017 tamque

193 2021 383 2108 inopinatas,
419 2028 455 2086 ut
486 2041 543 2085 eae
571 2041 643 2086 cum
670 2041 729 2108 per
756 2041 791 2086 se
813 2029 919 2106 gratae
941 2028 1062 2096 essent,
1091 2031 1157 2088 tum
1188 2024 1364 2090 ornatiores
1385 2034 1553 2111 proptera

193 2115 400 2182 celeritatem.
444 2113 567 2194 Quodsi
588 2123 622 2180 tu
644 2134 681 2179 ea
702 2123 806 2190 tenes,
840 2135 920 2202 quae
941 2123 1101 2201 putamus,
1130 2117 1250 2202 magnis
1272 2116 1418 2184 subsidiis
1438 2119 1516 2184 lulla

193 2231 246 2277 res
274 2207 399 2295 publica
429 2216 491 2286 est;
526 2228 543 2272 a
575 2207 678 2293 prima
698 2207 782 2300 enim
804 2227 861 2273 ora
891 2209 1038 2302 Graeciae
1059 2231 1159 2296 usque
1180 2209 1219 2276 ad
1242 2214 1414 2300 Aegyptum
1437 2212 1518 2298 opti·

193 2325 320 2370 morum
352 2301 469 2369 civium
495 2300 636 2389 imperiis
668 2301 780 2368 muniti
810 2302 928 2367 erimus
950 2311 984 2368 et
1004 2304 1113 2391 copiis.
1156 2308 1187 2370 2.
1220 2306 1431 2393 Quamquam,
1455 2305 1516 2372 nisi

194 2419 245 2464 me
266 2395 410 2472 fallebat,
446 2417 498 2461 res
522 2417 556 2462 se
580 2396 626 2462 sic
649 2394 800 2472 babebat,
836 2405 871 2462 ut
891 2397 985 2464 totius
1007 2396 1081 2463 belli
1103 2418 1196 2463 omne
1224 2398 1392 2464 discrimen
1417 2400 1449 2465 in
1478 2404 1517 2465 Ι).

194 2498 293 2559 Bruto
320 2491 457 2578 positum
482 2488 661 2568 rideretur;
684 2489 738 2576 qni
760 2490 807 2564 si,
829 2500 865 2556 ut
885 2490 1101 2578 sperabamus,
1124 2492 1278 2578 erupisset
1291 2493 1418 2567 Mutina,
1440 2492 1518 2558 nibil
1531 2515 1559 2552 se

194 2589 268 2656 belli
288 2585 404 2672 reliqui
425 2584 495 2651 iore
517 2582 692 2650 videbatur.
735 2584 842 2649 Parvis
864 2586 993 2652 omuino
1010 2586 1074 2651 iam
1089 2585 1187 2672 copiis
1204 2584 1416 2662 obsidebatur,
1432 2585 1518 2674 quod

194 2703 309 2768 magno
334 2677 492 2766 praesidio
520 2679 693 2744 Bononiam
728 2677 853 2744 tenebat
887 2681 1049 2746 Antonius.
1088 2659 1185 2768 (Erat
1215 2691 1320 2746 autem
1357 2681 1519 2748 Claternae
1592 2685 1652 2762 pai.

195 2787 304 2844 noster
331 2771 466 2847 Hirtius,
495 2772 534 2837 ad
558 2776 674 2837 Forum
698 2771 878 2838 Cornelium
905 2759 1035 2872 Caesar)
1063 2782 1197 2860 uterque
1220 2795 1291 2839 cum
1313 2774 1404 2841 firmo
1427 2797 1520 2841 exer-
1595 2799 1602 2812 ·

196 2871 277 2950 citu;
314 2887 502 2953 magnasque
535 2871 652 2932 Romae
684 2870 783 2931 Pansa
827 2867 934 2952 copias
950 2893 958 2904 ·
975 2887 1014 2931 ex
1051 2866 1173 2932 delectu
1210 2869 1316 2934 ltaliae
1348 2875 1519 2954 comparat

195 2966 304 3032 Hiems
336 2961 438 3028 adbuc
466 2980 534 3024 rem
562 2959 630 3044 geri
658 2957 872 3043 prohibuerat.
927 2960 1046 3026 Hirtius
1072 2961 1149 3026 nibil
1170 2961 1230 3026 nisi
1251 2961 1462 3037 considerate,
1484 2971 1520 3027 ut
1529 2977 1557 3015 ’ὁ

196 3057 275 3124 mibi
296 3055 417 3123 crebris
449 3054 561 3120 litteris
591 3051 757 3137 significat,
791 3061 917 3118 acturus
945 3052 1119 3119 videbatur.
1169 3060 1296 3120 Praeter
1331 3055 1518 3131 Bononiam,

196 3152 335 3237 Regium
357 3147 484 3236 Lepidi,
522 3152 679 3221 Parmam,
716 3155 812 3211 totam
836 3145 966 3212 Galliam
987 3146 1169 3214 tenebamus
1190 3148 1449 3214 studiosissimam
1471 3148 1521 3214 rei

197 3244 350 3333 publicae.
405 3248 489 3309 Tuos
518 3241 612 3306 etiam
641 3239 768 3305 clientes
800 3239 1037 3327 Transpadanos
1072 3241 1204 3308 mirifice
1234 3242 1416 3309 coniunctos
1448 3263 1519 3308 cum

197 3359 291 3406 causa
308 3334 508 3401 habebamus.
566 3338 644 3398 Erat
663 3331 860 3398 firmissimus
881 3341 1023 3408 senatus,
1055 3335 1195 3420 exceptis
1216 3333 1450 3411 consularibus,
1480 3356 1520 3400 ex

198 3430 314 3520 qbibus
334 3451 416 3495 unus
438 3434 472 3494 L.
496 3433 611 3496 Caesar
631 3426 740 3492 firmus
762 3434 810 3491 est
831 3436 862 3490 et
883 3435 997 3493 rectus.
1040 3433 1070 3495 3.
1094 3433 1161 3494 Ser.
1180 3429 1310 3515 Sulpicii
1331 3439 1433 3495 morte
1455 3445 1558 3494 made

197 3548 294 3614 gnum
320 3522 510 3612 praesidinm
544 3521 713 3587 amisimus.
767 3519 890 3607 Reliqui
916 3521 1028 3608 partim
1060 3523 1194 3598 inertes,
1226 3524 1338 3610 partim
1368 3523 1520 3612 improbi;

197 3617 341 3685 nonnulli
360 3617 502 3683 invident
523 3636 634 3681 eorum
655 3612 757 3687 laudi,
780 3634 859 3700 quos
881 3613 913 3680 iu
934 3636 970 3679 re
992 3612 1116 3702 publica
1137 3616 1268 3703 probari
1288 3617 1405 3684 vident.
1461 3623 1522 3685 Po-

197 3714 265 3801 puli
286 3733 363 3778 vcro
385 3710 517 3779 Romani
538 3709 697 3796 totiusque
717 3707 824 3772 Italiae
846 3708 926 3772 mira
948 3710 1113 3776 consensio
1128 3721 1185 3776 est.
1227 3715 1311 3776 Haec
1332 3721 1421 3777 erant
1443 3712 1519 3788 lere,

199 3827 280 3894 qnae
301 3805 358 3870 tibi
379 3815 452 3871 nota
474 3825 544 3869 esse
565 3802 689 3868 vellem.
731 3805 819 3866 Nunc
839 3810 943 3868 autem
965 3811 1058 3889 opto,
1080 3814 1115 3870 ut
1136 3804 1176 3870 ab
1198 3803 1265 3871 istis
1288 3806 1426 3872 Orientis
1448 3827 1521 3895 par·

199 3899 283 3966 tibus
305 3899 429 3966 virtutis
451 3907 523 3965 tuae
543 3898 651 3963 lumen
673 3895 802 3962 eluceat
846 3895 933 3963 Vale.
1531 3909 1559 3949 ss

683 4014 1044 4117 macoma

683 4150 825 4228 cronno
855 4149 1046 4215 unsaros.

287 4279 315 4342 1.
326 4267 402 4436 ξω
429 4281 525 4340 status
546 4291 655 4336 rerum
676 4255 874 4357 lueritbtum,
906 4291 977 4335 curn
1000 4270 1055 4336 bas
1075 4271 1194 4338 litteras
1215 4272 1300 4350 dedi,
1314 4277 1412 4357 (scire
1434 4285 1523 4363 pote·
1612 4262 1657 4366 al

200 4369 253 4437 ris⁸¹
266 4393 306 4437 ca
355 4417 362 4432 .
385 4369 468 4435 Titio
491 4365 663 4440 Strabone,
693 4364 764 4456 virg)
786 4364 871 4429 bono
893 4371 924 4430 et
945 4364 1063 4450 optime
1085 4366 1125 4431 de
1146 4389 1182 4434 re
1203 4369 1327 4455 publica
1348 4369 1521 4448 sentiente;

201 4487 272 4530 narn
294 4463 371 4551 quid
391 4463 513 4537 dicam,
546 4458 748 4546 cupidissimo
778 4458 843 4535 tui,
879 4459 934 4545 qni
948 4449 1052 4537 {domo
1082 4471 1113 4526 et
1134 4461 1269 4528 fortunis
1290 4453 1469 4550 rolictisiad
1490 4474 1559 4532 teto
1611 4495 1695 4572 HL

201 4559 398 4647 potissimum
429 4555 588 4644 proiectus
624 4553 685 4618 siti
720 4556 828 4637 ltaque
857 4573 928 4616 eum
953 4550 1009 4617 tibi
1034 4575 1073 4618 ne
1090 4555 1275 4622 commendo
1298 4554 1445 4642 quidem;
1468 4555 1522 4622 ad-

201 4663 312 4719 ventus
336 4651 434 4738 ipsius
459 4650 498 4715 ad
526 4660 556 4715 te
577 4649 650 4714 satis
676 4667 749 4711 eum
774 4643 1012 4714 commendabit.
1057 4651 1087 4713 2.
1110 4654 1157 4716 Tu
1179 4650 1272 4715 velim
1294 4656 1339 4716 sie
1360 4651 1521 4717 existimes

202 4785 370 4798 Ἀ

215 4911 219 4920 .
273 4872 387 4923 11111νί
403 4870 536 4920 Orellins:
556 4882 614 4918 vere
633 4882 673 4932 pr.
692 4867 737 4927 bl,
757 4879 817 4914 aare
837 4865 856 4914 H
877 4879 939 4915 raum
959 4879 1029 4916 corr.
1049 4868 1086 4917 11.
1109 4893 1139 4904 -
1178 4871 1220 4920 15.
1240 4873 1522 4936 tomprotiorescra·

204 4943 308 4992 tander.
334 4967 363 4978 -
401 4937 767 5004 21.rattqutn1:.reltquum
790 4935 841 4984 lili.
863 4959 893 4970 -
930 4937 974 4987 21.
993 4937 1088 4987 diiecto
1105 4939 1142 4988 M.
1171 4965 1200 4976 -
1238 4950 1372 5004 comparat
1392 4943 1435 4993 M:
1455 4959 1522 4994 com·

201 5015 327 5147 pprogot¹
348 5012 496 5062 Ernestius.
536 5032 566 5044 -
610 5008 654 5060 39.
683 5007 753 5057 Titio
782 5006 937 5058 Manutiusz
971 5008 1046 5057 Tidio
1075 5008 1134 5058 ME.
1179 5011 1256 5060 Coni.
1284 5012 1342 5063 Lib.
1372 5013 1445 5064 xttt.
1473 5015 1520 5079 lip.
