3680 5944
330 375 393 440 tut
833 373 893 437 ΕΡ.
914 373 966 436 ΑΙ)
988 371 1161 440 imcutit

331 538 358 602 0
387 542 509 619 tempus
537 530 705 596 miseruml
740 533 804 594 Nec
825 528 951 603 dubito,
981 529 1058 616 quin
1083 549 1102 594 a
1127 549 1179 594 me
1200 528 1385 606 contendat,
1415 527 1455 596 ad
1480 527 1640 595 urbem
1667 537 1710 594 ut

330 629 463 694 veniam.
506 628 654 691 Senatum
677 623 759 689 euim
780 623 848 689 Kal.
870 623 950 689 velle
972 645 1006 689 se
1027 623 1223 710 frequentem
1245 623 1371 700 adesse,
1400 625 1493 690 etiam
1524 623 1709 691 Formiis
1737 695 1740 703 ,

330 719 487 810 proscribi
515 720 616 785 iussit.
658 723 742 804 Ergo
764 717 794 783 ei
822 717 998 802 negandum
1021 723 1091 782 esti
1131 717 1192 782 Sed
1220 717 1506 805 quidpraecipio?
1560 718 1706 785 Statim

331 817 370 882 ud
392 825 423 881 te
444 814 637 902 perscribam
660 812 774 877 omnia.
830 815 878 876 Ex
900 813 983 878 illius
1005 833 1151 878 sermone
1174 821 1320 886 statuam,
1352 813 1567 897 Arpinumne
1606 811 1704 876 milri

309 910 469 977 reundum
491 910 546 983 sit,
568 929 608 974 au
630 929 693 995 quo
715 906 787 973 alio.
830 906 911 973 Volo
934 906 1077 973 Ciceroni
1099 927 1171 972 meo
1195 917 1299 990 togam
1319 927 1432 993 puram
1448 905 1549 971 dare.
1609 903 1702 970 Istic

331 1014 419 1092 puto.
467 1007 497 1067 2.
527 1008 590 1078 Tu,
626 1023 762 1088 quaeso,
795 1001 916 1086 cogita,
953 999 1028 1086 quid
1051 999 1173 1065 deiude.
1215 1005 1291 1064 Nam
1313 1021 1364 1066 mc
1386 998 1543 1066 hebetem
1573 997 1702 1064 mole·
1744 1071 1754 1082 ¹

331 1098 409 1164 stiae
430 1094 644 1162 reddiderunt.
687 1094 852 1167 dCurio,
885 1093 979 1158 velim
1000 1093 1100 1168 scire,
1130 1093 1242 1181 ecquid
1263 1094 1302 1160 ad
1324 1104 1354 1160 te
1376 1095 1534 1182 scriptum
1565 1095 1621 1160 sit
1648 1093 1697 1158 de

331 1193 457 1258 Tirone.
515 1189 567 1256 td
590 1211 640 1256 me
669 1189 750 1254 enim
777 1188 844 1275 ipse
874 1188 951 1252 'liro
979 1187 1022 1252 ita
1054 1187 1198 1275 scripsit,
1237 1199 1272 1255 ut
1295 1209 1425 1262 verear,
1462 1188 1548 1275 quid
1593 1196 1695 1272 agat.

332 1289 393 1363 Qui
423 1293 527 1350 autem
554 1283 682 1349 veniunt
712 1281 805 1357 inde,
842 1282 1016 1362 κινδυνώδη
1045 1281 1196 1347 nuntiant.
1254 1285 1334 1348 Sanc
1363 1282 1396 1347 in
1423 1281 1555 1366 maguis
1584 1279 1692 1346 curis

295 1378 424 1443 raetiam
450 1377 528 1444 hacc
549 1398 599 1443 me
620 1376 779 1458 sollicitat3
798 1359 844 1452 liu
866 1375 923 1441 hac
944 1375 1027 1442 euim
1047 1374 1173 1442 fortuna
1194 1375 1425 1469 perutiljseius
1446 1384 1478 1442 et
1498 1395 1626 1462 opera
1654 1381 1692 1438 et

169 1428 257 1553 W
330 1472 462 1538 fidelitas
483 1457 592 1570 emet)

774 1626 889 1689 nrm.
931 1621 985 1705 (n.
1011 1623 1044 1687 u.
1067 1621 1099 1686 c.
1121 1619 1208 1701 705.)

811 1755 953 1822 CICERO
975 1754 1120 1820 ATTICO
1142 1755 1174 1818 S.

414 1882 443 1944 1.
465 1881 637 1965 Utrumque
665 1897 707 1943 ex
735 1884 791 1942 tuo
818 1875 969 1942 consilio:
1003 1895 1075 1940 uam
1109 1882 1140 1939 et
1169 1872 1273 1940 oratio
1301 1873 1361 1940 luit
1392 1895 1428 1940 ea
1460 1886 1597 1951 nostra,
1638 1885 1679 1942 ut

294 1968 409 2035 ¹⁵bene
430 1971 535 2056 potius
563 1971 617 2037 ille
644 1970 684 2036 dc
712 1969 803 2036 uobis
833 1970 1045 2044 existimaret,
1078 1991 1173 2056 quam
1201 1968 1317 2054 gratias
1339 1978 1466 2056 ageret3
1503 1981 1535 2036 et
1561 1972 1604 2036 iu
1631 1991 1678 2036 eo

330 2063 514 2138 mansimus,
546 2085 586 2130 ue
616 2065 657 2131 ad
687 2064 809 2131 urbem.
865 2064 919 2130 Illa
948 2064 1141 2138 fefellerunt,
1179 2062 1302 2128 facilem
1337 2063 1423 2150 quod
1457 2075 1675 2150 putaremus.

328 2157 411 2224 Nihil
433 2158 498 2223 vidi
520 2159 632 2224 minus.
689 2159 837 2225 Damnari
859 2179 892 2224 sc
914 2168 1024 2225 nostro
1046 2157 1181 2232 iudicio,
1216 2157 1381 2224 tardiores·
1399 2157 1469 2224 lore
1491 2158 1674 2245 reliquos,

329 2251 355 2316 si
378 2273 435 2317 nos
466 2274 529 2318 non
558 2253 756 2325 venerimus.
793 2253 908 2317 dicere.
951 2257 1034 2338 Ego,
1072 2251 1253 2318 dissimilem
1275 2251 1401 2317 illorum
1424 2272 1492 2316 esse
1514 2271 1670 2316 causam.

330 2349 407 2410 Cum
429 2347 546 2412 multa:
580 2351 686 2421 „Veni
709 2346 817 2430 igitur,
841 2356 871 2410 et
886 2367 943 2431 age
960 2346 998 2411 de
1014 2350 1119 2432 pacc.”
1161 2350 1287 2422 Manna,
1310 2346 1452 2432 iuquam,
1477 2344 1670 2411 arbitratur

291 2444 405 2513 20‚‚llu
425 2438 499 2514 tibi,
522 2441 638 2525 inquit,
671 2459 731 2524 ego
752 2439 1014 2525 praescribaml”
1051 2439 1122 2514 Sic,
1144 2440 1288 2527 inquam,
1311 2461 1420 2524 agam,
1443 2441 1567 2506 senatui
1594 2460 1668 2505 uon

329 2532 453 2618 placere
475 2534 507 2598 iu
536 2533 700 2622 Hispanias
722 2533 762 2599 iri
783 2554 840 2598 uec
863 2533 1019 2598 exercitus
1041 2532 1073 2597 in
1097 2535 1258 2600 Graeciam
1279 2533 1505 2620 transportari;
1539 2533 1669 2599 multa·

330 2646 407 2712 que,
436 2628 583 2714 inquam,
616 2628 654 2693 de
686 2631 789 2694 Cuneo
825 2626 1007 2713 deplorabo.
1058 2631 1137 2692 Tum
1166 2627 1235 2703 itte,
1274 2631 1368 2713 „Ego
1400 2649 1477 2694 vero
1506 2627 1567 2694 ista
1593 2627 1663 2694 dici

329 2721 433 2786 nolo.'’
489 2726 533 2786 lte
561 2721 725 2808 putabam,
761 2721 903 2809 inquam;
938 2721 993 2788 sed
1015 2742 1074 2806 ego
1097 2743 1135 2786 eo
1164 2723 1237 2786 uolo
1260 2721 1383 2795 adesse,
1423 2721 1508 2807 quod
1530 2731 1589 2786 aut
1614 2721 1665 2786 sic

329 2814 407 2879 rnihi
428 2813 594 2880 dicendum
616 2824 662 2881 est
683 2817 857 2904 multaque,
895 2838 973 2903 quae
995 2817 1082 2882 nullo
1104 2817 1199 2882 modo
1221 2837 1346 2903 possem
1368 2815 1477 2892 silere,
1514 2817 1539 2881 si
1561 2817 1662 2881 ades-

289 2929 411 2988 csscm;
435 2919 571 2975 autnon
593 2911 792 2977 veniendum.
836 2915 961 2977 Summa
976 2910 1052 2986 fuit,
1076 2920 1110 2977 ut
1132 2911 1205 2985 illc,
1236 2912 1324 2996 quasi
1340 2909 1458 2975 exitum
1475 2931 1659 2997 quaerens:

328 3013 391 3076 „ut
412 3002 649 3071 deliberarem.’'
701 3010 770 3071 Nou
790 3003 850 3070 luit
879 3004 1063 3090 negandum.
1106 3009 1150 3070 lta
1177 3003 1386 3069 discessimus.
1430 3005 1531 3070 Credo
1553 3005 1659 3092 igitur

328 3097 410 3162 bunc
442 3119 492 3163 me
521 3120 584 3164 uon
613 3119 728 3166 amare.
785 3104 905 3183 bicgo
927 3120 977 3163 me
999 3098 1121 3175 amavi;
1153 3097 1238 3184 quod
1266 3097 1342 3162 mihi
1363 3096 1424 3160 iam
1446 3097 1566 3184 pridem
1592 3119 1658 3162 usu

327 3213 391 3258 non
412 3193 507 3258 veuit.
550 3197 581 3264 2.
604 3192 750 3280 Reliqua,
772 3214 793 3258 o
815 3192 873 3258 diil
910 3193 964 3279 qui
986 3193 1167 3259 comitatusl
1192 3213 1293 3277 quae,
1316 3199 1350 3256 ut
1372 3200 1406 3257 tu
1427 3191 1510 3256 soles
1532 3191 1655 3264 dicere,

328 3289 454 3352 νεκυίαΙ
483 3291 517 3352 ln
545 3308 607 3372 qua
629 3298 697 3351 erat
716 3288 824 3368 †eros
846 3287 982 3352 scelerol
1019 3290 1045 3351 Ο
1073 3308 1141 3351 rem
1164 3286 1331 3372 perditaml
1369 3307 1388 3351 o
1411 3286 1516 3371 copias
1538 3285 1656 3372 despe-

290 3382 426 3445 soratasl
465 3380 566 3458 Quid,
589 3380 674 3466 quod
696 3381 798 3447 Servii
819 3380 924 3446 lilius?
961 3380 1047 3467 quod
1068 3379 1200 3446 Titinii?
1233 3389 1309 3466 quoi
1337 3379 1369 3444 iu
1391 3379 1429 3445 iis
1451 3379 1559 3444 castris
1581 3379 1655 3444 lue-

400 3601 424 3648 1.
454 3605 485 3648 ut
507 3601 611 3650 ueniam
636 3613 698 3649 eum
727 3599 810 3650 Codd.
830 3601 944 3664 Malssp.
964 3601 1113 3650 Lambinus
1133 3605 1160 3649 ct
1178 3601 1354 3649 Schuetzius:
1379 3601 1482 3650 venium
1499 3599 1597 3650 ntttttt.
1620 3621 1650 3632 -

328 3670 354 3719 3.
372 3668 516 3732 praescribi
542 3669 573 3718 il.
601 3693 633 3704 —
653 3666 814 3734 ¹praecipio]
841 3673 943 3733 preripi
967 3686 1008 3736 pr.
1032 3672 1075 3732 Μ,
1104 3673 1233 3734 praecipit
1252 3671 1272 3719 ll
1291 3677 1317 3720 et
1335 3684 1405 3720 corr.
1424 3670 1471 3730 Μ,
1499 3671 1652 3732 praecipiat

327 3742 439 3788 sentiant
465 3746 490 3788 et
517 3739 538 3786 l·
565 3763 595 3774 -
633 3739 660 3790 5.
689 3737 762 3802 Istic]
789 3743 870 3790 istum
896 3741 947 3790 ΜΙ.
977 3763 1008 3774 -
1043 3741 1071 3791 ’1.
1099 3742 1210 3792 Curione
1233 3739 1305 3790 ΜΙΜ.
1336 3766 1365 3777 -
1403 3747 1428 3790 et
1455 3740 1517 3804 quid
1543 3741 1595 3790 Μ1.
1617 3759 1652 3774 -

328 3809 613 3871 scrutantium.
647 3833 675 3844 -
713 3824 804 3861 uersor
820 3825 852 3859 nc
870 3812 932 3874 quid
950 3825 1028 3875 aqam
1047 3811 1070 3860 l.
1101 3836 1133 3847 -
1169 3811 1194 3860 2.
1220 3811 1280 3860 inde
1298 3806 1468 3876 κινδυνώδη]
1496 3811 1525 3859 in
1542 3808 1650 3859 donorio

328 3879 364 3938 Υ,
385 3881 413 3928 in
430 3879 535 3928 dimodo
553 3878 600 3944 X..
620 3881 678 3928 inni
697 3881 810 3930 admodo
829 3877 907 3942 (teste
925 3880 1093 3939 Lambiuo),
1118 3882 1147 3929 in
1166 3882 1194 3929 id
1210 3881 1288 3930 mado
1309 3877 1386 3942 (teste
1405 3881 1497 3935 Bosio)
1516 3881 1551 3940 Z,
1575 3883 1604 3928 ni
1621 3877 1650 3927 id

326 3950 404 3998 modo
423 3949 467 4006 Μ,
494 3949 553 3998 inde
570 3951 598 3998 id
616 3951 693 4000 modo
710 3952 748 4012 R,
779 3951 843 3999 mibi
860 3952 889 3999 id
906 3953 982 4000 modo
1001 3953 1022 4000 l.
1061 3950 1371 4011 (Correxitiirnestiusn
1392 3953 1470 3999 -in
1487 3945 1600 4014 naqnis]
1619 3961 1649 3998 eo

327 4022 430 4083 mopnis
453 4019 502 4080 Μ,
531 4021 668 4082 canapis
694 4022 735 4082 li,
765 4023 868 4085 maqnir
887 4021 909 4068 l.
943 4047 970 4057 -
1010 4022 1054 4072 10.
1073 4021 1216 4072 sollicitant
1234 4022 1308 4072 ntnt.
1347 4020 1519 4083 (Emendarit
1543 4019 1649 4069 Lambi-

329 4093 453 4146 1010.)-
489 4090 533 4140 13.
553 4104 608 4140 cm.
627 4091 664 4140 Μ.
684 4113 715 4128 ·-
751 4092 793 4140 15·
813 4093 1011 4141 aestimaretlt.
1043 4117 1071 4128 -
1110 4091 1403 4154 incontinent.
1425 4117 1456 4126 -
1490 4090 1580 4155 seselet'
1606 4102 1647 4153 pr·

326 4159 366 4210 Μ.
395 4184 425 4196 -
463 4160 507 4210 17.
536 4162 662 4210 tardioris
685 4162 741 4224 [ore
764 4161 823 4211 delii
840 4174 904 4224 qnos
922 4163 944 4210 si
962 4163 991 4212 in
1008 4162 1047 4210 bis
1065 4174 1106 4224 pr.
1125 4163 1171 4220 Μ,
1198 4162 1324 4213 tardioris
1342 4163 1398 4225 sors
1417 4161 1561 4224 beliiqnod
1579 4161 1648 4209 siin

327 4234 366 4281 iis
384 4244 437 4279 non
454 4229 489 4289 1,
509 4231 636 4281 tardioris
652 4231 708 4294 sore
725 4231 800 4292 belii,
820 4245 884 4295 quos
901 4233 973 4281 sinus
989 4246 1043 4281 non
1061 4246 1130 4280 corr.
1150 4231 1195 4292 Μ,
1216 4233 1342 4282 tardioris
1359 4232 1415 4295 sors
1433 4231 1493 4281 beiti
1510 4232 1579 4294 quod
1590 4242 1648 4280 cuns

325 4304 359 4351 iis
377 4300 525 4350 Sinuessam
542 4314 596 4350 non
613 4301 646 4351 lt.
685 4303 817 4360 (Correxit
834 4303 977 4358 Fuitrnus.)
999 4325 1028 4336 -
1066 4301 1277 4354 turnonii.
1301 4325 1326 4334 -
1366 4303 1408 4351 19.
1430 4298 1505 4363 cum]
1526 4301 1644 4357 Pontii,

328 4373 396 4435 Quid
414 4370 486 4420 Pius.
524 4371 778 4423 Fundanium.
800 4397 829 4408 -
866 4374 896 4422 ds
912 4387 1002 4435 pacem
1020 4386 1109 4422 eornm
1126 4388 1205 4437 qnam
1222 4373 1358 4422 arbitratu
1376 4384 1416 4433 pr.
1436 4372 1473 4421 Μ.
1495 4394 1524 4406 -
1545 4373 1587 4421 20.
1607 4372 1646 4420 in·

327 4444 383 4507 quit
411 4454 467 4492 om.
498 4441 519 4492 1.
552 4465 580 4476 -
619 4442 663 4492 21.
682 4443 805 4505 ttrpanta
822 4443 872 4493 sibi
891 4458 931 4507 pr.
951 4443 988 4493 Μ.
1022 4465 1052 4476 -
1089 4443 1133 4494 22.
1152 4445 1183 4495 ds
1202 4439 1297 4506 Gnaeo]
1317 4441 1551 4507 eiuncescit,
1570 4442 1647 4505 diano

327 4513 415 4567 toll,
435 4513 562 4576 dionaeo
581 4511 604 4560 l.
625 4535 656 4547 -
692 4526 753 4562 caro
772 4519 809 4562 est
827 4513 897 4562 adici
915 4528 956 4578 pr.
973 4513 1012 4564 Μ.
1046 4535 1073 4546 -
1111 4514 1155 4564 23.
1175 4513 1281 4566 coceio
1300 4513 1331 4562 ll.
1354 4534 1382 4548 -
1418 4511 1461 4562 24.
1480 4525 1586 4574 passam
1605 4524 1645 4573 pr.

326 4582 364 4632 Μ.
393 4605 427 4615 -
463 4583 507 4631 25.
526 4587 574 4630 ant
595 4595 649 4631 non
671 4583 823 4632 ueniendum
842 4584 913 4634 iuter
930 4589 968 4634 sst
986 4588 1012 4633 et
1029 4583 1161 4647 multaque
1186 4583 1262 4647 pouit
1289 4597 1328 4645 pr.
1348 4581 1386 4632 Μ.
1420 4606 1448 4617 -
1485 4581 1530 4632 20.
1550 4595 1646 4646 neqan·

327 4647 399 4713 dum]
418 4653 565 4716 repandum
583 4651 623 4706 li,
651 4653 785 4718 repandus
803 4653 825 4702 1.
858 4677 886 4688 -
925 4653 969 4704 27.
996 4667 1036 4702 mc
1064 4650 1162 4717 annui]
1180 4667 1265 4705 msam
1284 4660 1332 4704 aut
1351 4664 1391 4714 pr.
1421 4651 1464 4713 Μ,
1494 4665 1534 4701 rna
1552 4651 1646 4702 amabo

328 4722 364 4771 ttt
382 4728 408 4772 et
426 4736 496 4772 corr.
516 4720 553 4771 Μ.
591 4720 726 4783 (Correxit
743 4721 898 4786 Victorius.)
918 4749 952 4760 -
987 4725 1114 4773 ioniam.
1137 4725 1159 4774 l.
1180 4748 1212 4759 -
1248 4721 1438 4783 neumandi.
1460 4745 1490 4756 -
1525 4722 1569 4772 22.
1590 4733 1646 4772 aros

327 4791 421 4841 scebro
450 4792 488 4842 tt:
520 4791 587 4840 Erat
614 4792 685 4841 Celer
702 4793 739 4852 Ζ,
767 4805 811 4841 aro
835 4793 923 4844 rosini
946 4808 987 4858 pr.
1006 4793 1052 4854 Μ,
1079 4808 1127 4843 uro
1145 4795 1233 4845 scalari
1251 4807 1322 4844 corr.
1342 4791 1388 4850 Μ,
1420 4793 1588 4842 coronatori
1606 4793 1645 4852 il,

327 4875 391 4910 area
409 4863 530 4912 scelerum
547 4861 592 4911 lli.
633 4862 705 4912 Fert.
726 4861 888 4931 c'paazaliq.
908 4864 958 4914 On.
989 4889 1022 4897 —
1059 4863 1103 4914 30.
1124 4865 1209 4926 Quid,
1229 4861 1307 4926 quod]
1328 4862 1396 4924 Quid
1413 4860 1487 4912 ttttt.
1509 4860 1589 4927 (quod
1608 4862 1645 4912 in·

328 4937 429 4980 sartum
448 4945 479 4980 er
497 4927 587 4990 xtz.)
616 4957 646 4968 ·-
683 4932 739 4982 Sar.
760 4931 843 4982 Servii
862 4935 901 4994 n,
921 4934 949 4984 S·
968 4932 1052 4983 Servii
1070 4933 1091 4982 l.
1113 4957 1144 4969 -
1179 4935 1249 4999 qnod
1269 4935 1360 4984 Titinii
1377 4945 1432 4983 om.
1450 4930 1525 4985 idlll.
1546 4930 1644 4998 (lusor-

328 5008 384 5052 tum
402 5013 434 5051 αι
452 4999 541 5058 xil-t
563 5024 592 5038 -
628 5009 691 5066 qaut
709 5009 738 5055 nt
755 5003 784 5054 in
801 5003 912 5056 001.-
949 5003 983 5055 iis
1000 5004 1166 5055 Lambinus:
1185 5005 1224 5055 tis
1241 5003 1338 5057 tantu.
