<?xml version="1.0" encoding="UTF-8"?>
<!DOCTYPE html PUBLIC "-//W3C//DTD XHTML 1.0 Transitional//EN"
    "http://www.w3.org/TR/xhtml1/DTD/xhtml1-transitional.dtd">
<html xmlns="http://www.w3.org/1999/xhtml" xml:lang="en" lang="en">
 <head>
  <title>
</title>
<meta http-equiv="Content-Type" content="text/html;charset=utf-8" />
  <meta name='ocr-system' content='tesseract 3.04.00' />
  <meta name='ocr-capabilities' content='ocr_page ocr_carea ocr_par ocr_line ocrx_word'/>
</head>
<body>
  <div class='ocr_page' id='page_1' title='image "./mtulliiciceroni06baitgoog_0404.png"; bbox 0 0 3668 5924; ppageno 0'>
   <div class='ocr_carea' id='block_1_1' title="bbox 621 397 1519 462">
    <p class='ocr_par' dir='ltr' id='par_1_1' title="bbox 621 397 1519 462">
     <span class='ocr_line' id='line_1_1' title="bbox 621 397 1519 462; baseline 0 -2"><span class='ocrx_word' id='word_1_1' title='bbox 621 397 695 460; x_wconf 76' lang='lat' dir='ltr'><strong>tte.</strong></span> <span class='ocrx_word' id='word_1_2' title='bbox 716 397 769 462; x_wconf 91' lang='lat' dir='ltr'><strong>lii.</strong></span> <span class='ocrx_word' id='word_1_3' title='bbox 812 399 870 462; x_wconf 84' lang='grc' dir='ltr'><strong>ΕΡ.</strong></span> <span class='ocrx_word' id='word_1_4' title='bbox 895 399 923 461; x_wconf 97' lang='grc'><strong>1.</strong></span> <span class='ocrx_word' id='word_1_5' title='bbox 965 399 998 462; x_wconf 86' lang='lat' dir='ltr'><strong>C.</strong></span> <span class='ocrx_word' id='word_1_6' title='bbox 1024 399 1050 461; x_wconf 96' lang='grc'><strong>1.</strong></span> <span class='ocrx_word' id='word_1_7' title='bbox 1072 400 1104 462; x_wconf 76' lang='grc'><strong>1.</strong></span> <span class='ocrx_word' id='word_1_8' title='bbox 1457 397 1519 460; x_wconf 80' lang='grc'><strong>343</strong></span> 
     </span>
    </p>
   </div>
   <div class='ocr_carea' id='block_1_2' title="bbox 133 553 1717 4022">
    <p class='ocr_par' dir='ltr' id='par_1_2' title="bbox 201 553 1543 1297">
     <span class='ocr_line' id='line_1_2' title="bbox 201 553 1519 640; baseline 0.002 -22"><span class='ocrx_word' id='word_1_9' title='bbox 201 553 267 618; x_wconf 91' lang='lat' dir='ltr'><strong>lum</strong></span> <span class='ocrx_word' id='word_1_10' title='bbox 288 553 444 638; x_wconf 82' lang='lat' dir='ltr'>promovi,</span> <span class='ocrx_word' id='word_1_11' title='bbox 465 561 633 638; x_wconf 86' lang='lat' dir='ltr'><strong>propterea</strong></span> <span class='ocrx_word' id='word_1_12' title='bbox 654 553 738 640; x_wconf 91' lang='lat' dir='ltr'><strong>quod</strong></span> <span class='ocrx_word' id='word_1_13' title='bbox 760 553 911 630; x_wconf 78' lang='lat' dir='ltr'><strong>itaerant</strong></span> <span class='ocrx_word' id='word_1_14' title='bbox 931 553 1041 640; x_wconf 88' lang='lat' dir='ltr'><strong>posita,</strong></span> <span class='ocrx_word' id='word_1_15' title='bbox 1062 563 1097 619; x_wconf 89' lang='lat' dir='ltr'><strong>ut</strong></span> <span class='ocrx_word' id='word_1_16' title='bbox 1111 573 1222 620; x_wconf 87' lang='lat' dir='ltr'><strong>eorum</strong></span> <span class='ocrx_word' id='word_1_17' title='bbox 1236 555 1444 640; x_wconf 79' lang='lat' dir='ltr'>vaporarium,</span> <span class='ocrx_word' id='word_1_18' title='bbox 1468 554 1519 638; x_wconf 83' lang='lat' dir='ltr'><strong>[ex</strong></span> 
     </span>
     <span class='ocr_line' id='line_1_3' title="bbox 201 644 1520 734; baseline 0 -22"><span class='ocrx_word' id='word_1_19' title='bbox 201 667 266 734; x_wconf 85' lang='lat' dir='ltr'><strong>quo</strong></span> <span class='ocrx_word' id='word_1_20' title='bbox 295 644 376 731; x_wconf 90' lang='lat' dir='ltr'><strong>ignis</strong></span> <span class='ocrx_word' id='word_1_21' title='bbox 405 645 575 732; x_wconf 90' lang='lat' dir='ltr'><strong>erumpit‚]</strong></span> <span class='ocrx_word' id='word_1_22' title='bbox 605 656 689 712; x_wconf 85' lang='lat' dir='ltr'><strong>esset</strong></span> <span class='ocrx_word' id='word_1_23' title='bbox 715 647 887 713; x_wconf 89' lang='lat' dir='ltr'><strong>subiectum</strong></span> <span class='ocrx_word' id='word_1_24' title='bbox 918 645 1079 713; x_wconf 82' lang='lat' dir='ltr'><strong>cubiculis.</strong></span> <span class='ocrx_word' id='word_1_25' title='bbox 1129 645 1312 732; x_wconf 75' lang='lat' dir='ltr'>subgrande</span> <span class='ocrx_word' id='word_1_26' title='bbox 1343 645 1520 713; x_wconf 83' lang='lat' dir='ltr'><strong>cubiculum</strong></span> 
     </span>
     <span class='ocr_line' id='line_1_4' title="bbox 202 739 1521 829; baseline -0.001 -23"><span class='ocrx_word' id='word_1_27' title='bbox 202 751 306 806; x_wconf 87' lang='lat' dir='ltr'><strong>autem</strong></span> <span class='ocrx_word' id='word_1_28' title='bbox 334 749 366 804; x_wconf 87' lang='lat' dir='ltr'><strong>et</strong></span> <span class='ocrx_word' id='word_1_29' title='bbox 392 739 558 806; x_wconf 88' lang='lat' dir='ltr'><strong>hibernum</strong></span> <span class='ocrx_word' id='word_1_30' title='bbox 586 741 682 806; x_wconf 91' lang='lat' dir='ltr'><strong>altum</strong></span> <span class='ocrx_word' id='word_1_31' title='bbox 704 741 794 806; x_wconf 89' lang='lat' dir='ltr'><strong>valde</strong></span> <span class='ocrx_word' id='word_1_32' title='bbox 814 740 961 827; x_wconf 87' lang='lat' dir='ltr'><strong>probavi,</strong></span> <span class='ocrx_word' id='word_1_33' title='bbox 991 739 1077 829; x_wconf 89' lang='lat' dir='ltr'><strong>quod</strong></span> <span class='ocrx_word' id='word_1_34' title='bbox 1098 749 1130 806; x_wconf 88' lang='lat' dir='ltr'><strong>et</strong></span> <span class='ocrx_word' id='word_1_35' title='bbox 1150 740 1251 827; x_wconf 91' lang='lat' dir='ltr'><strong>ampla</strong></span> <span class='ocrx_word' id='word_1_36' title='bbox 1281 749 1370 808; x_wconf 90' lang='lat' dir='ltr'><strong>erant</strong></span> <span class='ocrx_word' id='word_1_37' title='bbox 1398 749 1429 806; x_wconf 90' lang='lat' dir='ltr'><strong>et</strong></span> <span class='ocrx_word' id='word_1_38' title='bbox 1449 741 1521 806; x_wconf 90' lang='lat' dir='ltr'><strong>loco</strong></span> 
     </span>
     <span class='ocr_line' id='line_1_5' title="bbox 203 833 1522 923; baseline -0.002 -23"><span class='ocrx_word' id='word_1_39' title='bbox 203 838 319 922; x_wconf 90' lang='lat' dir='ltr'><strong>posita,</strong></span> <span class='ocrx_word' id='word_1_40' title='bbox 341 833 559 900; x_wconf 74' lang='lat' dir='ltr'><strong>ambulationis</strong></span> <span class='ocrx_word' id='word_1_41' title='bbox 580 856 644 901; x_wconf 92' lang='lat' dir='ltr'><strong>uno</strong></span> <span class='ocrx_word' id='word_1_42' title='bbox 664 835 777 910; x_wconf 87' lang='lat' dir='ltr'><strong>latere,</strong></span> <span class='ocrx_word' id='word_1_43' title='bbox 800 857 855 910; x_wconf 89' lang='lat' dir='ltr'><strong>eo,</strong></span> <span class='ocrx_word' id='word_1_44' title='bbox 879 835 964 923; x_wconf 91' lang='lat' dir='ltr'><strong>quod</strong></span> <span class='ocrx_word' id='word_1_45' title='bbox 986 847 1032 901; x_wconf 89' lang='lat' dir='ltr'><strong>est</strong></span> <span class='ocrx_word' id='word_1_46' title='bbox 1046 835 1226 922; x_wconf 84' lang='lat' dir='ltr'><strong>proximum</strong></span> <span class='ocrx_word' id='word_1_47' title='bbox 1242 834 1419 900; x_wconf 89' lang='lat' dir='ltr'><strong>balneariis.</strong></span> <span class='ocrx_word' id='word_1_48' title='bbox 1462 839 1522 899; x_wconf 86' lang='lat' dir='ltr'><strong>Co-</strong></span> 
     </span>
     <span class='ocr_line' id='line_1_6' title="bbox 202 928 1543 1016; baseline -0.003 -22"><span class='ocrx_word' id='word_1_49' title='bbox 202 929 322 994; x_wconf 89' lang='lat' dir='ltr'><strong>lumnas</strong></span> <span class='ocrx_word' id='word_1_50' title='bbox 348 948 450 1014; x_wconf 89' lang='lat' dir='ltr'><strong>neque</strong></span> <span class='ocrx_word' id='word_1_51' title='bbox 479 939 580 994; x_wconf 86' lang='lat' dir='ltr'><strong>rectas</strong></span> <span class='ocrx_word' id='word_1_52' title='bbox 608 949 710 1015; x_wconf 88' lang='lat' dir='ltr'><strong>neque</strong></span> <span class='ocrx_word' id='word_1_53' title='bbox 736 931 905 1014; x_wconf 88' lang='lat' dir='ltr'><strong>cregione</strong></span> <span class='ocrx_word' id='word_1_54' title='bbox 931 930 1073 1016; x_wconf 87' lang='lat' dir='ltr'><strong>Diphilus</strong></span> <span class='ocrx_word' id='word_1_55' title='bbox 1095 929 1270 997; x_wconf 88' lang='lat' dir='ltr'><strong>collocarat.</strong></span> <span class='ocrx_word' id='word_1_56' title='bbox 1324 934 1384 994; x_wconf 84' lang='lat' dir='ltr'><strong>Eas</strong></span> <span class='ocrx_word' id='word_1_57' title='bbox 1405 928 1543 994; x_wconf 72' lang='lat' dir='ltr'><strong>sciliceta</strong></span> 
     </span>
     <span class='ocr_line' id='line_1_7' title="bbox 203 1021 1540 1108; baseline -0.001 -21"><span class='ocrx_word' id='word_1_58' title='bbox 203 1021 407 1099; x_wconf 76' lang='lat' dir='ltr'><strong>demolietur3</strong></span> <span class='ocrx_word' id='word_1_59' title='bbox 435 1021 601 1108; x_wconf 91' lang='lat' dir='ltr'><strong>aliquando</strong></span> <span class='ocrx_word' id='word_1_60' title='bbox 630 1022 854 1108; x_wconf 88' lang='lat' dir='ltr'><strong>perpendiculo</strong></span> <span class='ocrx_word' id='word_1_61' title='bbox 881 1031 912 1088; x_wconf 87' lang='lat' dir='ltr'><strong>et</strong></span> <span class='ocrx_word' id='word_1_62' title='bbox 938 1024 1021 1090; x_wconf 87' lang='lat' dir='ltr'><strong>linea</strong></span> <span class='ocrx_word' id='word_1_63' title='bbox 1051 1023 1149 1088; x_wconf 89' lang='lat' dir='ltr'><strong>discet</strong></span> <span class='ocrx_word' id='word_1_64' title='bbox 1169 1023 1225 1088; x_wconf 92' lang='lat' dir='ltr'><strong>uti.</strong></span> <span class='ocrx_word' id='word_1_65' title='bbox 1269 1023 1405 1089; x_wconf 87' lang='lat' dir='ltr'><strong>Omnino</strong></span> <span class='ocrx_word' id='word_1_66' title='bbox 1427 1023 1540 1108; x_wconf 89' lang='lat' dir='ltr'><strong>spero</strong></span> 
     </span>
     <span class='ocr_line' id='line_1_8' title="bbox 203 1114 1521 1203; baseline 0 -23"><span class='ocrx_word' id='word_1_67' title='bbox 203 1116 309 1202; x_wconf 77' lang='lat' dir='ltr'><strong>paucis</strong></span> <span class='ocrx_word' id='word_1_68' title='bbox 331 1114 490 1181; x_wconf 88' lang='lat' dir='ltr'><strong>mensibus</strong></span> <span class='ocrx_word' id='word_1_69' title='bbox 510 1136 590 1202; x_wconf 90' lang='lat' dir='ltr'><strong>opus</strong></span> <span class='ocrx_word' id='word_1_70' title='bbox 610 1115 727 1202; x_wconf 83' lang='lat' dir='ltr'><strong>Diphili</strong></span> <span class='ocrx_word' id='word_1_71' title='bbox 748 1117 920 1202; x_wconf 88' lang='lat' dir='ltr'><strong>perlectum</strong></span> <span class='ocrx_word' id='word_1_72' title='bbox 941 1119 1029 1198; x_wconf 88' lang='lat' dir='ltr'><strong>fore;</strong></span> <span class='ocrx_word' id='word_1_73' title='bbox 1062 1129 1151 1184; x_wconf 90' lang='lat' dir='ltr'><strong>curat</strong></span> <span class='ocrx_word' id='word_1_74' title='bbox 1178 1119 1260 1185; x_wconf 89' lang='lat' dir='ltr'><strong>euim</strong></span> <span class='ocrx_word' id='word_1_75' title='bbox 1288 1117 1521 1203; x_wconf 79' lang='lat' dir='ltr'><strong>diligentissime</strong></span> 
     </span>
     <span class='ocr_line' id='line_1_9' title="bbox 203 1210 925 1297; baseline 0.003 -21"><span class='ocrx_word' id='word_1_76' title='bbox 203 1211 351 1284; x_wconf 85' lang='lat' dir='ltr'><strong>Caesius,</strong></span> <span class='ocrx_word' id='word_1_77' title='bbox 373 1211 426 1297; x_wconf 91' lang='lat' dir='ltr'><strong>qui</strong></span> <span class='ocrx_word' id='word_1_78' title='bbox 449 1220 516 1276; x_wconf 90' lang='lat' dir='ltr'><strong>tum</strong></span> <span class='ocrx_word' id='word_1_79' title='bbox 537 1231 659 1276; x_wconf 89' lang='lat' dir='ltr'><strong>mecum</strong></span> <span class='ocrx_word' id='word_1_80' title='bbox 681 1210 747 1278; x_wconf 86' lang='lat' dir='ltr'><strong>luit</strong></span> <span class='ocrx_word' id='word_1_81' title='bbox 918 1268 925 1284; x_wconf 82' lang='lat'><strong>,</strong></span> 
     </span>
    </p>

    <p class='ocr_par' dir='ltr' id='par_1_3' title="bbox 133 1303 1717 3552">
     <span class='ocr_line' id='line_1_10' title="bbox 286 1303 1521 1391; baseline -0.001 -23"><span class='ocrx_word' id='word_1_82' title='bbox 286 1308 324 1369; x_wconf 90' lang='lat' dir='ltr'><strong>ll.</strong></span> <span class='ocrx_word' id='word_1_83' title='bbox 367 1308 397 1368; x_wconf 85' lang='grc'><strong>3.</strong></span> <span class='ocrx_word' id='word_1_84' title='bbox 418 1309 466 1370; x_wconf 83' lang='lat' dir='ltr'><strong>Ea</strong></span> <span class='ocrx_word' id='word_1_85' title='bbox 489 1326 528 1371; x_wconf 90' lang='lat' dir='ltr'><strong>co</strong></span> <span class='ocrx_word' id='word_1_86' title='bbox 549 1304 620 1369; x_wconf 93' lang='lat' dir='ltr'><strong>loco</strong></span> <span class='ocrx_word' id='word_1_87' title='bbox 641 1313 725 1368; x_wconf 88' lang='lat' dir='ltr'><strong>recta</strong></span> <span class='ocrx_word' id='word_1_88' title='bbox 746 1304 897 1370; x_wconf 89' lang='lat' dir='ltr'><strong>Vitularia</strong></span> <span class='ocrx_word' id='word_1_89' title='bbox 919 1305 970 1370; x_wconf 87' lang='lat' dir='ltr'><strong>via</strong></span> <span class='ocrx_word' id='word_1_90' title='bbox 991 1305 1124 1391; x_wconf 88' lang='lat' dir='ltr'><strong>profecti</strong></span> <span class='ocrx_word' id='word_1_91' title='bbox 1145 1319 1252 1372; x_wconf 83' lang='lat' dir='ltr'><strong>sumus</strong></span> <span class='ocrx_word' id='word_1_92' title='bbox 1274 1307 1307 1369; x_wconf 94' lang='lat' dir='ltr'><strong>in</strong></span> <span class='ocrx_word' id='word_1_93' title='bbox 1328 1303 1521 1370; x_wconf 86' lang='lat' dir='ltr'><strong>Fufidianum</strong></span> 
     </span>
     <span class='ocr_line' id='line_1_11' title="bbox 203 1397 1559 1485; baseline -0.004 -23"><span class='ocrx_word' id='word_1_94' title='bbox 203 1397 353 1470; x_wconf 90' lang='lat' dir='ltr'><strong>lundum,</strong></span> <span class='ocrx_word' id='word_1_95' title='bbox 387 1417 480 1484; x_wconf 90' lang='lat' dir='ltr'><strong>quem</strong></span> <span class='ocrx_word' id='word_1_96' title='bbox 509 1397 566 1464; x_wconf 92' lang='lat' dir='ltr'><strong>tihi</strong></span> <span class='ocrx_word' id='word_1_97' title='bbox 592 1398 745 1484; x_wconf 78' lang='lat' dir='ltr'><strong>proximis</strong></span> <span class='ocrx_word' id='word_1_98' title='bbox 775 1399 890 1464; x_wconf 88' lang='lat' dir='ltr'><strong>nuntiis</strong></span> <span class='ocrx_word' id='word_1_99' title='bbox 916 1399 1025 1485; x_wconf 82' lang='lat' dir='ltr'><strong>Arpini</strong></span> <span class='ocrx_word' id='word_1_100' title='bbox 1054 1398 1094 1464; x_wconf 90' lang='lat' dir='ltr'><strong>de</strong></span> <span class='ocrx_word' id='word_1_101' title='bbox 1122 1399 1242 1465; x_wconf 88' lang='lat' dir='ltr'><strong>Fufidio</strong></span> <span class='ocrx_word' id='word_1_102' title='bbox 1271 1401 1341 1464; x_wconf 73' lang='lat' dir='ltr'><strong>lta.</strong></span> <span class='ocrx_word' id='word_1_103' title='bbox 1371 1415 1520 1464; x_wconf 79' lang='lat' dir='ltr'><strong>coerano.</strong></span> <span class='ocrx_word' id='word_1_104' title='bbox 1535 1421 1559 1459; x_wconf 76' lang='grc' dir='ltr'><strong>ιιι</strong></span> 
     </span>
     <span class='ocr_line' id='line_1_12' title="bbox 203 1490 1522 1578; baseline 0.001 -24"><span class='ocrx_word' id='word_1_105' title='bbox 203 1510 388 1555; x_wconf 81' lang='lat' dir='ltr'><strong>emeramus.</strong></span> <span class='ocrx_word' id='word_1_106' title='bbox 441 1496 508 1576; x_wconf 89' lang='lat' dir='ltr'><strong>Ego</strong></span> <span class='ocrx_word' id='word_1_107' title='bbox 536 1492 641 1558; x_wconf 90' lang='lat' dir='ltr'><strong>locum</strong></span> <span class='ocrx_word' id='word_1_108' title='bbox 669 1500 785 1558; x_wconf 85' lang='lat' dir='ltr'><strong>aestate</strong></span> <span class='ocrx_word' id='word_1_109' title='bbox 815 1490 1046 1559; x_wconf 85' lang='lat' dir='ltr'><strong>umbrosiorem</strong></span> <span class='ocrx_word' id='word_1_110' title='bbox 1069 1493 1132 1558; x_wconf 86' lang='lat' dir='ltr'><strong>vidi</strong></span> <span class='ocrx_word' id='word_1_111' title='bbox 1155 1513 1328 1578; x_wconf 69' lang='lat' dir='ltr'><strong>nunquam</strong></span> <span class='ocrx_word' id='word_1_112' title='bbox 1359 1491 1522 1578; x_wconf 87' lang='lat' dir='ltr'><strong>permultis</strong></span> 
     </span>
     <span class='ocr_line' id='line_1_13' title="bbox 203 1583 1522 1675; baseline -0.001 -26"><span class='ocrx_word' id='word_1_113' title='bbox 203 1583 281 1649; x_wconf 89' lang='lat' dir='ltr'><strong>locis</strong></span> <span class='ocrx_word' id='word_1_114' title='bbox 301 1604 412 1670; x_wconf 90' lang='lat' dir='ltr'><strong>aquam</strong></span> <span class='ocrx_word' id='word_1_115' title='bbox 434 1583 655 1670; x_wconf 82' lang='lat' dir='ltr'><strong>profluentem,</strong></span> <span class='ocrx_word' id='word_1_116' title='bbox 678 1595 710 1650; x_wconf 90' lang='lat' dir='ltr'><strong>et</strong></span> <span class='ocrx_word' id='word_1_117' title='bbox 730 1607 797 1650; x_wconf 89' lang='lat' dir='ltr'><strong>cam</strong></span> <span class='ocrx_word' id='word_1_118' title='bbox 819 1585 959 1653; x_wconf 88' lang='lat' dir='ltr'><strong>uberem.</strong></span> <span class='ocrx_word' id='word_1_119' title='bbox 1005 1588 1087 1667; x_wconf 88' lang='lat' dir='ltr'><strong>Quid</strong></span> <span class='ocrx_word' id='word_1_120' title='bbox 1103 1587 1249 1675; x_wconf 82' lang='lat' dir='ltr'><strong>quaerisr</strong></span> <span class='ocrx_word' id='word_1_121' title='bbox 1271 1591 1382 1670; x_wconf 88' lang='lat' dir='ltr'><strong>iugera</strong></span> <span class='ocrx_word' id='word_1_122' title='bbox 1397 1605 1427 1652; x_wconf 85' lang='lat' dir='ltr'><strong>n.</strong></span> <span class='ocrx_word' id='word_1_123' title='bbox 1441 1587 1522 1673; x_wconf 86' lang='lat' dir='ltr'><strong>prati</strong></span> 
     </span>
     <span class='ocr_line' id='line_1_14' title="bbox 204 1677 1523 1768; baseline 0 -24"><span class='ocrx_word' id='word_1_124' title='bbox 204 1679 330 1744; x_wconf 88' lang='lat' dir='ltr'><strong>Caesius</strong></span> <span class='ocrx_word' id='word_1_125' title='bbox 358 1677 561 1763; x_wconf 79' lang='lat' dir='ltr'><strong>irrigaturum</strong></span> <span class='ocrx_word' id='word_1_126' title='bbox 590 1679 680 1744; x_wconf 82' lang='lat' dir='ltr'><strong>facile</strong></span> <span class='ocrx_word' id='word_1_127' title='bbox 706 1690 737 1745; x_wconf 85' lang='lat' dir='ltr'><strong>te</strong></span> <span class='ocrx_word' id='word_1_128' title='bbox 766 1679 985 1748; x_wconf 89' lang='lat' dir='ltr'><strong>arbitrabatur.</strong></span> <span class='ocrx_word' id='word_1_129' title='bbox 1028 1680 1180 1768; x_wconf 88' lang='lat' dir='ltr'><strong>Equidem</strong></span> <span class='ocrx_word' id='word_1_130' title='bbox 1202 1681 1277 1755; x_wconf 93' lang='lat' dir='ltr'><strong>hoc,</strong></span> <span class='ocrx_word' id='word_1_131' title='bbox 1306 1680 1391 1767; x_wconf 91' lang='lat' dir='ltr'><strong>quod</strong></span> <span class='ocrx_word' id='word_1_132' title='bbox 1412 1680 1523 1745; x_wconf 87' lang='lat' dir='ltr'><strong>melius</strong></span> 
     </span>
     <span class='ocr_line' id='line_1_15' title="bbox 203 1771 1710 1860; baseline 0.001 -24"><span class='ocrx_word' id='word_1_133' title='bbox 203 1772 357 1856; x_wconf 87' lang='lat' dir='ltr'><strong>intelligo,</strong></span> <span class='ocrx_word' id='word_1_134' title='bbox 389 1773 527 1850; x_wconf 88' lang='lat' dir='ltr'><strong>allirmo,</strong></span> <span class='ocrx_word' id='word_1_135' title='bbox 557 1771 687 1839; x_wconf 89' lang='lat' dir='ltr'><strong>mirilica</strong></span> <span class='ocrx_word' id='word_1_136' title='bbox 709 1774 859 1840; x_wconf 87' lang='lat' dir='ltr'><strong>suavitate</strong></span> <span class='ocrx_word' id='word_1_137' title='bbox 880 1784 910 1840; x_wconf 93' lang='lat' dir='ltr'><strong>te</strong></span> <span class='ocrx_word' id='word_1_138' title='bbox 932 1776 1036 1841; x_wconf 91' lang='lat' dir='ltr'><strong>villam</strong></span> <span class='ocrx_word' id='word_1_139' title='bbox 1059 1773 1400 1860; x_wconf 87' lang='lat' dir='ltr'><strong>habiturum,(piscina</strong></span> <span class='ocrx_word' id='word_1_140' title='bbox 1423 1783 1454 1838; x_wconf 94' lang='lat' dir='ltr'><strong>et</strong></span> <span class='ocrx_word' id='word_1_141' title='bbox 1474 1795 1521 1838; x_wconf 91' lang='lat' dir='ltr'><strong>sa·</strong></span> <span class='ocrx_word' id='word_1_142' title='bbox 1707 1853 1710 1858; x_wconf 27' lang='grc' dir='ltr'>Ι</span> 
     </span>
     <span class='ocr_line' id='line_1_16' title="bbox 203 1847 1717 2028; baseline 0 -96"><span class='ocrx_word' id='word_1_143' title='bbox 203 1865 352 1932; x_wconf 86' lang='lat' dir='ltr'><strong>bentibus</strong></span> <span class='ocrx_word' id='word_1_144' title='bbox 373 1865 502 1942; x_wconf 89' lang='lat' dir='ltr'><strong>additis,</strong></span> <span class='ocrx_word' id='word_1_145' title='bbox 533 1869 686 1954; x_wconf 90' lang='lat' dir='ltr'><strong>palaestra</strong></span> <span class='ocrx_word' id='word_1_146' title='bbox 707 1877 739 1933; x_wconf 88' lang='lat' dir='ltr'><strong>et</strong></span> <span class='ocrx_word' id='word_1_147' title='bbox 760 1867 837 1932; x_wconf 89' lang='lat' dir='ltr'><strong>silva</strong></span> <span class='ocrx_word' id='word_1_148' title='bbox 858 1860 1078 2028; x_wconf 55' lang='lat' dir='ltr'><strong>†viridicata&gt;</strong></span> <span class='ocrx_word' id='word_1_149' title='bbox 1110 1866 1252 1934; x_wconf 83' lang='lat' dir='ltr'><strong>Fundam</strong></span> <span class='ocrx_word' id='word_1_150' title='bbox 1274 1865 1368 1933; x_wconf 90' lang='lat' dir='ltr'><strong>audio</strong></span> <span class='ocrx_word' id='word_1_151' title='bbox 1389 1876 1420 1932; x_wconf 93' lang='lat' dir='ltr'><strong>te</strong></span> <span class='ocrx_word' id='word_1_152' title='bbox 1441 1867 1560 1932; x_wconf 78' lang='lat' dir='ltr'><strong>huncu</strong></span> <span class='ocrx_word' id='word_1_153' title='bbox 1602 1847 1717 1950; x_wconf 48' lang='grc' dir='ltr'><strong>*ΚΝ</strong></span> 
     </span>
     <span class='ocr_line' id='line_1_17' title="bbox 203 1961 1524 2049; baseline 0 -23"><span class='ocrx_word' id='word_1_154' title='bbox 203 1961 399 2026; x_wconf 85' lang='lat' dir='ltr'><strong>Bovillanum</strong></span> <span class='ocrx_word' id='word_1_155' title='bbox 428 1962 507 2027; x_wconf 88' lang='lat' dir='ltr'><strong>velle</strong></span> <span class='ocrx_word' id='word_1_156' title='bbox 536 1963 683 2027; x_wconf 89' lang='lat' dir='ltr'><strong>retinere.</strong></span> <span class='ocrx_word' id='word_1_157' title='bbox 725 1966 771 2026; x_wconf 90' lang='lat' dir='ltr'><strong>De</strong></span> <span class='ocrx_word' id='word_1_158' title='bbox 799 1961 934 2048; x_wconf 88' lang='lat' dir='ltr'><strong>ecquid</strong></span> <span class='ocrx_word' id='word_1_159' title='bbox 963 1962 1121 2043; x_wconf 86' lang='lat' dir='ltr'><strong>videaur,</strong></span> <span class='ocrx_word' id='word_1_160' title='bbox 1148 1963 1214 2049; x_wconf 89' lang='lat' dir='ltr'><strong>ipse</strong></span> <span class='ocrx_word' id='word_1_161' title='bbox 1235 1963 1413 2028; x_wconf 85' lang='lat' dir='ltr'><strong>constitues.</strong></span> <span class='ocrx_word' id='word_1_162' title='bbox 1456 1962 1524 2028; x_wconf 87' lang='lat' dir='ltr'><strong>Cal-</strong></span> 
     </span>
     <span class='ocr_line' id='line_1_18' title="bbox 204 2053 1522 2143; baseline -0.002 -23"><span class='ocrx_word' id='word_1_163' title='bbox 204 2077 261 2120; x_wconf 88' lang='lat' dir='ltr'><strong>vus</strong></span> <span class='ocrx_word' id='word_1_164' title='bbox 284 2055 402 2129; x_wconf 91' lang='lat' dir='ltr'><strong>aiehat,</strong></span> <span class='ocrx_word' id='word_1_165' title='bbox 425 2076 506 2143; x_wconf 89' lang='lat' dir='ltr'><strong>aqua</strong></span> <span class='ocrx_word' id='word_1_166' title='bbox 526 2055 651 2142; x_wconf 88' lang='lat' dir='ltr'><strong>dempta</strong></span> <span class='ocrx_word' id='word_1_167' title='bbox 673 2064 705 2120; x_wconf 88' lang='lat' dir='ltr'><strong>et</strong></span> <span class='ocrx_word' id='word_1_168' title='bbox 725 2055 796 2120; x_wconf 90' lang='lat' dir='ltr'><strong>eins</strong></span> <span class='ocrx_word' id='word_1_169' title='bbox 817 2076 915 2143; x_wconf 90' lang='lat' dir='ltr'><strong>aquae</strong></span> <span class='ocrx_word' id='word_1_170' title='bbox 936 2055 1007 2122; x_wconf 91' lang='lat' dir='ltr'><strong>iure</strong></span> <span class='ocrx_word' id='word_1_171' title='bbox 1029 2058 1195 2123; x_wconf 89' lang='lat' dir='ltr'><strong>constituto</strong></span> <span class='ocrx_word' id='word_1_172' title='bbox 1211 2065 1242 2122; x_wconf 90' lang='lat' dir='ltr'><strong>et</strong></span> <span class='ocrx_word' id='word_1_173' title='bbox 1255 2061 1404 2123; x_wconf 84' lang='lat' dir='ltr'><strong>servitute</strong></span> <span class='ocrx_word' id='word_1_174' title='bbox 1425 2053 1522 2120; x_wconf 87' lang='lat' dir='ltr'><strong>fundo</strong></span> 
     </span>
     <span class='ocr_line' id='line_1_19' title="bbox 202 2148 1522 2238; baseline -0.002 -23"><span class='ocrx_word' id='word_1_175' title='bbox 202 2149 247 2216; x_wconf 93' lang='lat' dir='ltr'><strong>illi</strong></span> <span class='ocrx_word' id='word_1_176' title='bbox 275 2149 434 2235; x_wconf 88' lang='lat' dir='ltr'><strong>imposita,</strong></span> <span class='ocrx_word' id='word_1_177' title='bbox 463 2159 566 2215; x_wconf 72' lang='lat' dir='ltr'><strong>manen</strong></span> <span class='ocrx_word' id='word_1_178' title='bbox 593 2171 651 2215; x_wconf 90' lang='lat' dir='ltr'><strong>nos</strong></span> <span class='ocrx_word' id='word_1_179' title='bbox 681 2149 817 2237; x_wconf 87' lang='lat' dir='ltr'><strong>pretinm</strong></span> <span class='ocrx_word' id='word_1_180' title='bbox 846 2171 973 2216; x_wconf 87' lang='lat' dir='ltr'><strong>servare</strong></span> <span class='ocrx_word' id='word_1_181' title='bbox 1001 2172 1110 2238; x_wconf 90' lang='lat' dir='ltr'><strong>posse,</strong></span> <span class='ocrx_word' id='word_1_182' title='bbox 1143 2152 1171 2216; x_wconf 91' lang='lat' dir='ltr'><strong>si</strong></span> <span class='ocrx_word' id='word_1_183' title='bbox 1199 2151 1336 2216; x_wconf 87' lang='lat' dir='ltr'><strong>vendero</strong></span> <span class='ocrx_word' id='word_1_184' title='bbox 1361 2148 1522 2214; x_wconf 87' lang='lat' dir='ltr'><strong>vellemus.</strong></span> 
     </span>
     <span class='ocr_line' id='line_1_20' title="bbox 202 2242 1523 2331; baseline -0.004 -22"><span class='ocrx_word' id='word_1_185' title='bbox 202 2243 383 2309; x_wconf 82' lang='lat' dir='ltr'><strong>hlaseidinm</strong></span> <span class='ocrx_word' id='word_1_186' title='bbox 413 2263 535 2308; x_wconf 90' lang='lat' dir='ltr'><strong>mecum</strong></span> <span class='ocrx_word' id='word_1_187' title='bbox 567 2242 672 2309; x_wconf 89' lang='lat' dir='ltr'><strong>habui.</strong></span> <span class='ocrx_word' id='word_1_188' title='bbox 722 2249 752 2310; x_wconf 89' lang='lat' dir='ltr'><strong>ls</strong></span> <span class='ocrx_word' id='word_1_189' title='bbox 774 2245 925 2310; x_wconf 84' lang='lat' dir='ltr'><strong>aeternis</strong></span> <span class='ocrx_word' id='word_1_190' title='bbox 953 2250 1087 2310; x_wconf 91' lang='lat' dir='ltr'><strong>nummis</strong></span> <span class='ocrx_word' id='word_1_191' title='bbox 1108 2246 1141 2311; x_wconf 93' lang='lat' dir='ltr'><strong>in</strong></span> <span class='ocrx_word' id='word_1_192' title='bbox 1162 2244 1274 2331; x_wconf 88' lang='lat' dir='ltr'><strong>pedem</strong></span> <span class='ocrx_word' id='word_1_193' title='bbox 1300 2255 1403 2310; x_wconf 89' lang='lat' dir='ltr'><strong>tecum</strong></span> <span class='ocrx_word' id='word_1_194' title='bbox 1424 2252 1523 2306; x_wconf 89' lang='lat' dir='ltr'><strong>traus-</strong></span> 
     </span>
     <span class='ocr_line' id='line_1_21' title="bbox 204 2335 1560 2425; baseline -0.004 -23"><span class='ocrx_word' id='word_1_195' title='bbox 204 2337 305 2422; x_wconf 88' lang='lat' dir='ltr'><strong>egisse</strong></span> <span class='ocrx_word' id='word_1_196' title='bbox 338 2335 483 2416; x_wconf 89' lang='lat' dir='ltr'><strong>dioehat;</strong></span> <span class='ocrx_word' id='word_1_197' title='bbox 519 2358 589 2403; x_wconf 90' lang='lat' dir='ltr'><strong>sese</strong></span> <span class='ocrx_word' id='word_1_198' title='bbox 620 2347 724 2403; x_wconf 90' lang='lat' dir='ltr'><strong>autem</strong></span> <span class='ocrx_word' id='word_1_199' title='bbox 759 2359 901 2404; x_wconf 89' lang='lat' dir='ltr'><strong>mensum</strong></span> <span class='ocrx_word' id='word_1_200' title='bbox 932 2337 1065 2425; x_wconf 90' lang='lat' dir='ltr'><strong>pedihus</strong></span> <span class='ocrx_word' id='word_1_201' title='bbox 1098 2338 1200 2404; x_wconf 87' lang='lat' dir='ltr'><strong>aiehat</strong></span> <span class='ocrx_word' id='word_1_202' title='bbox 1231 2358 1377 2424; x_wconf 88' lang='lat' dir='ltr'><strong>passuum</strong></span> <span class='ocrx_word' id='word_1_203' title='bbox 1413 2351 1560 2400; x_wconf 69' lang='lat' dir='ltr'><strong>ruciam</strong></span> 
     </span>
     <span class='ocr_line' id='line_1_22' title="bbox 202 2430 1523 2520; baseline -0.004 -22"><span class='ocrx_word' id='word_1_204' title='bbox 202 2430 279 2498; x_wconf 87' lang='lat' dir='ltr'><strong>hlihi</strong></span> <span class='ocrx_word' id='word_1_205' title='bbox 307 2431 377 2517; x_wconf 92' lang='lat' dir='ltr'><strong>plus</strong></span> <span class='ocrx_word' id='word_1_206' title='bbox 405 2432 508 2498; x_wconf 89' lang='lat' dir='ltr'><strong>visum</strong></span> <span class='ocrx_word' id='word_1_207' title='bbox 537 2440 594 2497; x_wconf 90' lang='lat' dir='ltr'><strong>est.</strong></span> <span class='ocrx_word' id='word_1_208' title='bbox 650 2432 711 2498; x_wconf 84' lang='lat' dir='ltr'><strong>Sed</strong></span> <span class='ocrx_word' id='word_1_209' title='bbox 741 2431 907 2519; x_wconf 87' lang='lat' dir='ltr'><strong>praestabo</strong></span> <span class='ocrx_word' id='word_1_210' title='bbox 935 2443 1091 2518; x_wconf 90' lang='lat' dir='ltr'><strong>sumptum</strong></span> <span class='ocrx_word' id='word_1_211' title='bbox 1120 2455 1272 2520; x_wconf 78' lang='lat' dir='ltr'><strong>nmquam</strong></span> <span class='ocrx_word' id='word_1_212' title='bbox 1298 2432 1409 2496; x_wconf 87' lang='lat' dir='ltr'><strong>melius</strong></span> <span class='ocrx_word' id='word_1_213' title='bbox 1429 2449 1523 2516; x_wconf 91' lang='lat' dir='ltr'><strong>posse</strong></span> 
     </span>
     <span class='ocr_line' id='line_1_23' title="bbox 203 2521 1523 2615; baseline -0.004 -25"><span class='ocrx_word' id='word_1_214' title='bbox 203 2525 287 2612; x_wconf 93' lang='lat' dir='ltr'><strong>poni.</strong></span> <span class='ocrx_word' id='word_1_215' title='bbox 345 2524 495 2591; x_wconf 76' lang='lat' dir='ltr'><strong>cillonem</strong></span> <span class='ocrx_word' id='word_1_216' title='bbox 524 2525 726 2590; x_wconf 87' lang='lat' dir='ltr'><strong>arcessieram</strong></span> <span class='ocrx_word' id='word_1_217' title='bbox 754 2526 902 2595; x_wconf 87' lang='lat' dir='ltr'><strong>Venalro.</strong></span> <span class='ocrx_word' id='word_1_218' title='bbox 960 2525 1022 2592; x_wconf 89' lang='lat' dir='ltr'><strong>Sed</strong></span> <span class='ocrx_word' id='word_1_219' title='bbox 1049 2543 1088 2592; x_wconf 84' lang='lat' dir='ltr'><strong>eo</strong></span> <span class='ocrx_word' id='word_1_220' title='bbox 1116 2527 1186 2615; x_wconf 91' lang='lat' dir='ltr'><strong>ipso</strong></span> <span class='ocrx_word' id='word_1_221' title='bbox 1213 2528 1263 2593; x_wconf 93' lang='lat' dir='ltr'><strong>die</strong></span> <span class='ocrx_word' id='word_1_222' title='bbox 1285 2534 1433 2614; x_wconf 90' lang='lat' dir='ltr'><strong>quattuor</strong></span> <span class='ocrx_word' id='word_1_223' title='bbox 1455 2521 1523 2586; x_wconf 89' lang='lat' dir='ltr'><strong>eius</strong></span> 
     </span>
     <span class='ocr_line' id='line_1_24' title="bbox 133 2617 1522 2707; baseline -0.004 -23"><span class='ocrx_word' id='word_1_224' title='bbox 133 2617 137 2625; x_wconf 75' lang='grc'><em>“</em></span> <span class='ocrx_word' id='word_1_225' title='bbox 203 2639 373 2685; x_wconf 88' lang='lat' dir='ltr'><strong>conservos</strong></span> <span class='ocrx_word' id='word_1_226' title='bbox 403 2627 435 2684; x_wconf 90' lang='lat' dir='ltr'><strong>et</strong></span> <span class='ocrx_word' id='word_1_227' title='bbox 462 2619 632 2706; x_wconf 87' lang='lat' dir='ltr'><strong>discipulos</strong></span> <span class='ocrx_word' id='word_1_228' title='bbox 660 2620 787 2687; x_wconf 90' lang='lat' dir='ltr'><strong>Venalri</strong></span> <span class='ocrx_word' id='word_1_229' title='bbox 815 2619 975 2686; x_wconf 90' lang='lat' dir='ltr'><strong>cuniculus</strong></span> <span class='ocrx_word' id='word_1_230' title='bbox 1005 2631 1213 2707; x_wconf 87' lang='lat' dir='ltr'><strong>oppresserat.</strong></span> <span class='ocrx_word' id='word_1_231' title='bbox 1255 2624 1286 2687; x_wconf 83' lang='grc'><strong>1.</strong></span> <span class='ocrx_word' id='word_1_232' title='bbox 1309 2618 1415 2686; x_wconf 87' lang='lat' dir='ltr'><strong>ldihus</strong></span> <span class='ocrx_word' id='word_1_233' title='bbox 1438 2620 1522 2702; x_wconf 88' lang='lat' dir='ltr'><strong>Sept.</strong></span> 
     </span>
     <span class='ocr_line' id='line_1_25' title="bbox 204 2709 1521 2801; baseline -0.006 -22"><span class='ocrx_word' id='word_1_234' title='bbox 204 2715 236 2779; x_wconf 94' lang='lat' dir='ltr'><strong>in</strong></span> <span class='ocrx_word' id='word_1_235' title='bbox 251 2714 375 2779; x_wconf 88' lang='lat' dir='ltr'><strong>Laterio</strong></span> <span class='ocrx_word' id='word_1_236' title='bbox 393 2713 448 2779; x_wconf 89' lang='lat' dir='ltr'><strong>lui.</strong></span> <span class='ocrx_word' id='word_1_237' title='bbox 491 2714 579 2781; x_wconf 85' lang='lat' dir='ltr'><strong>Viam</strong></span> <span class='ocrx_word' id='word_1_238' title='bbox 600 2714 769 2800; x_wconf 85' lang='lat' dir='ltr'><strong>perspexi,</strong></span> <span class='ocrx_word' id='word_1_239' title='bbox 792 2735 871 2800; x_wconf 89' lang='lat' dir='ltr'><strong>quac</strong></span> <span class='ocrx_word' id='word_1_240' title='bbox 892 2711 969 2778; x_wconf 90' lang='lat' dir='ltr'><strong>mihi</strong></span> <span class='ocrx_word' id='word_1_241' title='bbox 989 2713 1031 2778; x_wconf 89' lang='lat' dir='ltr'><strong>ita</strong></span> <span class='ocrx_word' id='word_1_242' title='bbox 1052 2715 1185 2801; x_wconf 89' lang='lat' dir='ltr'><strong>placuit,</strong></span> <span class='ocrx_word' id='word_1_243' title='bbox 1207 2724 1242 2783; x_wconf 89' lang='lat' dir='ltr'><strong>ut</strong></span> <span class='ocrx_word' id='word_1_244' title='bbox 1263 2735 1343 2801; x_wconf 81' lang='lat' dir='ltr'><strong>opus</strong></span> <span class='ocrx_word' id='word_1_245' title='bbox 1364 2709 1521 2798; x_wconf 91' lang='lat' dir='ltr'><strong>publicum</strong></span> 
     </span>
     <span class='ocr_line' id='line_1_26' title="bbox 204 2807 1559 2894; baseline -0.005 -20"><span class='ocrx_word' id='word_1_246' title='bbox 204 2808 366 2875; x_wconf 87' lang='lat' dir='ltr'><strong>videretur</strong></span> <span class='ocrx_word' id='word_1_247' title='bbox 392 2828 476 2880; x_wconf 90' lang='lat' dir='ltr'><strong>esse,</strong></span> <span class='ocrx_word' id='word_1_248' title='bbox 504 2816 631 2893; x_wconf 88' lang='lat' dir='ltr'><strong>praeter</strong></span> <span class='ocrx_word' id='word_1_249' title='bbox 652 2827 702 2874; x_wconf 82' lang='lat' dir='ltr'><strong>cn.</strong></span> <span class='ocrx_word' id='word_1_250' title='bbox 724 2829 843 2894; x_wconf 88' lang='lat' dir='ltr'><strong>passus.</strong></span> <span class='ocrx_word' id='word_1_251' title='bbox 885 2813 961 2874; x_wconf 89' lang='lat' dir='ltr'><strong>Sum</strong></span> <span class='ocrx_word' id='word_1_252' title='bbox 983 2810 1065 2875; x_wconf 90' lang='lat' dir='ltr'><strong>enim</strong></span> <span class='ocrx_word' id='word_1_253' title='bbox 1087 2809 1155 2894; x_wconf 91' lang='lat' dir='ltr'><strong>ipse</strong></span> <span class='ocrx_word' id='word_1_254' title='bbox 1176 2831 1301 2874; x_wconf 90' lang='lat' dir='ltr'><strong>mensus</strong></span> <span class='ocrx_word' id='word_1_255' title='bbox 1323 2807 1361 2873; x_wconf 94' lang='lat' dir='ltr'><strong>ah</strong></span> <span class='ocrx_word' id='word_1_256' title='bbox 1383 2825 1423 2870; x_wconf 90' lang='lat' dir='ltr'><strong>eo</strong></span> <span class='ocrx_word' id='word_1_257' title='bbox 1444 2821 1559 2890; x_wconf 75' lang='lat' dir='ltr'><strong>pon-aa</strong></span> 
     </span>
     <span class='ocr_line' id='line_1_27' title="bbox 203 2892 1521 2989; baseline -0.003 -23"><span class='ocrx_word' id='word_1_258' title='bbox 203 2902 315 2974; x_wconf 91' lang='lat' dir='ltr'><strong>ticulo,</strong></span> <span class='ocrx_word' id='word_1_259' title='bbox 339 2900 393 2986; x_wconf 90' lang='lat' dir='ltr'><strong>qui</strong></span> <span class='ocrx_word' id='word_1_260' title='bbox 415 2910 462 2966; x_wconf 89' lang='lat' dir='ltr'><strong>est</strong></span> <span class='ocrx_word' id='word_1_261' title='bbox 483 2901 522 2966; x_wconf 91' lang='lat' dir='ltr'><strong>ad</strong></span> <span class='ocrx_word' id='word_1_262' title='bbox 543 2901 692 2978; x_wconf 83' lang='lat' dir='ltr'><strong>Furinae,</strong></span> <span class='ocrx_word' id='word_1_263' title='bbox 716 2901 868 2966; x_wconf 84' lang='lat' dir='ltr'><strong>Satricum</strong></span> <span class='ocrx_word' id='word_1_264' title='bbox 890 2923 1010 2968; x_wconf 86' lang='lat' dir='ltr'><strong>versus.</strong></span> <span class='ocrx_word' id='word_1_265' title='bbox 1038 2892 1099 2983; x_wconf 72' lang='lat' dir='ltr'><strong>(Eo</strong></span> <span class='ocrx_word' id='word_1_266' title='bbox 1113 2902 1183 2967; x_wconf 91' lang='lat' dir='ltr'><strong>loco</strong></span> <span class='ocrx_word' id='word_1_267' title='bbox 1198 2903 1316 2989; x_wconf 88' lang='lat' dir='ltr'><strong>pulvis,</strong></span> <span class='ocrx_word' id='word_1_268' title='bbox 1338 2921 1401 2966; x_wconf 88' lang='lat' dir='ltr'><strong>non</strong></span> <span class='ocrx_word' id='word_1_269' title='bbox 1416 2899 1521 2986; x_wconf 89' lang='lat' dir='ltr'><strong>glarea</strong></span> 
     </span>
     <span class='ocr_line' id='line_1_28' title="bbox 203 2992 1669 3154; baseline -0.005 -92"><span class='ocrx_word' id='word_1_270' title='bbox 203 2995 314 3086; x_wconf 84' lang='lat' dir='ltr'><strong>iniecta</strong></span> <span class='ocrx_word' id='word_1_271' title='bbox 336 2993 402 3154; x_wconf 49' lang='lat' dir='ltr'><strong>es?</strong></span> <span class='ocrx_word' id='word_1_272' title='bbox 422 3005 453 3061; x_wconf 88' lang='lat' dir='ltr'><strong>et</strong></span> <span class='ocrx_word' id='word_1_273' title='bbox 474 2995 657 3070; x_wconf 90' lang='lat' dir='ltr'><strong>mutabitur,</strong></span> <span class='ocrx_word' id='word_1_274' title='bbox 690 3003 720 3060; x_wconf 90' lang='lat' dir='ltr'><strong>ct</strong></span> <span class='ocrx_word' id='word_1_275' title='bbox 741 3016 778 3059; x_wconf 86' lang='lat' dir='ltr'><strong>ea</strong></span> <span class='ocrx_word' id='word_1_276' title='bbox 799 2995 868 3060; x_wconf 91' lang='lat' dir='ltr'><strong>viae</strong></span> <span class='ocrx_word' id='word_1_277' title='bbox 889 3017 962 3082; x_wconf 90' lang='lat' dir='ltr'><strong>pars</strong></span> <span class='ocrx_word' id='word_1_278' title='bbox 985 2995 1074 3060; x_wconf 89' lang='lat' dir='ltr'><strong>valde</strong></span> <span class='ocrx_word' id='word_1_279' title='bbox 1095 2996 1219 3060; x_wconf 90' lang='lat' dir='ltr'><strong>acclivis</strong></span> <span class='ocrx_word' id='word_1_280' title='bbox 1240 3006 1297 3062; x_wconf 91' lang='lat' dir='ltr'><strong>est.</strong></span> <span class='ocrx_word' id='word_1_281' title='bbox 1350 2993 1412 3059; x_wconf 87' lang='lat' dir='ltr'><strong>Sed</strong></span> <span class='ocrx_word' id='word_1_282' title='bbox 1432 2992 1522 3058; x_wconf 90' lang='lat' dir='ltr'><strong>intel-</strong></span> <span class='ocrx_word' id='word_1_283' title='bbox 1589 2993 1669 3054; x_wconf 52' lang='lat' dir='ltr'><strong>aa*</strong></span> 
     </span>
     <span class='ocr_line' id='line_1_29' title="bbox 203 3089 1519 3176; baseline -0.005 -21"><span class='ocrx_word' id='word_1_284' title='bbox 203 3089 268 3155; x_wconf 80' lang='lat' dir='ltr'><strong>leri</strong></span> <span class='ocrx_word' id='word_1_285' title='bbox 295 3090 367 3155; x_wconf 88' lang='lat' dir='ltr'><strong>alite</strong></span> <span class='ocrx_word' id='word_1_286' title='bbox 416 3089 488 3156; x_wconf 90' lang='lat' dir='ltr'><strong>duci</strong></span> <span class='ocrx_word' id='word_1_287' title='bbox 516 3111 580 3156; x_wconf 92' lang='lat' dir='ltr'><strong>non</strong></span> <span class='ocrx_word' id='word_1_288' title='bbox 607 3090 764 3176; x_wconf 89' lang='lat' dir='ltr'><strong>potuisse,</strong></span> <span class='ocrx_word' id='word_1_289' title='bbox 795 3089 980 3175; x_wconf 83' lang='lat' dir='ltr'><strong>praesertim</strong></span> <span class='ocrx_word' id='word_1_290' title='bbox 1008 3110 1079 3154; x_wconf 91' lang='lat' dir='ltr'><strong>cum</strong></span> <span class='ocrx_word' id='word_1_291' title='bbox 1110 3099 1144 3155; x_wconf 91' lang='lat' dir='ltr'><strong>tu</strong></span> <span class='ocrx_word' id='word_1_292' title='bbox 1165 3111 1267 3176; x_wconf 90' lang='lat' dir='ltr'><strong>neque</strong></span> <span class='ocrx_word' id='word_1_293' title='bbox 1291 3109 1348 3176; x_wconf 94' lang='lat' dir='ltr'><strong>per</strong></span> <span class='ocrx_word' id='word_1_294' title='bbox 1368 3092 1519 3152; x_wconf 83' lang='lat' dir='ltr'><strong>Locustae</strong></span> 
     </span>
     <span class='ocr_line' id='line_1_30' title="bbox 204 3182 1521 3268; baseline -0.004 -20"><span class='ocrx_word' id='word_1_295' title='bbox 204 3203 305 3268; x_wconf 88' lang='lat' dir='ltr'><strong>neque</strong></span> <span class='ocrx_word' id='word_1_296' title='bbox 336 3183 487 3251; x_wconf 86' lang='lat' dir='ltr'><strong>Varronis</strong></span> <span class='ocrx_word' id='word_1_297' title='bbox 521 3182 616 3248; x_wconf 88' lang='lat' dir='ltr'><strong>velles</strong></span> <span class='ocrx_word' id='word_1_298' title='bbox 653 3182 778 3248; x_wconf 89' lang='lat' dir='ltr'><strong>ducere.</strong></span> <span class='ocrx_word' id='word_1_299' title='bbox 851 3183 1002 3250; x_wconf 87' lang='lat' dir='ltr'><strong>Veluinus</strong></span> <span class='ocrx_word' id='word_1_300' title='bbox 1037 3192 1107 3248; x_wconf 87' lang='lat' dir='ltr'><strong>ante</strong></span> <span class='ocrx_word' id='word_1_301' title='bbox 1139 3205 1230 3249; x_wconf 89' lang='lat' dir='ltr'><strong>snum</strong></span> <span class='ocrx_word' id='word_1_302' title='bbox 1260 3183 1390 3249; x_wconf 70' lang='lat' dir='ltr'><strong>modum</strong></span> <span class='ocrx_word' id='word_1_303' title='bbox 1421 3199 1521 3266; x_wconf 90' lang='lat' dir='ltr'><strong>prope</strong></span> 
     </span>
     <span class='ocr_line' id='line_1_31' title="bbox 204 3275 1560 3364; baseline -0.004 -24"><span class='ocrx_word' id='word_1_304' title='bbox 204 3275 368 3345; x_wconf 86' lang='lat' dir='ltr'><strong>munierat.</strong></span> <span class='ocrx_word' id='word_1_305' title='bbox 416 3281 549 3342; x_wconf 89' lang='lat' dir='ltr'><strong>Locusta</strong></span> <span class='ocrx_word' id='word_1_306' title='bbox 575 3297 638 3342; x_wconf 92' lang='lat' dir='ltr'><strong>non</strong></span> <span class='ocrx_word' id='word_1_307' title='bbox 665 3278 823 3364; x_wconf 78' lang='lat' dir='ltr'><strong>attigerat:</strong></span> <span class='ocrx_word' id='word_1_308' title='bbox 857 3299 950 3364; x_wconf 63' lang='lat' dir='ltr'><strong>mem</strong></span> <span class='ocrx_word' id='word_1_309' title='bbox 979 3297 1038 3362; x_wconf 90' lang='lat' dir='ltr'><strong>ego</strong></span> <span class='ocrx_word' id='word_1_310' title='bbox 1067 3282 1184 3344; x_wconf 82' lang='lat' dir='ltr'><strong>Romae</strong></span> <span class='ocrx_word' id='word_1_311' title='bbox 1214 3275 1379 3362; x_wconf 83' lang='lat' dir='ltr'><strong>aggrediar</strong></span> <span class='ocrx_word' id='word_1_312' title='bbox 1406 3283 1456 3347; x_wconf 87' lang='lat' dir='ltr'><strong>et,</strong></span> <span class='ocrx_word' id='word_1_313' title='bbox 1487 3281 1560 3337; x_wconf 75' lang='lat' dir='ltr'><strong>uaso</strong></span> 
     </span>
     <span class='ocr_line' id='line_1_32' title="bbox 204 3365 1522 3454; baseline -0.003 -20"><span class='ocrx_word' id='word_1_314' title='bbox 204 3367 357 3446; x_wconf 92' lang='lat' dir='ltr'><strong>arbitror,</strong></span> <span class='ocrx_word' id='word_1_315' title='bbox 390 3370 611 3446; x_wconf 81' lang='lat' dir='ltr'><strong>commovebo,</strong></span> <span class='ocrx_word' id='word_1_316' title='bbox 640 3381 672 3438; x_wconf 90' lang='lat' dir='ltr'><strong>et</strong></span> <span class='ocrx_word' id='word_1_317' title='bbox 699 3372 790 3437; x_wconf 91' lang='lat' dir='ltr'><strong>simul</strong></span> <span class='ocrx_word' id='word_1_318' title='bbox 817 3377 859 3437; x_wconf 87' lang='grc' dir='ltr'><strong>Μ.</strong></span> <span class='ocrx_word' id='word_1_319' title='bbox 885 3377 1044 3447; x_wconf 89' lang='lat' dir='ltr'><strong>Taurum,</strong></span> <span class='ocrx_word' id='word_1_320' title='bbox 1076 3392 1169 3453; x_wconf 89' lang='lat' dir='ltr'><strong>quem</strong></span> <span class='ocrx_word' id='word_1_321' title='bbox 1194 3370 1249 3437; x_wconf 93' lang='lat' dir='ltr'><strong>tihi</strong></span> <span class='ocrx_word' id='word_1_322' title='bbox 1278 3369 1372 3436; x_wconf 90' lang='lat' dir='ltr'><strong>audio</strong></span> <span class='ocrx_word' id='word_1_323' title='bbox 1404 3365 1522 3454; x_wconf 89' lang='lat' dir='ltr'><strong>promi·</strong></span> 
     </span>
     <span class='ocr_line' id='line_1_33' title="bbox 204 3457 1520 3552; baseline -0.004 -24"><span class='ocrx_word' id='word_1_324' title='bbox 204 3463 297 3546; x_wconf 80' lang='lat' dir='ltr'><strong>sisso,</strong></span> <span class='ocrx_word' id='word_1_325' title='bbox 320 3463 374 3551; x_wconf 90' lang='lat' dir='ltr'><strong>qui</strong></span> <span class='ocrx_word' id='word_1_326' title='bbox 397 3485 478 3529; x_wconf 89' lang='lat' dir='ltr'><strong>nunc</strong></span> <span class='ocrx_word' id='word_1_327' title='bbox 500 3469 616 3530; x_wconf 83' lang='lat' dir='ltr'><strong>Romae</strong></span> <span class='ocrx_word' id='word_1_328' title='bbox 638 3475 724 3539; x_wconf 88' lang='lat' dir='ltr'><strong>erat,</strong></span> <span class='ocrx_word' id='word_1_329' title='bbox 746 3465 785 3530; x_wconf 94' lang='lat' dir='ltr'><strong>de</strong></span> <span class='ocrx_word' id='word_1_330' title='bbox 806 3487 887 3552; x_wconf 90' lang='lat' dir='ltr'><strong>aqua</strong></span> <span class='ocrx_word' id='word_1_331' title='bbox 909 3465 1118 3552; x_wconf 87' lang='lat' dir='ltr'><strong>perfundam</strong></span> <span class='ocrx_word' id='word_1_332' title='bbox 1139 3469 1206 3530; x_wconf 88' lang='lat' dir='ltr'><strong>eius</strong></span> <span class='ocrx_word' id='word_1_333' title='bbox 1228 3460 1368 3530; x_wconf 88' lang='lat' dir='ltr'><strong>ducenda</strong></span> <span class='ocrx_word' id='word_1_334' title='bbox 1390 3457 1520 3545; x_wconf 80' lang='lat' dir='ltr'><strong>rogabo.</strong></span> 
     </span>
    </p>

    <p class='ocr_par' dir='ltr' id='par_1_4' title="bbox 204 3553 1641 3740">
     <span class='ocr_line' id='line_1_34' title="bbox 204 3553 1641 3646; baseline -0.003 -25"><span class='ocrx_word' id='word_1_335' title='bbox 204 3561 234 3622; x_wconf 82' lang='lat'><strong>5.</strong></span> <span class='ocrx_word' id='word_1_336' title='bbox 256 3556 482 3643; x_wconf 87' lang='lat' dir='ltr'><strong>Nicephorum,</strong></span> <span class='ocrx_word' id='word_1_337' title='bbox 505 3558 640 3630; x_wconf 89' lang='lat' dir='ltr'><strong>villicum</strong></span> <span class='ocrx_word' id='word_1_338' title='bbox 664 3568 767 3632; x_wconf 89' lang='lat' dir='ltr'><strong>tuum,</strong></span> <span class='ocrx_word' id='word_1_339' title='bbox 790 3581 864 3624; x_wconf 86' lang='lat' dir='ltr'><strong>sane</strong></span> <span class='ocrx_word' id='word_1_340' title='bbox 886 3557 1033 3646; x_wconf 84' lang='lat' dir='ltr'><strong>probavi,</strong></span> <span class='ocrx_word' id='word_1_341' title='bbox 1055 3559 1259 3646; x_wconf 87' lang='lat' dir='ltr'><strong>quaesivique</strong></span> <span class='ocrx_word' id='word_1_342' title='bbox 1276 3579 1317 3622; x_wconf 85' lang='lat' dir='ltr'><strong>ex</strong></span> <span class='ocrx_word' id='word_1_343' title='bbox 1331 3575 1386 3630; x_wconf 89' lang='lat' dir='ltr'><strong>eo,</strong></span> <span class='ocrx_word' id='word_1_344' title='bbox 1408 3553 1521 3640; x_wconf 85' lang='lat' dir='ltr'><strong>ecquid</strong></span> <span class='ocrx_word' id='word_1_345' title='bbox 1635 3569 1641 3600; x_wconf 69' lang='lat'>2</span> 
     </span>
     <span class='ocr_line' id='line_1_35' title="bbox 204 3647 1522 3740; baseline -0.005 -23"><span class='ocrx_word' id='word_1_346' title='bbox 204 3651 234 3717; x_wconf 88' lang='lat' dir='ltr'><strong>ei</strong></span> <span class='ocrx_word' id='word_1_347' title='bbox 255 3649 294 3716; x_wconf 89' lang='lat' dir='ltr'><strong>de</strong></span> <span class='ocrx_word' id='word_1_348' title='bbox 315 3649 368 3714; x_wconf 90' lang='lat' dir='ltr'><strong>illa</strong></span> <span class='ocrx_word' id='word_1_349' title='bbox 389 3650 654 3716; x_wconf 89' lang='lat' dir='ltr'><strong>aedificatiuncula</strong></span> <span class='ocrx_word' id='word_1_350' title='bbox 676 3653 807 3727; x_wconf 89' lang='lat' dir='ltr'><strong>Laterii,</strong></span> <span class='ocrx_word' id='word_1_351' title='bbox 839 3653 878 3718; x_wconf 93' lang='lat' dir='ltr'><strong>dc</strong></span> <span class='ocrx_word' id='word_1_352' title='bbox 900 3675 961 3740; x_wconf 90' lang='lat' dir='ltr'><strong>qua</strong></span> <span class='ocrx_word' id='word_1_353' title='bbox 983 3674 1104 3718; x_wconf 90' lang='lat' dir='ltr'><strong>mecum</strong></span> <span class='ocrx_word' id='word_1_354' title='bbox 1126 3653 1247 3718; x_wconf 89' lang='lat' dir='ltr'><strong>locutus</strong></span> <span class='ocrx_word' id='word_1_355' title='bbox 1269 3671 1319 3726; x_wconf 88' lang='lat' dir='ltr'><strong>cs,</strong></span> <span class='ocrx_word' id='word_1_356' title='bbox 1348 3647 1522 3713; x_wconf 88' lang='lat' dir='ltr'><strong>mandavis-</strong></span> 
     </span>
    </p>

    <p class='ocr_par' dir='ltr' id='par_1_5' title="bbox 204 3741 1558 4022">
     <span class='ocr_line' id='line_1_36' title="bbox 204 3741 1558 3834; baseline -0.004 -23"><span class='ocrx_word' id='word_1_357' title='bbox 204 3767 264 3811; x_wconf 87' lang='lat' dir='ltr'><strong>ses.</strong></span> <span class='ocrx_word' id='word_1_358' title='bbox 315 3751 393 3812; x_wconf 90' lang='lat' dir='ltr'><strong>Tum</strong></span> <span class='ocrx_word' id='word_1_359' title='bbox 415 3745 441 3811; x_wconf 91' lang='lat' dir='ltr'><strong>is</strong></span> <span class='ocrx_word' id='word_1_360' title='bbox 462 3745 538 3811; x_wconf 94' lang='lat' dir='ltr'><strong>mihi</strong></span> <span class='ocrx_word' id='word_1_361' title='bbox 566 3745 729 3832; x_wconf 90' lang='lat' dir='ltr'><strong>respondit</strong></span> <span class='ocrx_word' id='word_1_362' title='bbox 755 3767 789 3811; x_wconf 91' lang='lat' dir='ltr'><strong>se</strong></span> <span class='ocrx_word' id='word_1_363' title='bbox 817 3747 919 3832; x_wconf 87' lang='lat' dir='ltr'><strong>ipsum</strong></span> <span class='ocrx_word' id='word_1_364' title='bbox 953 3749 1019 3812; x_wconf 89' lang='lat' dir='ltr'><strong>cius</strong></span> <span class='ocrx_word' id='word_1_365' title='bbox 1040 3747 1147 3834; x_wconf 89' lang='lat' dir='ltr'><strong>operis</strong></span> <span class='ocrx_word' id='word_1_366' title='bbox 1168 3747 1238 3810; x_wconf 76' lang='grc'><strong>113.</strong></span> <span class='ocrx_word' id='word_1_367' title='bbox 1259 3763 1331 3810; x_wconf 79' lang='lat' dir='ltr'><strong>xvi.</strong></span> <span class='ocrx_word' id='word_1_368' title='bbox 1353 3741 1558 3809; x_wconf 74' lang='lat' dir='ltr'><strong>conducto-³⁵</strong></span> 
     </span>
     <span class='ocr_line' id='line_1_37' title="bbox 205 3835 1520 3928; baseline -0.005 -23"><span class='ocrx_word' id='word_1_369' title='bbox 205 3861 271 3905; x_wconf 90' lang='lat' dir='ltr'><strong>rem</strong></span> <span class='ocrx_word' id='word_1_370' title='bbox 300 3839 409 3914; x_wconf 89' lang='lat' dir='ltr'><strong>fuisse,</strong></span> <span class='ocrx_word' id='word_1_371' title='bbox 446 3840 500 3908; x_wconf 85' lang='lat' dir='ltr'><strong>sed</strong></span> <span class='ocrx_word' id='word_1_372' title='bbox 530 3850 560 3905; x_wconf 88' lang='lat' dir='ltr'><strong>te</strong></span> <span class='ocrx_word' id='word_1_373' title='bbox 589 3849 697 3926; x_wconf 90' lang='lat' dir='ltr'><strong>postca</strong></span> <span class='ocrx_word' id='word_1_374' title='bbox 718 3840 814 3906; x_wconf 86' lang='lat' dir='ltr'><strong>multa</strong></span> <span class='ocrx_word' id='word_1_375' title='bbox 835 3841 990 3908; x_wconf 88' lang='lat' dir='ltr'><strong>addidisse</strong></span> <span class='ocrx_word' id='word_1_376' title='bbox 1013 3842 1050 3907; x_wconf 90' lang='lat' dir='ltr'><strong>ad</strong></span> <span class='ocrx_word' id='word_1_377' title='bbox 1073 3863 1169 3928; x_wconf 91' lang='lat' dir='ltr'><strong>opus,</strong></span> <span class='ocrx_word' id='word_1_378' title='bbox 1205 3839 1283 3905; x_wconf 92' lang='lat' dir='ltr'><strong>nihil</strong></span> <span class='ocrx_word' id='word_1_379' title='bbox 1309 3836 1348 3903; x_wconf 88' lang='lat' dir='ltr'><strong>ad</strong></span> <span class='ocrx_word' id='word_1_380' title='bbox 1370 3835 1520 3924; x_wconf 89' lang='lat' dir='ltr'><strong>pretium;</strong></span> 
     </span>
     <span class='ocr_line' id='line_1_38' title="bbox 204 3929 1522 4022; baseline -0.004 -24"><span class='ocrx_word' id='word_1_381' title='bbox 204 3933 309 4019; x_wconf 84' lang='lat' dir='ltr'><strong>itaque</strong></span> <span class='ocrx_word' id='word_1_382' title='bbox 329 3933 361 3999; x_wconf 89' lang='lat' dir='ltr'><strong>id</strong></span> <span class='ocrx_word' id='word_1_383' title='bbox 383 3955 416 3998; x_wconf 90' lang='lat' dir='ltr'><strong>se</strong></span> <span class='ocrx_word' id='word_1_384' title='bbox 438 3934 588 3998; x_wconf 89' lang='lat' dir='ltr'><strong>omisisse.</strong></span> <span class='ocrx_word' id='word_1_385' title='bbox 637 3933 713 3999; x_wconf 86' lang='lat' dir='ltr'><strong>Mihi</strong></span> <span class='ocrx_word' id='word_1_386' title='bbox 733 3935 911 4000; x_wconf 88' lang='lat' dir='ltr'><strong>mehercule</strong></span> <span class='ocrx_word' id='word_1_387' title='bbox 940 3935 1029 4001; x_wconf 85' lang='lat' dir='ltr'><strong>valde</strong></span> <span class='ocrx_word' id='word_1_388' title='bbox 1056 3936 1157 4022; x_wconf 85' lang='lat' dir='ltr'><strong>placet</strong></span> <span class='ocrx_word' id='word_1_389' title='bbox 1188 3943 1218 3998; x_wconf 88' lang='lat' dir='ltr'><strong>te</strong></span> <span class='ocrx_word' id='word_1_390' title='bbox 1239 3932 1311 4006; x_wconf 89' lang='lat' dir='ltr'><strong>illa,</strong></span> <span class='ocrx_word' id='word_1_391' title='bbox 1343 3939 1378 3997; x_wconf 91' lang='lat' dir='ltr'><strong>ot</strong></span> <span class='ocrx_word' id='word_1_392' title='bbox 1407 3929 1522 3995; x_wconf 88' lang='lat' dir='ltr'><strong>consti·</strong></span> 
     </span>
    </p>
   </div>
   <div class='ocr_carea' id='block_1_3' title="bbox 203 4149 1526 5059">
    <p class='ocr_par' dir='ltr' id='par_1_6' title="bbox 203 4149 1526 5059">
     <span class='ocr_line' id='line_1_39' title="bbox 254 4149 1521 4216; baseline -0.004 -14"><span class='ocrx_word' id='word_1_393' title='bbox 254 4156 301 4203; x_wconf 88' lang='grc'><strong>·1.</strong></span> <span class='ocrx_word' id='word_1_394' title='bbox 320 4168 353 4202; x_wconf 75' lang='lat' dir='ltr'><strong>aa</strong></span> <span class='ocrx_word' id='word_1_395' title='bbox 370 4177 381 4188; x_wconf 96' lang='lat'><em>·</em></span> <span class='ocrx_word' id='word_1_396' title='bbox 399 4177 409 4188; x_wconf 95' lang='lat'>·</span> <span class='ocrx_word' id='word_1_397' title='bbox 427 4153 538 4214; x_wconf 76' lang='lat' dir='ltr'><strong>erumpit</strong></span> <span class='ocrx_word' id='word_1_398' title='bbox 557 4152 710 4202; x_wconf 85' lang='lat' dir='ltr'><strong>auctoribus</strong></span> <span class='ocrx_word' id='word_1_399' title='bbox 728 4153 825 4204; x_wconf 87' lang='lat' dir='ltr'><strong>Ursino</strong></span> <span class='ocrx_word' id='word_1_400' title='bbox 844 4161 869 4205; x_wconf 86' lang='lat' dir='ltr'><strong>sl</strong></span> <span class='ocrx_word' id='word_1_401' title='bbox 887 4155 1024 4216; x_wconf 79' lang='lat' dir='ltr'><strong>Scaligero</strong></span> <span class='ocrx_word' id='word_1_402' title='bbox 1042 4159 1104 4203; x_wconf 85' lang='lat' dir='ltr'><strong>ante</strong></span> <span class='ocrx_word' id='word_1_403' title='bbox 1122 4167 1171 4203; x_wconf 83' lang='lat' dir='ltr'><strong>aros</strong></span> <span class='ocrx_word' id='word_1_404' title='bbox 1190 4152 1300 4202; x_wconf 85' lang='lat' dir='ltr'><strong>seclusit</strong></span> <span class='ocrx_word' id='word_1_405' title='bbox 1317 4149 1347 4200; x_wconf 78' lang='grc'><strong>11.</strong></span> <span class='ocrx_word' id='word_1_406' title='bbox 1370 4176 1397 4187; x_wconf 89' lang='grc'><strong>-</strong></span> <span class='ocrx_word' id='word_1_407' title='bbox 1430 4149 1456 4199; x_wconf 76' lang='grc'><strong>1.</strong></span> <span class='ocrx_word' id='word_1_408' title='bbox 1476 4149 1521 4198; x_wconf 82' lang='lat' dir='ltr'><strong>sah</strong></span> 
     </span>
     <span class='ocr_line' id='line_1_40' title="bbox 206 4218 1520 4285; baseline -0.005 -11"><span class='ocrx_word' id='word_1_409' title='bbox 206 4231 298 4274; x_wconf 77' lang='lat' dir='ltr'><strong>tactum</strong></span> <span class='ocrx_word' id='word_1_410' title='bbox 318 4223 348 4272; x_wconf 83' lang='lat' dir='ltr'><strong>a.</strong></span> <span class='ocrx_word' id='word_1_411' title='bbox 375 4247 407 4259; x_wconf 92' lang='lat'>-</span> <span class='ocrx_word' id='word_1_412' title='bbox 444 4224 552 4272; x_wconf 69' lang='lat' dir='ltr'><strong>amicali</strong></span> <span class='ocrx_word' id='word_1_413' title='bbox 571 4221 652 4280; x_wconf 87' lang='lat' dir='ltr'><strong>llllll,</strong></span> <span class='ocrx_word' id='word_1_414' title='bbox 683 4222 797 4273; x_wconf 80' lang='lat' dir='ltr'><strong>cubiculo</strong></span> <span class='ocrx_word' id='word_1_415' title='bbox 816 4224 881 4274; x_wconf 84' lang='lat' dir='ltr'><strong>Cod.</strong></span> <span class='ocrx_word' id='word_1_416' title='bbox 903 4225 1009 4275; x_wconf 65' lang='lat' dir='ltr'><strong>fairni·</strong></span> <span class='ocrx_word' id='word_1_417' title='bbox 1035 4223 1177 4280; x_wconf 82' lang='lat' dir='ltr'><strong>tcnhteutia</strong></span> <span class='ocrx_word' id='word_1_418' title='bbox 1194 4223 1217 4285; x_wconf 83' lang='lat' dir='ltr'>Q</span> <span class='ocrx_word' id='word_1_419' title='bbox 1235 4229 1262 4272; x_wconf 87' lang='lat' dir='ltr'><strong>et</strong></span> <span class='ocrx_word' id='word_1_420' title='bbox 1280 4221 1363 4271; x_wconf 75' lang='lat' dir='ltr'><strong>Pelet.</strong></span> <span class='ocrx_word' id='word_1_421' title='bbox 1383 4218 1457 4281; x_wconf 87' lang='lat' dir='ltr'><strong>sec.)</strong></span> <span class='ocrx_word' id='word_1_422' title='bbox 1491 4243 1520 4254; x_wconf 92' lang='lat'><strong>-·</strong></span> 
     </span>
     <span class='ocr_line' id='line_1_41' title="bbox 205 4289 1520 4356; baseline -0.005 -13"><span class='ocrx_word' id='word_1_423' title='bbox 205 4294 231 4343; x_wconf 93' lang='grc'><strong>3.</strong></span> <span class='ocrx_word' id='word_1_424' title='bbox 251 4289 348 4355; x_wconf 81' lang='lat' dir='ltr'><strong>uotam]</strong></span> <span class='ocrx_word' id='word_1_425' title='bbox 366 4295 493 4344; x_wconf 68' lang='lat' dir='ltr'><strong>anticum</strong></span> <span class='ocrx_word' id='word_1_426' title='bbox 510 4293 627 4342; x_wconf 85' lang='lat' dir='ltr'><strong>malebat</strong></span> <span class='ocrx_word' id='word_1_427' title='bbox 650 4291 797 4344; x_wconf 81' lang='lat' dir='ltr'><strong>Ernestios.</strong></span> <span class='ocrx_word' id='word_1_428' title='bbox 817 4320 849 4329; x_wconf 98' lang='lat'><em>-</em></span> <span class='ocrx_word' id='word_1_429' title='bbox 878 4296 920 4345; x_wconf 83' lang='lat' dir='ltr'><strong>to.</strong></span> <span class='ocrx_word' id='word_1_430' title='bbox 939 4291 1050 4356; x_wconf 75' lang='lat' dir='ltr'><strong>mattis]</strong></span> <span class='ocrx_word' id='word_1_431' title='bbox 1068 4294 1193 4343; x_wconf 71' lang='lat' dir='ltr'><strong>numinis</strong></span> <span class='ocrx_word' id='word_1_432' title='bbox 1211 4291 1329 4342; x_wconf 85' lang='lat' dir='ltr'><strong>malebat</strong></span> <span class='ocrx_word' id='word_1_433' title='bbox 1345 4289 1520 4340; x_wconf 83' lang='lat' dir='ltr'><strong>Bervttvolius.</strong></span> 
     </span>
     <span class='ocr_line' id='line_1_42' title="bbox 208 4361 1520 4429; baseline -0.004 -16"><span class='ocrx_word' id='word_1_434' title='bbox 208 4389 234 4400; x_wconf 89' lang='lat'><strong>··</strong></span> <span class='ocrx_word' id='word_1_435' title='bbox 256 4370 392 4413; x_wconf 83' lang='lat' dir='ltr'><strong>ccctrrr.</strong></span> <span class='ocrx_word' id='word_1_436' title='bbox 413 4363 449 4424; x_wconf 82' lang='grc'><strong>11,</strong></span> <span class='ocrx_word' id='word_1_437' title='bbox 469 4376 540 4412; x_wconf 83' lang='lat' dir='ltr'><strong>cccc.</strong></span> <span class='ocrx_word' id='word_1_438' title='bbox 561 4363 581 4412; x_wconf 88' lang='lat' dir='ltr'><strong>l.</strong></span> <span class='ocrx_word' id='word_1_439' title='bbox 604 4386 634 4397; x_wconf 97' lang='lat'>-</span> <span class='ocrx_word' id='word_1_440' title='bbox 672 4364 715 4413; x_wconf 79' lang='grc'><strong>11.</strong></span> <span class='ocrx_word' id='word_1_441' title='bbox 733 4363 899 4429; x_wconf 69' lang='lat' dir='ltr'><strong>perfluentem</strong></span> <span class='ocrx_word' id='word_1_442' title='bbox 914 4365 952 4417; x_wconf 90' lang='grc'><strong>11.</strong></span> <span class='ocrx_word' id='word_1_443' title='bbox 972 4389 1005 4398; x_wconf 90' lang='lat'>-</span> <span class='ocrx_word' id='word_1_444' title='bbox 1042 4364 1085 4414; x_wconf 90' lang='grc'><strong>13.</strong></span> <span class='ocrx_word' id='word_1_445' title='bbox 1106 4362 1270 4426; x_wconf 78' lang='lat' dir='ltr'><strong>tesocttcll.</strong></span> <span class='ocrx_word' id='word_1_446' title='bbox 1293 4386 1323 4397; x_wconf 97' lang='lat'>-</span> <span class='ocrx_word' id='word_1_447' title='bbox 1360 4361 1403 4412; x_wconf 77' lang='lat' dir='ltr'><strong>ta.</strong></span> <span class='ocrx_word' id='word_1_448' title='bbox 1424 4368 1520 4409; x_wconf 83' lang='lat' dir='ltr'><strong>tsovn.</strong></span> 
     </span>
     <span class='ocr_line' id='line_1_43' title="bbox 205 4430 1522 4494; baseline -0.003 -12"><span class='ocrx_word' id='word_1_449' title='bbox 205 4432 241 4482; x_wconf 89' lang='grc'><strong>11-</strong></span> <span class='ocrx_word' id='word_1_450' title='bbox 275 4457 305 4470; x_wconf 90' lang='grc'>-</span> <span class='ocrx_word' id='word_1_451' title='bbox 345 4433 385 4482; x_wconf 83' lang='grc'><strong>15.</strong></span> <span class='ocrx_word' id='word_1_452' title='bbox 406 4434 536 4483; x_wconf 81' lang='lat' dir='ltr'><strong>ctrdicota</strong></span> <span class='ocrx_word' id='word_1_453' title='bbox 554 4433 646 4482; x_wconf 79' lang='lat' dir='ltr'><strong>hmhr.</strong></span> <span class='ocrx_word' id='word_1_454' title='bbox 667 4432 710 4483; x_wconf 81' lang='grc'><strong>11.</strong></span> <span class='ocrx_word' id='word_1_455' title='bbox 729 4433 825 4485; x_wconf 83' lang='lat' dir='ltr'><strong>Palatt.</strong></span> <span class='ocrx_word' id='word_1_456' title='bbox 845 4435 881 4494; x_wconf 82' lang='lat' dir='ltr'><strong>a,</strong></span> <span class='ocrx_word' id='word_1_457' title='bbox 908 4435 1065 4484; x_wconf 67' lang='lat' dir='ltr'><strong>otrtdims</strong></span> <span class='ocrx_word' id='word_1_458' title='bbox 1084 4430 1200 4482; x_wconf 85' lang='lat' dir='ltr'><strong>malebat</strong></span> <span class='ocrx_word' id='word_1_459' title='bbox 1217 4432 1372 4489; x_wconf 84' lang='lat' dir='ltr'><strong>Ernestius;</strong></span> <span class='ocrx_word' id='word_1_460' title='bbox 1396 4430 1522 4492; x_wconf 86' lang='lat' dir='ltr'><strong>equidem</strong></span> 
     </span>
     <span class='ocr_line' id='line_1_44' title="bbox 205 4497 1522 4564; baseline -0.002 -13"><span class='ocrx_word' id='word_1_461' title='bbox 205 4504 329 4553; x_wconf 77' lang='lat' dir='ltr'><strong>ridiculo.</strong></span> <span class='ocrx_word' id='word_1_462' title='bbox 360 4503 411 4554; x_wconf 78' lang='lat' dir='ltr'><strong>On.</strong></span> <span class='ocrx_word' id='word_1_463' title='bbox 442 4526 472 4539; x_wconf 92' lang='lat'>-</span> <span class='ocrx_word' id='word_1_464' title='bbox 510 4502 552 4554; x_wconf 85' lang='grc'><strong>16.</strong></span> <span class='ocrx_word' id='word_1_465' title='bbox 573 4501 738 4554; x_wconf 80' lang='lat' dir='ltr'><strong>Bootltoraam</strong></span> <span class='ocrx_word' id='word_1_466' title='bbox 756 4504 800 4562; x_wconf 81' lang='lat' dir='ltr'><strong>ld,</strong></span> <span class='ocrx_word' id='word_1_467' title='bbox 828 4505 994 4555; x_wconf 77' lang='lat' dir='ltr'><strong>llohs&#39;tionom</strong></span> <span class='ocrx_word' id='word_1_468' title='bbox 1012 4505 1051 4564; x_wconf 84' lang='lat' dir='ltr'><strong>li,</strong></span> <span class='ocrx_word' id='word_1_469' title='bbox 1071 4503 1262 4556; x_wconf 83' lang='lat' dir='ltr'><strong>Bomhiltonnm</strong></span> <span class='ocrx_word' id='word_1_470' title='bbox 1281 4501 1302 4551; x_wconf 92' lang='lat' dir='ltr'><strong>l.</strong></span> <span class='ocrx_word' id='word_1_471' title='bbox 1335 4528 1366 4536; x_wconf 97' lang='lat'><em>-</em></span> <span class='ocrx_word' id='word_1_472' title='bbox 1403 4497 1522 4560; x_wconf 76' lang='lat' dir='ltr'><strong>retiam]</strong></span> 
     </span>
     <span class='ocr_line' id='line_1_45' title="bbox 205 4568 1521 4638; baseline -0.002 -17"><span class='ocrx_word' id='word_1_473' title='bbox 205 4587 232 4622; x_wconf 81' lang='lat' dir='ltr'><strong>rs</strong></span> <span class='ocrx_word' id='word_1_474' title='bbox 249 4577 304 4622; x_wconf 70' lang='lat' dir='ltr'><strong>nnc</strong></span> <span class='ocrx_word' id='word_1_475' title='bbox 321 4586 349 4621; x_wconf 86' lang='lat' dir='ltr'><strong>re</strong></span> <span class='ocrx_word' id='word_1_476' title='bbox 368 4587 408 4636; x_wconf 86' lang='lat' dir='ltr'><strong>pr.</strong></span> <span class='ocrx_word' id='word_1_477' title='bbox 428 4572 469 4634; x_wconf 91' lang='grc'><strong>11,</strong></span> <span class='ocrx_word' id='word_1_478' title='bbox 488 4574 599 4622; x_wconf 77' lang='lat' dir='ltr'><strong>restam</strong></span> <span class='ocrx_word' id='word_1_479' title='bbox 617 4571 652 4621; x_wconf 82' lang='grc'><strong>111</strong></span> <span class='ocrx_word' id='word_1_480' title='bbox 672 4579 786 4624; x_wconf 79' lang='lat' dir='ltr'><strong>steort.</strong></span> <span class='ocrx_word' id='word_1_481' title='bbox 806 4573 843 4625; x_wconf 89' lang='grc'><strong>11.</strong></span> <span class='ocrx_word' id='word_1_482' title='bbox 864 4599 894 4610; x_wconf 94' lang='grc'>-</span> <span class='ocrx_word' id='word_1_483' title='bbox 929 4569 1002 4638; x_wconf 81' lang='lat' dir='ltr'><strong>quid]</strong></span> <span class='ocrx_word' id='word_1_484' title='bbox 1022 4575 1090 4638; x_wconf 82' lang='lat' dir='ltr'><strong>qnod</strong></span> <span class='ocrx_word' id='word_1_485' title='bbox 1108 4572 1131 4621; x_wconf 92' lang='lat' dir='ltr'><strong>l.</strong></span> <span class='ocrx_word' id='word_1_486' title='bbox 1152 4595 1183 4606; x_wconf 92' lang='lat'>-</span> <span class='ocrx_word' id='word_1_487' title='bbox 1202 4568 1306 4634; x_wconf 82' lang='lat' dir='ltr'><strong>Calvus]</strong></span> <span class='ocrx_word' id='word_1_488' title='bbox 1326 4571 1429 4621; x_wconf 82' lang='lat' dir='ltr'><strong>Calibus</strong></span> <span class='ocrx_word' id='word_1_489' title='bbox 1448 4570 1521 4629; x_wconf 83' lang='lat' dir='ltr'><strong>hlltl,</strong></span> 
     </span>
     <span class='ocr_line' id='line_1_46' title="bbox 205 4641 1521 4706; baseline -0.001 -14"><span class='ocrx_word' id='word_1_490' title='bbox 205 4644 309 4692; x_wconf 72' lang='lat' dir='ltr'><strong>fucatus</strong></span> <span class='ocrx_word' id='word_1_491' title='bbox 328 4642 474 4694; x_wconf 79' lang='lat' dir='ltr'><strong>Manutius.</strong></span> <span class='ocrx_word' id='word_1_492' title='bbox 507 4669 536 4679; x_wconf 99' lang='lat'>-</span> <span class='ocrx_word' id='word_1_493' title='bbox 574 4643 617 4692; x_wconf 84' lang='grc'><strong>17.</strong></span> <span class='ocrx_word' id='word_1_494' title='bbox 636 4641 722 4693; x_wconf 84' lang='lat' dir='ltr'><strong>ciebat</strong></span> <span class='ocrx_word' id='word_1_495' title='bbox 740 4643 778 4695; x_wconf 81' lang='lat' dir='ltr'><strong>hl.</strong></span> <span class='ocrx_word' id='word_1_496' title='bbox 809 4668 841 4677; x_wconf 98' lang='lat'><em>-</em></span> <span class='ocrx_word' id='word_1_497' title='bbox 878 4645 921 4695; x_wconf 86' lang='grc'><strong>13.</strong></span> <span class='ocrx_word' id='word_1_498' title='bbox 939 4645 1040 4694; x_wconf 80' lang='lat' dir='ltr'><strong>servari</strong></span> <span class='ocrx_word' id='word_1_499' title='bbox 1056 4656 1161 4706; x_wconf 79' lang='lat' dir='ltr'><strong>possea:</strong></span> <span class='ocrx_word' id='word_1_500' title='bbox 1189 4645 1212 4692; x_wconf 82' lang='lat' dir='ltr'><strong>ai</strong></span> <span class='ocrx_word' id='word_1_501' title='bbox 1228 4643 1314 4693; x_wconf 81' lang='lat' dir='ltr'><strong>cidara</strong></span> <span class='ocrx_word' id='word_1_502' title='bbox 1332 4641 1377 4690; x_wconf 85' lang='lat' dir='ltr'><strong>ill.</strong></span> <span class='ocrx_word' id='word_1_503' title='bbox 1411 4664 1441 4676; x_wconf 92' lang='lat'>-</span> <span class='ocrx_word' id='word_1_504' title='bbox 1480 4641 1521 4691; x_wconf 81' lang='grc'><strong>13.</strong></span> 
     </span>
     <span class='ocr_line' id='line_1_47' title="bbox 203 4710 1521 4774; baseline -0.001 -11"><span class='ocrx_word' id='word_1_505' title='bbox 203 4713 354 4763; x_wconf 71' lang='lat' dir='ltr'><strong>nuciclam</strong></span> <span class='ocrx_word' id='word_1_506' title='bbox 371 4714 402 4762; x_wconf 81' lang='grc'><strong>11.</strong></span> <span class='ocrx_word' id='word_1_507' title='bbox 434 4739 466 4749; x_wconf 95' lang='grc'>-</span> <span class='ocrx_word' id='word_1_508' title='bbox 502 4714 546 4763; x_wconf 77' lang='lat'><strong>20.</strong></span> <span class='ocrx_word' id='word_1_509' title='bbox 566 4721 642 4762; x_wconf 75' lang='lat' dir='ltr'><strong>incra</strong></span> <span class='ocrx_word' id='word_1_510' title='bbox 662 4710 705 4763; x_wconf 83' lang='lat' dir='ltr'><strong>hl:</strong></span> <span class='ocrx_word' id='word_1_511' title='bbox 733 4715 827 4762; x_wconf 78' lang='lat' dir='ltr'><strong>aradios</strong></span> <span class='ocrx_word' id='word_1_512' title='bbox 844 4713 883 4772; x_wconf 86' lang='grc'><strong>11,</strong></span> <span class='ocrx_word' id='word_1_513' title='bbox 911 4727 995 4764; x_wconf 69' lang='lat' dir='ltr'><strong>cccc!</strong></span> <span class='ocrx_word' id='word_1_514' title='bbox 1013 4714 1042 4770; x_wconf 90' lang='lat' dir='ltr'><strong>l,</strong></span> <span class='ocrx_word' id='word_1_515' title='bbox 1069 4723 1142 4763; x_wconf 68' lang='grc' dir='ltr'><strong>ινα.)</strong></span> <span class='ocrx_word' id='word_1_516' title='bbox 1162 4711 1190 4761; x_wconf 84' lang='lat' dir='ltr'><strong>ll.</strong></span> <span class='ocrx_word' id='word_1_517' title='bbox 1220 4735 1250 4747; x_wconf 96' lang='lat'>-</span> <span class='ocrx_word' id='word_1_518' title='bbox 1286 4713 1330 4761; x_wconf 77' lang='grc'><strong>11.</strong></span> <span class='ocrx_word' id='word_1_519' title='bbox 1348 4724 1482 4774; x_wconf 81' lang='lat' dir='ltr'><strong>nunquam</strong></span> <span class='ocrx_word' id='word_1_520' title='bbox 1502 4712 1521 4762; x_wconf 93' lang='grc' dir='ltr'><strong>Ι.</strong></span> 
     </span>
     <span class='ocr_line' id='line_1_48' title="bbox 206 4781 1521 4849; baseline -0.002 -18"><span class='ocrx_word' id='word_1_521' title='bbox 206 4807 236 4817; x_wconf 92' lang='grc'>-</span> <span class='ocrx_word' id='word_1_522' title='bbox 256 4783 301 4832; x_wconf 68' lang='lat' dir='ltr'><strong>hal.</strong></span> <span class='ocrx_word' id='word_1_523' title='bbox 321 4781 444 4834; x_wconf 75' lang='lat' dir='ltr'><strong>cillonem</strong></span> <span class='ocrx_word' id='word_1_524' title='bbox 463 4783 543 4834; x_wconf 84' lang='lat' dir='ltr'><strong>hllll:</strong></span> <span class='ocrx_word' id='word_1_525' title='bbox 564 4782 695 4832; x_wconf 81' lang='lat' dir='ltr'><strong>Chilonem</strong></span> <span class='ocrx_word' id='word_1_526' title='bbox 712 4783 742 4832; x_wconf 85' lang='lat' dir='ltr'><strong>ll.</strong></span> <span class='ocrx_word' id='word_1_527' title='bbox 772 4807 802 4818; x_wconf 94' lang='lat'><em>-</em></span> <span class='ocrx_word' id='word_1_528' title='bbox 839 4785 1006 4849; x_wconf 72' lang='lat' dir='ltr'><strong>acoeraiqrcm</strong></span> <span class='ocrx_word' id='word_1_529' title='bbox 1024 4785 1055 4833; x_wconf 86' lang='grc'><strong>11.</strong></span> <span class='ocrx_word' id='word_1_530' title='bbox 1084 4807 1115 4819; x_wconf 94' lang='grc'>-</span> <span class='ocrx_word' id='word_1_531' title='bbox 1150 4781 1193 4832; x_wconf 75' lang='grc'><strong>15.</strong></span> <span class='ocrx_word' id='word_1_532' title='bbox 1212 4794 1336 4844; x_wconf 78' lang='lat' dir='ltr'><strong>passuum</strong></span> <span class='ocrx_word' id='word_1_533' title='bbox 1354 4781 1390 4830; x_wconf 91' lang='grc'><strong>11.</strong></span> <span class='ocrx_word' id='word_1_534' title='bbox 1412 4805 1441 4816; x_wconf 92' lang='grc'>-</span> <span class='ocrx_word' id='word_1_535' title='bbox 1478 4781 1521 4832; x_wconf 70' lang='lat' dir='ltr'><strong>aa.</strong></span> 
     </span>
     <span class='ocr_line' id='line_1_49' title="bbox 205 4848 1525 4916; baseline -0.003 -14"><span class='ocrx_word' id='word_1_536' title='bbox 205 4851 337 4902; x_wconf 76' lang='lat' dir='ltr'><strong>Furniana</strong></span> <span class='ocrx_word' id='word_1_537' title='bbox 356 4851 385 4914; x_wconf 92' lang='grc'><strong>1,</strong></span> <span class='ocrx_word' id='word_1_538' title='bbox 404 4853 518 4904; x_wconf 80' lang='lat' dir='ltr'><strong>Forinoo</strong></span> <span class='ocrx_word' id='word_1_539' title='bbox 537 4852 658 4902; x_wconf 83' lang='lat' dir='ltr'><strong>Ursinus.</strong></span> <span class='ocrx_word' id='word_1_540' title='bbox 675 4875 705 4888; x_wconf 90' lang='lat'><strong>-·</strong></span> <span class='ocrx_word' id='word_1_541' title='bbox 724 4853 768 4903; x_wconf 77' lang='lat'><strong>29.</strong></span> <span class='ocrx_word' id='word_1_542' title='bbox 792 4853 916 4903; x_wconf 81' lang='lat' dir='ltr'><strong>Varronis</strong></span> <span class='ocrx_word' id='word_1_543' title='bbox 933 4854 1012 4906; x_wconf 82' lang='lat' dir='ltr'><strong>llllll:</strong></span> <span class='ocrx_word' id='word_1_544' title='bbox 1030 4867 1077 4916; x_wconf 80' lang='lat' dir='ltr'><strong>par</strong></span> <span class='ocrx_word' id='word_1_545' title='bbox 1094 4853 1218 4902; x_wconf 81' lang='lat' dir='ltr'><strong>Varronis</strong></span> <span class='ocrx_word' id='word_1_546' title='bbox 1231 4852 1260 4900; x_wconf 84' lang='lat' dir='ltr'><strong>ll.</strong></span> <span class='ocrx_word' id='word_1_547' title='bbox 1285 4875 1311 4886; x_wconf 94' lang='lat'>-</span> <span class='ocrx_word' id='word_1_548' title='bbox 1338 4848 1467 4912; x_wconf 74' lang='lat' dir='ltr'><strong>Veleiates]</strong></span> <span class='ocrx_word' id='word_1_549' title='bbox 1486 4851 1525 4900; x_wconf 80' lang='lat' dir='ltr'><strong>ret</strong></span> 
     </span>
     <span class='ocr_line' id='line_1_50' title="bbox 203 4920 1526 4988; baseline -0.002 -16"><span class='ocrx_word' id='word_1_550' title='bbox 203 4925 294 4972; x_wconf 79' lang='lat' dir='ltr'><strong>olnam</strong></span> <span class='ocrx_word' id='word_1_551' title='bbox 311 4921 361 4972; x_wconf 90' lang='grc'><strong>111.</strong></span> <span class='ocrx_word' id='word_1_552' title='bbox 390 4948 421 4958; x_wconf 99' lang='grc'>-</span> <span class='ocrx_word' id='word_1_553' title='bbox 458 4923 503 4973; x_wconf 89' lang='grc'><strong>311.</strong></span> <span class='ocrx_word' id='word_1_554' title='bbox 521 4920 663 4988; x_wconf 78' lang='lat' dir='ltr'><strong>munierat]</strong></span> <span class='ocrx_word' id='word_1_555' title='bbox 681 4923 766 4972; x_wconf 73' lang='lat' dir='ltr'><strong>mlum</strong></span> <span class='ocrx_word' id='word_1_556' title='bbox 784 4923 914 4983; x_wconf 83' lang='lat' dir='ltr'><strong>eratidl,</strong></span> <span class='ocrx_word' id='word_1_557' title='bbox 942 4925 1072 4974; x_wconf 73' lang='lat' dir='ltr'><strong>nainwot</strong></span> <span class='ocrx_word' id='word_1_558' title='bbox 1092 4923 1113 4972; x_wconf 84' lang='lat' dir='ltr'><strong>ll</strong></span> <span class='ocrx_word' id='word_1_559' title='bbox 1132 4928 1158 4972; x_wconf 85' lang='lat' dir='ltr'><strong>et</strong></span> <span class='ocrx_word' id='word_1_560' title='bbox 1176 4936 1230 4984; x_wconf 88' lang='lat' dir='ltr'><strong>mg.</strong></span> <span class='ocrx_word' id='word_1_561' title='bbox 1250 4921 1286 4972; x_wconf 87' lang='grc'><strong>11.</strong></span> <span class='ocrx_word' id='word_1_562' title='bbox 1319 4945 1349 4958; x_wconf 89' lang='grc'>-</span> <span class='ocrx_word' id='word_1_563' title='bbox 1386 4921 1429 4970; x_wconf 85' lang='grc'><strong>31.</strong></span> <span class='ocrx_word' id='word_1_564' title='bbox 1448 4921 1526 4972; x_wconf 76' lang='lat' dir='ltr'><strong>staret</strong></span> 
     </span>
     <span class='ocr_line' id='line_1_51' title="bbox 204 4988 1461 5059; baseline -0.002 -17"><span class='ocrx_word' id='word_1_565' title='bbox 204 4993 265 5042; x_wconf 77' lang='lat' dir='ltr'><strong>tatic</strong></span> <span class='ocrx_word' id='word_1_566' title='bbox 285 4991 440 5044; x_wconf 79' lang='lat' dir='ltr'><strong>Tauruml.</strong></span> <span class='ocrx_word' id='word_1_567' title='bbox 463 5018 491 5030; x_wconf 94' lang='lat'><strong>-·</strong></span> <span class='ocrx_word' id='word_1_568' title='bbox 530 4993 574 5044; x_wconf 84' lang='lat'><strong>³³.</strong></span> <span class='ocrx_word' id='word_1_569' title='bbox 593 5000 616 5044; x_wconf 85' lang='lat' dir='ltr'><strong>st</strong></span> <span class='ocrx_word' id='word_1_570' title='bbox 635 4993 759 5059; x_wconf 79' lang='lat' dir='ltr'><strong>qaidtl,</strong></span> <span class='ocrx_word' id='word_1_571' title='bbox 778 4991 880 5056; x_wconf 80' lang='lat' dir='ltr'><strong>qatdl.</strong></span> <span class='ocrx_word' id='word_1_572' title='bbox 900 5018 931 5031; x_wconf 91' lang='lat'><em>-</em></span> <span class='ocrx_word' id='word_1_573' title='bbox 968 4993 1011 5044; x_wconf 85' lang='grc'><strong>35.</strong></span> <span class='ocrx_word' id='word_1_574' title='bbox 1030 5007 1134 5044; x_wconf 75' lang='lat' dir='ltr'><strong>cccxvi.</strong></span> <span class='ocrx_word' id='word_1_575' title='bbox 1155 4991 1176 5042; x_wconf 91' lang='lat' dir='ltr'><strong>l.</strong></span> <span class='ocrx_word' id='word_1_576' title='bbox 1200 5015 1227 5026; x_wconf 92' lang='lat'>-</span> <span class='ocrx_word' id='word_1_577' title='bbox 1265 4988 1461 5054; x_wconf 68' lang='grc'><strong>31111111.</strong></span> 
     </span>
    </p>
   </div>
   <div class='ocr_carea' id='block_1_4' title="bbox 0 0 1845 5924">
    <p class='ocr_par' dir='ltr' id='par_1_7' title="bbox 0 0 1845 5924">
     <span class='ocr_line' id='line_1_52' title="bbox 0 0 1845 5924; baseline 0 0"><span class='ocrx_word' id='word_1_578' title='bbox 0 0 1845 5924; x_wconf 95' lang='lat' dir='ltr'><strong> </strong></span> 
     </span>
    </p>
   </div>
  </div>
 </body>
</html>
