3628 5876
289 413 353 478 aaa
716 409 991 474 nrrsromaon
1012 409 1064 474 an
1087 410 1177 474 san.

289 571 347 642 rit,
369 566 540 635 lucamdnm
561 565 619 636 tibi
639 565 720 633 lore.
762 571 794 634 3.
816 565 910 644 Quod
931 565 1008 632 mibi
1029 565 1291 632 existimationem
1310 575 1395 633 tuam
1417 565 1629 654 dignitatern-

288 685 352 752 qua
373 661 589 736 commendas,
626 660 702 726 lacis
723 670 758 726 tu
782 659 910 747 quIdcm
939 661 1079 726 omnium
1100 681 1208 739 more3
1246 660 1301 726 sed
1323 661 1417 727 velim
1439 663 1485 728 sic
1505 663 1627 730 existi·

289 779 371 832 mes,
407 777 479 831 me,
511 775 582 820 cum
605 755 726 830 amori,
749 774 843 842 wem
865 754 1025 819 internos
1047 763 1190 820 mutuum
1212 774 1281 820 esse
1302 755 1491 840 intelligam,
1515 757 1629 842 pluri-

290 871 377 918 mum
397 849 549 925 tribuam,
585 857 651 916 tum
683 849 722 915 de
743 868 867 915 summo
888 847 1015 933 ingenio
1037 857 1069 913 et
1088 847 1128 913 do
1158 847 1268 913 studiis
1289 847 1351 914 tuis
1373 849 1499 934 optimis
1520 860 1553 915 et
1574 849 1627 916 de

266 964 345 1030 sspe
374 943 583 1030 amplissimae
615 942 772 1029 dignitatis
803 941 845 1007 ita
873 941 1034 1016 iudicare,
1070 950 1106 1008 ut
1137 941 1294 1007 neminem
1323 939 1379 1007 tibi
1409 953 1625 1029 anteponam,

289 1058 469 1124 comparem
489 1057 616 1124 paucos.

744 1179 857 1242 rtur.
900 1177 949 1260 (n.
975 1177 1008 1242 u.
1030 1179 1063 1242 o.
1084 1175 1170 1260 roo.)

577 1299 720 1368 CICERO
743 1301 774 1365 S.
796 1303 834 1364 D.
856 1298 1079 1365 CORNIFICIO
1102 1299 1320 1366 COLLEGAE.

375 1415 405 1478 l.
428 1410 521 1490 Quod
542 1418 719 1476 eruemum
739 1409 799 1478 luit
818 1409 852 1476 in
876 1430 913 1475 ea
934 1410 1079 1496 epistola,
1116 1431 1210 1496 quam
1232 1430 1250 1475 a
1272 1419 1303 1476 te
1324 1411 1471 1498 proxime
1492 1415 1620 1502 accepi,

256 1525 282 1566 ιο
291 1505 331 1574 ad
350 1506 384 1572 id
404 1506 541 1593 primum
562 1504 773 1592 respondebo.
815 1503 962 1570 Animum
984 1503 1106 1570 advortl
1129 1503 1212 1570 enim
1234 1503 1295 1570 boc
1315 1526 1372 1572 vos
1394 1527 1523 1593 magnos
1543 1529 1622 1574 ora·

290 1614 376 1668 tores
402 1599 507 1666 lacere
539 1619 773 1686 nonnunquam.
829 1598 984 1684 Epistolas
1012 1599 1149 1684 aequitio
1182 1619 1288 1678 meas3
1324 1619 1385 1686 ego
1411 1610 1515 1667 autem
1537 1623 1622 1668 nun-

291 1717 401 1783 quam,
423 1716 494 1762 cum
515 1694 593 1760 mibi
613 1694 828 1760 denuntiatum
850 1702 933 1759 esset
953 1713 972 1757 a
993 1693 1055 1758 tuis
1076 1693 1124 1758 ire
1146 1693 1302 1780 aliquem,
1324 1715 1388 1761 non
1409 1695 1493 1761 dedi.
1522 1696 1619 1773 Quod

292 1789 370 1858 mibi
391 1789 503 1856 videor
523 1809 564 1853 ex
586 1788 647 1854 tuis
668 1788 780 1854 litteris
801 1787 979 1872 intelligere
1000 1795 1032 1851 te
1053 1786 1129 1851 nibil
1145 1787 1385 1854 commissurum
1408 1809 1476 1854 esse
1497 1797 1618 1855 temere

291 1903 349 1948 nec
370 1891 458 1959 ante,
481 1903 575 1970 quam
597 1881 723 1958 scisses,
746 1902 810 1968 quo
831 1880 890 1946 iste
913 1880 1019 1946 nescio
1041 1881 1096 1966 qui
1118 1881 1270 1946 Caecilius
1291 1887 1403 1948 Bassus
1425 1893 1617 1969 erumperet,

257 1994 283 2034 u
292 1977 462 2064 quidquam
484 1976 560 2043 certi
582 1975 839 2048 constituturum,
866 1973 900 2040 id
922 1994 981 2060 ego
1005 1983 1036 2039 et
1058 1994 1217 2060 speraram
1239 1975 1405 2061 prudentia
1426 1987 1478 2043 tua
1501 1977 1615 2052 iratus,

291 2079 339 2146 ct,
377 2080 413 2137 ut
434 2069 641 2145 confiderem,
677 2067 821 2136 lecerunt
850 2078 922 2134 tuae
948 2068 1142 2153 gratissimae
1174 2070 1251 2134 mibi
1280 2069 1423 2150 litterae;
1459 2071 1554 2158 idque
1580 2081 1617 2137 ut

291 2163 386 2229 iacias
408 2185 502 2250 quam
525 2163 723 2249 saepissime,
759 2173 847 2232 utet
868 2161 944 2249 quid
965 2172 999 2226 tu
1021 2182 1094 2247 agas
1116 2162 1245 2249 etquid
1266 2174 1375 2249 agatur
1397 2167 1477 2232 scire
1498 2168 1615 2252 possim

292 2269 324 2324 et
345 2259 438 2324 etiam
460 2255 534 2344 quid
555 2267 680 2322 acturus
702 2257 759 2332 sis,
781 2255 870 2322 valde
892 2264 922 2320 te
941 2275 1031 2340 rogo.
1075 2256 1139 2321 Etsi
1160 2257 1328 2344 periniquo
1349 2259 1491 2344 patiebar
1511 2261 1615 2327 animo

292 2360 324 2418 te
345 2373 364 2417 a
385 2372 436 2417 me
459 2349 601 2434 digredi,
624 2359 727 2414 tamen
749 2371 788 2416 eo
809 2359 952 2434 tempore
971 2369 1022 2412 me
1044 2349 1245 2424 consolabar,
1268 2351 1353 2438 quod
1369 2363 1399 2418 et
1413 2353 1445 2418 in
1460 2374 1615 2420 summurn

256 2445 392 2511 rootium
421 2453 452 2509 te
489 2444 537 2508 ire
565 2441 742 2508 arbitrabar
763 2452 794 2508 et
814 2442 854 2508 ab
876 2441 1127 2529 impendentibus
1148 2445 1269 2529 magnis
1291 2446 1422 2531 negotiis
1444 2446 1615 2513 discedere.

292 2541 323 2604 2.
346 2541 517 2622 Utrumque
539 2546 648 2602 contra
669 2536 796 2603 accidit:
819 2537 889 2603 istic
907 2538 990 2601 enim
1012 2535 1128 2602 bellum
1150 2547 1198 2602 est
1219 2549 1379 2615 exortum,
1402 2541 1453 2606 bie
1466 2563 1528 2628 pax
1543 2561 1617 2606 con·

293 2640 413 2709 secuta;
435 2630 491 2696 sed
512 2640 616 2696 tamen
637 2630 791 2697 eiusmodi
813 2652 885 2717 pax,
907 2630 939 2694 in
962 2651 1043 2716 qua,
1066 2628 1093 2694 si
1114 2629 1257 2707 adesses,
1279 2633 1375 2698 multa
1396 2643 1427 2699 te
1450 2655 1512 2699 non
1533 2633 1617 2699 dele·

294 2734 428 2803 ctarent;
461 2745 498 2790 ea
519 2735 640 2801 tamen,
674 2745 754 2812 quae
777 2747 815 2791 ne
837 2725 939 2811 ipsum
962 2729 1125 2791 Caesarem
1148 2725 1275 2811 quidem
1297 2726 1460 2792 delectant.
1515 2728 1617 2793 Bello-

293 2839 365 2884 rum
380 2818 462 2884 euim
474 2818 612 2884 civilium
626 2817 650 2884 ii
668 2839 793 2905 semper
812 2819 916 2885 exitus
927 2829 1013 2893 sunt,
1036 2827 1147 2884 utnon
1165 2841 1203 2884 ea
1218 2820 1319 2886 solum
1334 2820 1426 2896 liant,
1449 2841 1528 2907 quaa
1543 2821 1617 2886 velit

256 2912 411 2986 revictor,
434 2910 624 2985 sedetiam,
647 2921 683 2978 ut
703 2911 742 2977 iis
764 2933 832 2978 mos
854 2912 1010 2998 gerendus
1033 2912 1086 2987 sit,
1118 2912 1231 3000 quibus
1252 2913 1447 2980 adiutoribus
1469 2915 1508 2980 sit
1527 2921 1615 3000 parta

294 3005 433 3072 victoria.
485 3005 640 3092 Equidem
662 3005 789 3071 siclam
817 3004 973 3082 obdurui,
997 3016 1031 3072 nt
1050 3005 1133 3071 ludis
1155 3006 1296 3072 Caesaris
1319 3008 1418 3072 nostri
1439 3007 1544 3072 auimo
1565 3027 1618 3071 ae·

294 3097 447 3184 quissimo
473 3098 614 3165 viderem
651 3104 685 3164 T.
720 3099 888 3174 Plancum,
924 3100 1067 3165 audirem
1096 3099 1223 3164 Laberii
1259 3111 1290 3165 et
1325 3099 1427 3166 Publii
1462 3111 1615 3187 poemata.

293 3192 376 3258 Nibil
410 3193 488 3258 mibi
515 3203 578 3259 tam
609 3192 719 3258 deesse
749 3198 827 3259 scito
860 3215 954 3282 quam
989 3198 1116 3280 quietam
1143 3193 1219 3259 baec
1248 3187 1450 3260 familiariter
1464 3196 1615 3282 docteque

294 3286 424 3354 rideam.
466 3291 496 3353 Is
518 3298 552 3352 tu
574 3287 653 3361 eris,
676 3287 704 3352 si
725 3309 819 3374 quam
840 3287 977 3375 primum
992 3288 1126 3354 veneris.
1170 3288 1266 3367 Quod
1286 3299 1322 3355 ut
1336 3288 1451 3364 lacios,
1473 3308 1616 3355 nonmoa

259 3381 399 3448 rosolum
420 3380 477 3448 sed
498 3383 592 3448 etiam
612 3390 666 3448 tua
685 3381 837 3447 interesse
858 3381 1008 3448 arbitror.

761 3553 845 3614 ms.
888 3550 937 3634 (r.
963 3550 1156 3635 norro.)

731 3674 874 3738 CICERO
897 3674 1122 3739 CORNIFICIO
1145 3675 1176 3737 S.

383 3789 411 3851 l.
433 3782 662 3850 Lubentissime
676 3783 740 3870 legi
761 3792 829 3848 tuas
851 3783 980 3858 litteras,
1001 3783 1034 3848 in
1057 3782 1170 3870 quibus
1185 3783 1442 3851 iucundissimum
1457 3783 1533 3850 mibi
1548 3783 1615 3858 luit,

298 3878 383 3967 quod
405 3877 538 3964 cognovi
560 3899 644 3944 meas
666 3877 723 3943 tibi
745 3877 882 3943 redditas
904 3897 984 3942 csse.
1041 3881 1109 3942 Non
1135 3877 1218 3942 enim
1240 3877 1433 3955 dubitabam,
1467 3880 1543 3967 quin
1565 3897 1617 3943 cas

261 3998 288 4038 sa
297 3973 442 4040 lubenter
462 3973 600 4038 lecturus
619 3994 719 4049 esses;
756 3970 903 4043 verebar,
934 3981 970 4036 ut
989 3969 1208 4036 redderentur.
1237 3956 1393 4048 (nattum)
1412 3975 1497 4060 quod
1519 3983 1567 4038 est
1585 3973 1618 4037 in

114 4085 190 4172 L..-
299 4061 426 4157 Syriai
428 4067 612 4156 Syriamque
634 4065 828 4152 provinciam
847 4062 903 4129 tibi
927 4064 1075 4130 tributam
1107 4059 1214 4158 assela
1236 4069 1368 4131 Caesare
1393 4087 1433 4131 ex
1455 4067 1517 4132 tuis
1539 4067 1618 4132 litte·

298 4163 342 4228 ris
362 4159 506 4247 cognovi.
549 4165 624 4225 Eam
646 4180 714 4225 rem
733 4158 789 4224 tibi
811 4158 884 4224 volo
906 4156 986 4222 bene
1009 4167 1040 4222 et
1060 4158 1192 4223 feliciter
1218 4159 1368 4236 evenire;
1391 4160 1474 4247 quod
1493 4161 1534 4224 ita
1549 4159 1618 4225 lore

297 4255 437 4328 conlido,
469 4254 568 4319 lretus
598 4264 630 4319 et
650 4253 803 4319 industria
827 4262 858 4318 et
879 4251 1046 4339 prudentia
1069 4261 1131 4316 tua.
1183 4255 1212 4316 2.
1237 4252 1297 4317 Sed
1318 4252 1357 4317 de
1383 4254 1520 4318 Parthici
1543 4252 1618 4318 belli
1672 4309 1676 4316 .

298 4349 476 4436 suspicione
498 4347 585 4435 quod
606 4347 734 4423 scribis,
771 4367 844 4413 sane
864 4367 913 4410 me
936 4351 1115 4411 commovit.
1159 4349 1316 4424 Quantum
1340 4347 1502 4432 copiarum
1524 4344 1620 4410 habe-

260 4466 364 4519 rores,
387 4465 458 4508 cum
479 4443 546 4529 ipse
567 4443 746 4508 coniectura
768 4441 917 4526 consequi
938 4449 1097 4526 poteram,
1119 4449 1184 4505 tum
1207 4462 1247 4506 ex
1270 4442 1331 4507 tuis
1352 4441 1462 4507 litteris
1474 4439 1618 4525 cognovi.

298 4542 406 4624 ltaque
429 4545 520 4620 opto,
557 4556 596 4600 ne
619 4555 652 4600 se
675 4535 728 4600 illa
750 4555 826 4620 gens
851 4542 977 4603 moveat
1000 4533 1060 4598 boc
1085 4542 1246 4621 tempore,
1269 4533 1344 4600 dum
1369 4533 1408 4599 ad
1431 4543 1460 4598 te
1479 4534 1618 4618 legiones

299 4652 355 4696 eae
384 4630 609 4717 perducantur,
646 4648 723 4715 quas
741 4627 836 4694 audio
858 4626 940 4693 duci.
997 4627 1119 4704 Quodsi
1148 4649 1241 4715 pares
1262 4634 1368 4715 copias
1390 4626 1430 4692 ad
1451 4627 1620 4712 contligeu-

370 4840 396 4888 2.
416 4841 548 4888 bominum
566 4841 676 4887 auctore
694 4835 874 4888 Valckenarlo
893 4836 1042 4889 Sobtltzius.
1062 4865 1096 4874 -
1113 4837 1159 4900 13.
1177 4851 1275 4888 mecum
1291 4841 1359 4888 mort
1375 4839 1413 4889 Μ.
1434 4865 1462 4876 -
1501 4837 1618 4901 intetttpo

301 4909 395 4959 ltresd.
417 4911 520 4958 tertius.
542 4933 571 4943 -
607 4905 634 4956 4.
654 4907 950 4964 tribuerabamquus,
970 4909 1041 4971 quod
1060 4908 1164 4958 malim.
1192 4909 1242 4960 On.
1275 4931 1305 4944 -
1342 4909 1385 4958 at.
1412 4909 1615 4958 ilbambinusa

301 4975 327 5028 bl
346 4979 403 5030 ΜΕ.
424 5005 454 5014 -
474 4979 517 5028 25.
536 4979 576 5027 tais
593 4975 632 5026 Μ.
652 5003 683 5013 -
701 4976 746 5026 26.
766 4979 855 5026 animo
872 4980 1026 5043 aequissimo
1043 4979 1088 5030 lli:
1108 4980 1261 5042 aequissimo
1279 4980 1369 5028 animo
1386 4979 1418 5030 E.
1438 5003 1468 5015 —
1488 4979 1532 5030 ³7.
1550 4979 1619 5028 Eam

301 5062 356 5100 sem
374 5049 539 5098 Lambinus:
558 5048 647 5098 endam
663 5060 718 5097 rern
737 5046 783 5109 Μ,
802 5049 909 5098 condam
925 5061 980 5099 rem
998 5048 1029 5098 ll.
1049 5075 1080 5085 -
1116 5049 1160 5100 ta.
1179 5049 1227 5099 toa
1244 5048 1282 5100 Μ.
