3662 5908
320 392 381 454 292
742 392 1016 459 EPISTOLARUII
1037 397 1089 458 All
1112 397 1201 460 utu.

834 949 984 1014 LIBER
1013 951 1120 1014 xvl.

632 1173 713 1248 Al)
738 1175 1009 1252 TULLIUM
1036 1173 1324 1250 TIRONEM.

796 1552 823 1615 1.
871 1547 926 1630 (n.
950 1552 982 1615 u
1005 1553 1037 1614 c.
1060 1551 1148 1630 not)

369 1691 530 1756 TULLIUS
562 1682 696 1756 TIRONI
726 1694 801 1758 SUO
823 1691 1134 1849 SnFIIAII'fflchERO
1157 1693 1261 1757 llIEUS
1283 1693 1334 1756 ΕΤ
1355 1696 1509 1759 FRATER
1530 1697 1581 1760 ET

287 1819 301 1862 5
1070 1831 1078 1848 .

311 1917 339 1979 l.
382 1895 510 1981 Paullo
532 1914 654 1982 facilius
673 1915 779 2003 putavi
799 1936 893 2002 posse
914 1935 965 1980 me
986 1913 1071 1980 ferre
1093 1912 1284 1981 desiderium
1303 1915 1368 1993 tui,
1390 1917 1445 1984 sed
1460 1918 1550 2005 plane
1565 1941 1628 1986 non

308 2007 394 2088 lero;
418 2019 449 2075 et
469 2031 657 2097 quamquam
678 2010 782 2096 magni
805 2008 844 2076 ad
864 2009 1017 2074 honorem
1040 2018 1181 2073 nostrum
1202 2009 1347 2084 interest,
1377 2032 1469 2096 quam
1491 2014 1627 2098 primum

307 2104 347 2168 ad
369 2103 480 2169 urbem
502 2124 552 2168 me
573 2103 696 2179 venire,
718 2113 820 2169 lamen
841 2123 986 2189 peccasse
1008 2101 1086 2165 mihi
1108 2101 1233 2176 videor,
1256 2104 1311 2189 qui
1332 2125 1350 2168 a
1369 2113 1399 2168 te
1415 2103 1626 2184 dIscesserim;

306 2198 363 2262 sed
384 2198 457 2285 quia
478 2207 530 2262 tua
552 2197 694 2262 voluntas
715 2218 751 2262 ea
773 2195 938 2262 videbatur
959 2217 1042 2271 esse,
1064 2204 1099 2260 ut
1119 2216 1249 2281 prorsus
1271 2197 1329 2261 nisi
1351 2197 1534 2266 eontirrnato
1557 2223 1627 2268 cor-

271 2312 385 2376 rnpore
407 2291 506 2356 nolles
526 2291 691 2375 navigare,
723 2289 896 2377 approbavi
917 2300 1005 2355 tuum
1027 2289 1206 2366 consilium,
1236 2313 1337 2379 neque
1360 2314 1441 2357 nunc
1461 2305 1565 2370 muto,
1600 2296 1626 2360 si

307 2386 395 2450 tuin
417 2385 526 2450 eadem
549 2405 582 2449 es
604 2383 765 2449 sententia.
808 2383 862 2448 Sin
883 2393 987 2450 autem
1008 2391 1136 2470 postea,
1160 2406 1252 2471 quam
1275 2383 1377 2452 cibum
1395 2387 1520 2472 cepisti,
1542 2385 1628 2452 vide-

306 2478 352 2542 ris
384 2477 440 2543 tibi
468 2499 561 2565 posse
587 2499 637 2542 me
671 2477 835 2564 consequi,
868 2488 955 2543 tuum
977 2477 1140 2542 consilium
1171 2489 1227 2544 est.
1278 2485 1451 2545 Marionem
1472 2481 1512 2546 ad
1533 2490 1563 2546 te
1586 2503 1627 2546 eo

305 2571 392 2647 misi,
420 2583 455 2638 ut
473 2580 528 2638 aut
549 2579 649 2636 tecum
671 2571 711 2637 ad
732 2593 782 2637 me
803 2594 897 2659 quam
918 2571 1054 2658 primum
1082 2573 1216 2649 veniret,
1253 2585 1322 2648 aut,
1345 2575 1426 2641 situ
1448 2597 1624 2650 motatore,

305 2667 408 2731 statim
438 2666 477 2731 ad
502 2687 553 2730 me
580 2663 709 2732 rediret.
765 2669 795 2730 2.
823 2673 870 2732 Tu
897 2676 1000 2732 autern
1037 2666 1096 2731 hoc
1125 2666 1182 2731 tibi
1207 2667 1377 2753 persuade,
1411 2669 1437 2733 si
1459 2669 1625 2735 commodo

269 2760 491 2826 invaletudinis
522 2769 594 2825 tuae
623 2758 692 2824 lieri
719 2759 834 2846 possit,
871 2760 945 2826 nihil
976 2781 1026 2824 me
1060 2761 1151 2825 malle
1176 2783 1268 2850 quam
1291 2772 1320 2829 te
1343 2784 1410 2828 esse
1432 2784 1576 2841 mecum;
1598 2765 1624 2827 si

305 2865 408 2920 autem
437 2854 592 2939 intelliges
624 2875 704 2939 opus
732 2875 801 2920 esse
829 2862 860 2919 te
881 2853 981 2921 Patris
1009 2855 1244 2921 convalescendi
1267 2877 1360 2922 eausa
1380 2856 1520 2942 paullum
1540 2878 1625 2922 com-

304 2948 440 3024 morari,
462 2948 541 3013 nthl
562 2968 612 3012 me
634 2948 726 3013 malle
748 2970 841 3035 quam
863 2956 894 3012 te
915 2947 1030 3014 valere.
1073 2948 1106 3015 Si
1128 2949 1229 3013 statim
1244 2954 1386 3035 navigas,
1410 2971 1467 3015 nos
1481 2951 1624 3015 Leucade

304 3063 513 3129 consequere3
545 3042 594 3107 sin
622 3052 652 3106 te
674 3042 859 3108 confirmare
882 3044 948 3118 vis,
978 3052 1009 3106 et
1030 3043 1159 3108 comites
1188 3052 1219 3106 et
1242 3051 1439 3130 tempestates
1461 3053 1491 3108 et
1513 3066 1623 3109 navem

303 3135 448 3202 idoneam
466 3147 501 3202 ut
520 3135 650 3212 habeas,
673 3136 839 3222 diligenter
860 3133 992 3202 videbis.
1011 3130 1136 3214 (Unum
1156 3135 1252 3208 illud,
1277 3137 1319 3201 mi
1341 3137 1430 3211 Tiro,
1453 3135 1622 3232 videtopsi

121 3224 200 3307 aa(
265 3250 353 3294 some
375 3224 489 3306 amasl
499 3251 539 3295 ne
561 3241 593 3295 te
614 3231 764 3297 Marionis
786 3231 936 3296 adventus
959 3240 990 3294 et
1009 3229 1068 3295 hae
1090 3229 1209 3295 litterae
1235 3233 1410 3321 moueant.)
1433 3231 1527 3307 Quod
1541 3231 1624 3296 vale-

305 3320 404 3388 tudini
427 3331 497 3388 tuae
519 3327 656 3388 maxime
678 3324 845 3399 conducet,
868 3323 895 3388 si
916 3321 1044 3396 leceris,
1067 3323 1203 3387 maxime
1222 3322 1449 3408 obtemperans
1471 3323 1623 3390 voluntati

303 3437 403 3482 meae.
446 3422 476 3482 3.
499 3420 583 3482 llaec
603 3424 741 3502 pro.tuo
763 3417 890 3502 ingenio
913 3414 1087 3482 considera.
1136 3420 1199 3481 Nos
1220 3417 1262 3482 ita
1284 3427 1315 3482 te
1337 3417 1565 3492 desideramus,
1588 3429 1622 3483 ut

303 3531 462 3588 amemus;
484 3532 589 3585 amor,
623 3520 659 3575 ut
679 3511 832 3576 valentem
854 3509 1031 3582 videamus,
1055 3509 1213 3589 hortatur;
1243 3508 1451 3585 desiderium,
1474 3521 1622 3599 utquam

302 3603 448 3689 primum.
500 3603 580 3670 Illud
616 3604 711 3689 Igitur
738 3604 853 3690 potius.
910 3607 991 3668 Cura
1020 3624 1096 3689 ergo
1118 3604 1332 3689 potissimum,
1368 3615 1403 3671 ut
1423 3605 1545 3683 valeas3
1582 3605 1621 3670 de

264 3717 293 3752 as
303 3695 364 3760 tuis
392 3695 672 3765 innumerabilibus
701 3693 733 3762 in
762 3717 813 3761 me
843 3695 955 3762 officiis
990 3697 1051 3762 erit
1082 3697 1142 3764 hoc
1172 3699 1392 3784 gratissimum.
1435 3717 1487 3763 111.
1519 3703 1621 3764 Nonas

302 3789 505 3856 Novembres.

780 3935 823 3996 11.
867 3933 921 4014 (n.
945 3935 976 3997 e.
1000 3935 1032 3998 c,
1053 3935 1143 4015 rot.)

722 4073 884 4138 maurus
913 4075 1047 4139 ninom
1073 4075 1147 4140 suo
1169 4075 1202 4139 s.

385 4217 454 4278 Non
476 4233 559 4300 queo
580 4212 620 4278 ad
641 4221 672 4277 te
693 4233 752 4278 uec
772 4212 860 4278 lubet
879 4213 1034 4290 scribere,
1057 4235 1120 4301 quo
1142 4213 1246 4279 animo
1262 4213 1320 4279 sim
1335 4213 1478 4292 allectus;
1502 4223 1618 4280 tanturn

264 4305 406 4373 suscribo
434 4315 465 4372 et
497 4305 553 4372 tihi
580 4307 708 4373 etmihi
730 4307 884 4373 maximae
906 4309 1055 4395 voluptati
1078 4308 1161 4382 lore,
1195 4307 1222 4374 si
1242 4317 1273 4375 te
1295 4307 1419 4378 lirinum
1441 4329 1533 4394 quarn
1554 4310 1620 4395 pri-

301 4422 386 4467 mum
408 4401 528 4467 videro.
571 4407 677 4468 Tertio
699 4401 750 4480 die
772 4401 878 4468 abste
905 4402 944 4467 ad
965 4403 1101 4491 Alyziam
1122 4421 1360 4468 accesseramus.
1414 4406 1443 4465 Is
1465 4400 1551 4466 Iocus
1572 4413 1618 4468 est

300 4495 378 4562 citra
408 4495 582 4562 Leucadem
612 4495 712 4561 stadia
739 4515 819 4562 cxx.
876 4494 1019 4562 Leucade
1046 4506 1100 4562 aut
1121 4507 1150 4562 te
1172 4496 1276 4584 ipsum
1297 4505 1350 4561 aut
1371 4505 1439 4560 tuas
1461 4494 1578 4562 litteras
1599 4519 1617 4562 a

299 4591 441 4657 Marione
462 4590 610 4679 putabam
630 4611 681 4656 me
710 4598 919 4676 accepturum.
978 4594 1134 4669 Quantum
1155 4611 1206 4656 me
1229 4588 1347 4674 diligis,
1377 4597 1493 4653 tantum
1513 4589 1562 4654 sac
1583 4601 1619 4656 ut

300 4683 422 4757 valeas,
444 4685 495 4750 vel
515 4692 665 4771 quantum
687 4693 717 4748 te
739 4705 756 4748 a
778 4705 828 4747 me
850 4683 910 4749 scis
932 4683 1029 4770 diligi.
1071 4684 1167 4751 Nonis
1188 4681 1357 4748 Novembr.
1378 4682 1491 4769 Alyzia.

370 4903 396 4953 1.
416 4903 489 4953 Libat
507 4903 578 4952 xvt.
607 4901 733 4965 epistates
757 4901 808 4952 hoc
835 4903 931 4952 ordine
955 4903 1062 4952 exhibet
1079 4901 1125 4954 M:
1157 4900 1182 4951 5.
1202 4899 1229 4950 ’1.
1249 4900 1275 4950 1.
1295 4899 1321 4950 2.
1341 4899 1460 4950 3.1.6.
1480 4899 1552 4950 Μ.
1572 4899 1615 4950 tt.

299 4972 342 5022 ta.
369 4973 412 5023 to.
442 4973 485 5024 15.
512 4972 555 5024 tl.
582 4973 624 5022 1³.
650 4971 693 5021 16.
720 4971 763 5022 17.
793 4977 845 5022 cet.
875 4997 906 5008 -
944 4974 986 5023 11.
1014 4974 1102 5024 eedem
1130 4972 1240 5020 euantis
1264 4969 1302 5022 Ill.
1332 4993 1360 5004 -
1397 4969 1496 5021 mulares
1521 4968 1558 5020 II.
1586 4992 1613 5004 -

299 5043 341 5094 tle.
361 5043 408 5094 los
426 5043 473 5094 slot
490 5043 681 5106 inoperasse
697 5043 735 5094 II.
757 5053 795 5082 ν’
824 5042 867 5092 15.
886 5043 928 5093 ain
944 5049 1033 5094 nutem
1050 5040 1207 5094 Cratander.
