3662 5908
593 407 667 471 LIB.
689 407 772 469 XIII.
816 407 873 469 ΕΡ.
896 405 947 469 25.
969 406 1020 470 26.
1042 407 1094 468 27.
1116 406 1167 470 28.
1462 409 1523 470 sto

198 563 345 632 iuberent
365 599 406 610 -
428 583 531 650 neque
554 562 637 628 enim
658 563 690 628 id
713 571 785 630 tuae
807 560 964 647 dignitatis
985 582 1056 627 esse
1078 559 1268 628 arbitramur
1294 601 1344 636 —,
1369 563 1423 630 sed
1445 585 1525 651 quo-

199 660 271 724 dam
303 656 399 722 modo
432 658 522 745 quasi
554 658 826 724 commendaticias
857 656 1055 742 sumpsimus.
1103 661 1134 722 t.
1158 656 1351 732 Scriberem,
1376 679 1469 746 mam
1492 657 1525 724 id

198 751 385 818 beneficium
407 751 488 817 bene
510 751 594 837 apud
615 753 798 819 Mescinium
819 751 981 839 positurus
1003 771 1102 825 esses,
1139 751 1199 816 nisi
1221 761 1253 817 et
1274 763 1304 818 te
1326 753 1406 818 scire
1428 753 1525 819 conli-

199 846 308 913 derem
335 856 366 912 et
392 846 470 912 mibi
499 858 650 934 peterem.
694 847 746 912 Sic
774 847 857 912 enim
879 845 973 910 velim
996 844 1177 922 existimes,
1201 867 1263 911 non
1285 847 1389 912 minus
1411 868 1461 911 me
1483 846 1523 912 de

200 942 282 1008 illins
312 964 348 1008 re
379 941 525 1007 laborare
553 963 646 1028 mam
677 941 779 1027 ipsum
815 939 854 1005 de
882 961 949 1004 sna.
1008 938 1068 1004 Sed
1091 961 1162 1004 cum
1183 939 1271 1006 illurn
1293 941 1404 1007 studeo
1429 960 1548 1026 quama

201 1037 345 1103 facillime
367 1036 407 1102 ad
437 1057 529 1101 suum
560 1035 741 1122 pervenire,
778 1042 843 1099 tum
869 1030 946 1098 illud
977 1029 1105 1106 laboro,
1142 1042 1177 1098 ut
1198 1054 1261 1099 non
1283 1035 1445 1102 minimum
1466 1036 1525 1102 bac

201 1153 269 1197 mea
291 1130 560 1197 commendatione
583 1150 617 1196 se
639 1137 840 1196 consecutum
862 1125 1041 1193 arbitretur.

641 1291 766 1352 narn.
808 1287 862 1366 (A.
888 1289 920 1351 o.
943 1289 975 1351 c.
997 1287 1082 1369 ros.)

676 1410 820 1476 CICERO
843 1410 988 1474 SERVIO
1011 1412 1042 1474 S.

286 1529 313 1591 l.
336 1525 422 1591 Licet
443 1522 555 1590 eodem
578 1522 724 1608 exemplo
752 1520 877 1607 saepius
900 1518 955 1584 tibi
984 1519 1078 1586 buius
1100 1524 1225 1606 generis
1246 1524 1363 1591 litteras
1385 1526 1522 1604 mittam,
1535 1546 1561 1585 ιο

199 1643 271 1688 cum
293 1620 413 1706 gratias,
429 1640 534 1705 agam,
572 1617 657 1706 qnod
679 1637 764 1682 meas
795 1611 1082 1679 commendationes
1104 1623 1164 1679 mm
1188 1615 1353 1704 diligenter
1374 1623 1523 1690 observes

199 1749 239 1761 -
262 1714 347 1803 quod
370 1713 430 1778 leci
451 1714 484 1778 in
506 1712 575 1779 aliis
597 1722 628 1777 et
649 1711 781 1783 laciam,
818 1715 852 1773 ut
872 1704 979 1781 video,
1014 1707 1137 1794 saepius
1161 1745 1218 1786 -,
1249 1714 1304 1780 sod
1335 1726 1523 1786 tamennon

200 1831 326 1898 parcam
358 1829 475 1894 operae
503 1815 533 1872 et
561 1817 595 1872 ut
623 1827 680 1872 vos
707 1802 814 1870 soletis
842 1799 875 1864 in
903 1799 1062 1874 formulis,
1100 1801 1144 1867 sic
1173 1825 1233 1890 ego
1264 1807 1295 1872 in
1317 1809 1457 1896 epistolis
1478 1832 1522 1878 nn

199 1924 314 1970 naonis
347 1923 388 1968 nn
418 1921 499 1968 anso
530 1921 640 1967 mono.
691 1903 722 1965 Ξ.
759 1899 791 1962 C.
813 1892 961 1959 Avianius
982 1893 1080 1979 igitur
1100 1898 1304 1965 Hammonius
1325 1901 1523 1972 incredibiles

198 1998 275 2064 mibi
297 1996 412 2082 gratias
433 2017 491 2081 per
518 1995 636 2061 litteras
666 1994 730 2078 egit
759 1999 791 2056 et
810 2008 870 2054 suo
892 1996 923 2052 et
943 1987 1066 2054 Aemilii
1087 1991 1264 2065 brianiani,
1297 1999 1423 2080 patroni
1454 2001 1522 2077 sui,
1536 2013 1561 2051 ¹⁶
1625 1997 1652 2076 ί

198 2093 340 2158 nomiae:
363 2111 422 2154 nee
443 2087 603 2155 liberalius
624 2109 682 2153 nec
703 2080 959 2153 honorificentius
980 2083 1119 2167 potuisse
1149 2088 1273 2152 tractari
1296 2109 1353 2156 nee
1374 2113 1407 2156 se
1429 2113 1521 2180 prae·

198 2194 318 2252 sentem
350 2204 408 2249 nce
434 2204 502 2247 rem
528 2181 712 2248 familiarem
741 2175 878 2244 absentis
906 2177 1031 2260 patroni
1063 2178 1122 2244 sui.
1164 2180 1200 2245 Id
1222 2181 1300 2247 mibi
1320 2205 1391 2250 eum
1413 2186 1521 2253 iucun·
1573 2191 1586 2212 “

198 2281 274 2346 dmn
301 2289 348 2346 est
376 2299 488 2344 eorum
521 2299 630 2351 causa,
667 2297 746 2363 quos
778 2271 836 2338 tibi
864 2291 924 2355 ego
953 2292 1073 2336 summa
1095 2275 1322 2343 necessitudine
1350 2290 1381 2345 et
1402 2301 1522 2348 summa

197 2373 416 2440 coniunctione
442 2371 593 2437 adductus
626 2366 932 2440 commendaveram,
967 2364 1053 2452 quod
1073 2371 1114 2432 M.
1136 2369 1288 2436 Aemilius
1310 2395 1390 2440 unus
1412 2386 1521 2442 estex

198 2561 277 2627 meis
309 2557 468 2624 benefieiis
500 2558 662 2623 devinctus
697 2566 728 2622 et
754 2576 853 2643 prope
886 2554 1042 2630 omnium,
1078 2556 1133 2641 qui
1159 2556 1237 2622 mibi
1264 2558 1380 2627 debere
1402 2564 1521 2652 aliquid

197 2652 361 2728 ridentur,
384 2651 593 2736 gratissimus:
616 2662 681 2717 tum
704 2650 801 2717 multo
822 2649 988 2716 iucundius
1010 2657 1039 2714 te
1061 2651 1184 2716 esseio
1206 2673 1257 2717 me
1279 2655 1331 2721 tali
1352 2658 1520 2735 voluntate,

197 2757 233 2815 nt
260 2748 330 2834 plus
356 2746 460 2832 prosis
489 2747 596 2812 amicis
626 2745 719 2821 meis,
756 2765 850 2833 quam
882 2763 942 2828 ego
971 2763 1120 2828 praesens
1153 2742 1286 2812 lortasse
1321 2749 1520 2835 prodessem:

197 2841 308 2918 credo,
340 2839 426 2928 quod
447 2841 547 2926 magis
568 2861 628 2925 ego
651 2839 840 2913 dubitarem,
868 2836 945 2924 quid
973 2836 1098 2902 illorum
1125 2859 1218 2904 cansa
1244 2840 1396 2919 lacerem,
1427 2866 1520 2933 quam

198 2945 247 3011 tu,
278 2933 354 3022 qnid
382 2954 463 2999 mea.
515 2939 546 2999 3.
569 2934 631 2999 Sed
659 2934 719 3000 boc
740 2954 803 2998 non
825 2929 951 3005 dubito,
983 2930 1058 3016 quin
1080 2932 1241 2998 existimes
1263 2934 1337 3000 mibi
1360 2957 1429 3002 esse
1451 2949 1559 3022 gra-'1⁸

197 3039 275 3096 tum.
324 3028 405 3094 Illud
432 3036 462 3091 te
484 3047 581 3112 rogo,
618 3037 652 3093 ut
674 3026 743 3092 illos
765 3046 892 3112 quoque
914 3033 1020 3110 gratos
1042 3047 1111 3091 esse
1134 3025 1275 3092 homiues
1297 3040 1403 3115 putes;
1432 3030 1518 3117 quod

196 3125 240 3190 ita
263 3144 331 3188 esse
353 3121 410 3188 tibi
443 3123 593 3208 promitto
629 3131 721 3208 atque
743 3119 905 3185 confirmo.
964 3123 1069 3198 Quare
1095 3121 1203 3197 velim,
1233 3121 1384 3208 quidquid
1405 3122 1520 3189 babent

197 3217 330 3303 negotii,
359 3216 414 3282 des
436 3237 582 3304 operam,
619 3215 706 3304 quod
727 3213 893 3280 commodo
917 3222 972 3278 tuo
993 3212 1061 3287 liat,
1084 3222 1119 3280 ut
1141 3226 1170 3282 te
1192 3214 1352 3281 obtinente
1374 3216 1519 3282 Achaiam

196 3310 372 3377 conficiant.
428 3314 458 3375 l.
491 3314 558 3394 Ego
585 3330 656 3375 cum
685 3318 740 3373 tuo
770 3308 880 3374 Servio
909 3306 1133 3374 iucundissimo
1163 3309 1415 3375 coniunctissime
1446 3310 1519 3377 viro

196 3425 402 3491 magnamque
424 3423 494 3470 cnm
516 3425 557 3468 ex
578 3402 704 3488 ingenio
726 3401 794 3468 eius
815 3401 1029 3488 singularique
1049 3400 1168 3479 studio,
1202 3410 1267 3468 tum
1289 3425 1329 3469 ex
1353 3403 1466 3470 virtute
1488 3413 1559 3470 et³⁰

196 3498 354 3584 probitate
375 3498 566 3585 voluptatem
587 3496 687 3583 capio.

627 3639 768 3702 naun.
812 3635 861 3720 (Α.
887 3640 920 3704 a.
942 3640 975 3702 c.
997 3637 1082 3724 ros.)

673 3761 816 3826 CICERO
838 3760 983 3827 SERVIO
1006 3763 1037 3826 S.

282 3877 310 3940 1.
342 3871 409 3940 Etsi
437 3871 571 3938 libenter
597 3881 705 3958 petere
734 3894 752 3936 a
776 3879 806 3936 te
834 3873 939 3948 soleo,
971 3872 998 3938 si
1020 3871 1098 3960 quid
1118 3892 1198 3959 opos
1219 3880 1267 3937 est
1287 3893 1431 3940 meorum
1453 3873 1519 3941 cni-

195 3969 295 4056 pIam‚
318 3978 420 4033 umen
450 3968 548 4033 multo
578 3965 726 4031 libentius
755 3966 870 4052 gratias
893 3965 947 4032 tibi
970 3986 1047 4051 ago,
1080 3987 1151 4032 cnm
1172 3967 1273 4033 iecisti
1294 3967 1411 4053 aliquid
1433 3983 1555 4034 com-³³

196 4060 394 4127 mendatione
427 4081 515 4136 mea,
548 4059 633 4146 quod
656 4081 780 4146 semper
801 4060 887 4126 lacis.
935 4059 1122 4126 Incredibile
1145 4072 1192 4127 est
1213 4061 1312 4135 enirn,
1342 4083 1419 4147 quas
1441 4061 1518 4126 mibi

195 4155 311 4240 gratias
340 4176 450 4220 omnes
478 4163 585 4240 agant,
623 4154 715 4219 etiarn
745 4153 947 4220 mediocriter
975 4175 994 4218 a
1020 4175 1070 4218 me
1102 4151 1157 4219 tibi
1180 4155 1404 4235 commendati:
1438 4176 1518 4242 qnae

195 4249 271 4316 mibi
293 4248 397 4314 omnia
419 4256 524 4332 grata,
556 4246 611 4312 sed
633 4246 671 4312 de
693 4251 727 4313 L.
755 4247 903 4315 Mescinio
925 4247 1146 4333 gratissimum.
1204 4247 1256 4313 Sic
1283 4249 1366 4314 enim
1388 4257 1435 4315 est
1456 4269 1520 4312 me·

195 4365 267 4409 cunr
299 4343 438 4417 locutus,
475 4350 521 4416 te,
554 4349 589 4406 ut
617 4363 703 4406 meas
733 4341 852 4407 litteras
878 4341 1007 4425 legeris,
1044 4342 1146 4406 statim
1174 4341 1433 4429 procuratoribus
1453 4341 1518 4408 suis

195 4437 367 4524 pollicitum
392 4457 460 4502 esse
482 4440 605 4514 omnia;
628 4436 726 4501 multo
749 4457 825 4500 vero
846 4434 937 4521 plura
959 4444 991 4500 et
1011 4434 1133 4500 maiora
1154 4435 1276 4502 fecisse.
1318 4434 1355 4500 Id
1369 4435 1557 4520 igitur-so

194 4541 271 4618 puto
303 4531 387 4596 enim
416 4530 510 4596 etiam
541 4541 634 4616 atque
663 4529 756 4595 ctiam
786 4528 863 4594 mibi
884 4528 1051 4594 dicendum
1073 4551 1142 4595 esse
1173 4567 1216 4578 —
1242 4528 1337 4594 velirn
1359 4527 1519 4594 existimes

196 4624 273 4690 mibi
295 4634 325 4689 te
348 4623 459 4689 iecisse
481 4623 701 4707 gratissimum,
758 4625 787 4688 2.
813 4620 905 4700 Quod
928 4621 1055 4708 quidem
1077 4622 1138 4688 hoe
1158 4622 1373 4688 vehementius
1397 4621 1517 4699 laetor,

263 4845 289 4896 l.
319 4845 483 4896 arbitremur
500 4843 546 4894 M:
566 4843 764 4894 arbitrabuntur
782 4843 812 4894 E.
844 4867 877 4880 -
912 4843 956 4893 13.
975 4840 1170 4892 assererent.
1195 4863 1230 4876 -
1267 4840 1310 4891 lt.
1330 4840 1457 4891 Auianius
1473 4841 1519 4893 M:

194 4914 309 4966 Aoieasss
333 4915 364 4966 E.
391 4939 425 4950 -
461 4915 504 4964 15.
532 4915 675 4965 Aoioaioni
693 4914 735 4964 M:
768 4913 863 4964 totoni
883 4911 912 4964 li.
932 4939 965 4948 -
1001 4911 1045 4962 td.
1066 4911 1250 4962 mainerium
1267 4909 1313 4962 M:
1338 4911 1452 4963 bominis
1470 4925 1521 4963 esse

195 4983 239 5106 ξι
249 4985 543 5119 euplisirswtclinmm
560 4985 767 5036 coniunctissime
783 4983 829 5046 M,
848 4985 1029 5036 inmundissime
1046 4983 1302 5045 reattractusimequs
1319 4980 1476 5032 Lambinus.
1490 5008 1518 5021 -
