3656 5868
522 413 595 474 lun.
618 413 687 474 lV.¹
706 411 765 474 ΕΡ.
789 410 839 472 ld.
863 409 911 471 lb.
958 407 1031 470 LlB.
1054 407 1090 468 V.
1134 409 1191 472 ΕΡ.
1216 409 1244 469 1.
1269 407 1299 468 d.
1526 407 1568 468 ot

247 593 331 646 sum,
355 571 409 659 qui
431 567 547 635 bellurn
568 587 656 653 gero.
700 570 790 646 Quae
811 558 960 654 quoniam
982 585 1039 630 nec
1058 564 1180 630 ratione
1199 585 1256 628 nec
1269 563 1425 630 maiorum
1447 574 1570 630 nostro-

247 689 317 732 rum
339 663 503 730 clementia
521 661 779 734 administrastis,
802 683 865 726 non
886 659 945 726 erit
966 658 1159 732 mirandum,
1183 659 1211 726 si
1225 681 1283 725 vos
1300 657 1483 743 poenitebit.
1526 667 1569 725 Te

246 771 309 824 tam
329 757 440 824 mobili
460 758 493 822 in
513 777 565 820 me
586 776 738 841 meosque
759 775 828 820 esse
853 756 958 821 animo
980 774 1043 819 non
1066 751 1240 839 sperabam.
1298 759 1347 818 lle
1372 752 1491 817 interea
1514 775 1571 818 nee

247 853 437 920 domesticus
457 850 552 918 dolor
572 871 631 915 nec
651 851 835 938 cuiusquam
857 848 972 914 iniuria
994 869 1012 912 a
1034 869 1070 912 re
1091 845 1215 934 publica
1237 844 1380 912 abducet.

729 992 772 1055 11.
816 989 865 1074 (A.
892 993 923 1056 u.
946 994 979 1056 c.
1001 991 1087 1078 eea.)
1582 1012 1595 1048 .

343 1121 384 1184 Μ.
414 1116 575 1182 TULLIUS
604 1119 645 1179 M.
678 1119 711 1179 F.
740 1113 1165 1272 fflffiggog'SMbTELm
1193 1114 1233 1188 Q.
1258 1115 1292 1176 1².
1321 1115 1461 1180 CELERI

335 1313 420 1402 l(Si
441 1331 476 1386 tu
498 1320 719 1407 exercitusque
740 1319 867 1414 valetis,
903 1318 984 1383 bene
1007 1323 1079 1408 est.)
1121 1317 1238 1383 Scribis
1268 1319 1308 1384 ad
1333 1341 1384 1386 me
1412 1331 1443 1385 te
1465 1322 1593 1386 existi-'
1646 1318 1742 1416 asel-⁴

248 1438 370 1490 masse,
393 1463 411 1490 „
419 1435 479 1501 pro
500 1423 611 1479 mutuo
632 1413 714 1480 inter
736 1435 793 1480 nos
813 1414 920 1479 animo
944 1423 975 1478 et
995 1434 1054 1500 pro
1076 1414 1276 1479 reconciliata
1291 1415 1391 1499 graba
1413 1437 1571 1504 nunquam

248 1523 280 1580 te
301 1532 319 1576 a
340 1529 392 1574 me
413 1505 552 1573 ludibrio
573 1508 693 1573 laesum
715 1507 784 1574 iri.’'
828 1506 922 1585 Quod
944 1507 1120 1572 cuiusmodi
1142 1508 1197 1584 sit,
1221 1509 1294 1573 satis
1312 1509 1486 1595 intelligere
1509 1532 1570 1576 non
1587 1539 1611 1579 ro

248 1625 394 1693 possum,
431 1599 487 1666 sed
516 1611 621 1666 tamen
649 1603 793 1689 suspicor
819 1603 861 1668 ad
889 1610 920 1667 te
949 1623 1019 1668 esse
1051 1600 1177 1667 allatum
1206 1623 1274 1677 me,
1309 1604 1342 1668 in
1369 1615 1479 1670 senatu
1501 1625 1572 1668 cum

249 1699 458 1785 disputarem,
480 1694 654 1781 permultos
676 1716 764 1772 esse,
791 1698 934 1783 quirem
956 1695 1113 1782 publicam
1135 1718 1152 1760 a
1174 1719 1225 1760 me
1247 1706 1464 1763 conservatam
1486 1699 1574 1764 dole·

249 1803 335 1864 rent,
369 1790 503 1864 dixisse,
532 1796 601 1852 ate
621 1790 818 1876 propinquos
839 1799 931 1864 tuos,
960 1789 1074 1878 quibus
1096 1809 1213 1874 negare
1234 1811 1298 1855 non
1320 1792 1492 1877 potuisses,
1514 1794 1573 1858 im-

247 1897 409 1974 petrasse,
441 1893 478 1948 ut
499 1903 552 1956 ea,
590 1905 670 1972 quae
698 1884 859 1951 statuisses
889 1884 946 1951 tibi
967 1885 1000 1950 in
1021 1893 1131 1949 senatu
1160 1884 1199 1948 de
1228 1905 1298 1949 mea
1320 1884 1413 1950 laude
1435 1907 1503 1952 esse
1525 1887 1573 1952 di-

249 1979 361 2052 cenda,
393 1977 554 2042 reticeres.
609 1977 703 2056 Quod
725 1999 796 2044 cum
818 1978 976 2050 dicerem,
1012 1977 1090 2043 illud
1118 1977 1267 2042 adiunxi:
1306 1978 1382 2043 mibi
1404 1989 1508 2045 tecum
1529 1982 1571 2046 ita
1586 2007 1611 2046 u

249 2073 447 2161 dispertitum
469 2071 607 2138 officium
629 2071 726 2138 fuisse
747 2074 781 2138 in
798 2072 846 2137 rei
860 2071 1005 2157 publicae
1019 2072 1116 2137 salute
1132 2071 1312 2146 retinenda,
1337 2082 1373 2137 ut
1387 2093 1446 2158 ego
1460 2074 1573 2141 urbem

249 2191 269 2235 a
297 2165 476 2234 domesticis
509 2165 630 2232 insidiis
662 2175 693 2242 et
714 2165 753 2231 ab
782 2166 928 2232 intestino
960 2166 1098 2240 scelere,
1134 2175 1169 2231 tu
1190 2166 1309 2231 ltaliam
1333 2175 1364 2231 et
1385 2166 1425 2231 ab
1448 2170 1574 2234 arnuatis

249 2259 391 2328 hostibus
413 2269 445 2324 et
465 2259 504 2325 ab
527 2259 648 2326 occulta
669 2259 887 2326 coniuratione
909 2258 1113 2338 defenderem
1135 2270 1228 2347 atque
1251 2260 1330 2324 banc
1344 2269 1484 2326 nostram
1499 2264 1573 2327 tanti

250 2366 365 2423 ettam
387 2353 541 2440 praeclari
563 2355 703 2420 muneris
725 2355 905 2420 societatem
927 2377 946 2418 a
966 2354 1028 2419 tuis
1049 2355 1236 2441 propinquis
1251 2353 1485 2429 labefactatam,
1509 2356 1573 2443 qui,

250 2471 322 2516 cum
344 2459 377 2514 tu
400 2471 418 2513 a
440 2469 491 2512 me
513 2447 609 2513 rebus
638 2449 836 2535 amplissimis
858 2458 951 2535 atque
977 2447 1301 2513 honorificentissimis
1323 2459 1451 2516 ornatus
1473 2473 1612 2526 essenon

250 2544 446 2619 timuissent,
475 2563 516 2607 ne
544 2563 625 2629 quae
654 2543 733 2609 mibi
761 2564 833 2629 pars
863 2543 919 2609 abs
948 2550 979 2608 te
1013 2541 1181 2608 voluntatis
1216 2552 1342 2608 mutuae
1372 2543 1574 2609 tribueretur.

250 2643 282 2704 2.
302 2643 371 2704 Hoc
393 2637 426 2702 in
448 2655 593 2702 sermone
600 2623 685 2734 ptum
707 2657 724 2700 a
744 2657 795 2701 me
816 2647 1049 2724 exponeretur,
1083 2656 1163 2722 quae
1188 2657 1257 2700 mea
1284 2639 1475 2722 exspectatio
1498 2638 1574 2704 luis·
1642 2631 1701 2696 «a

250 2727 471 2824 setlorationis
498 2738 570 2795 tuae
604 2740 782 2818 quantoque
804 2731 835 2797 in
858 2752 968 2796 errore
997 2739 1138 2796 versatus
1161 2751 1279 2804 essem,
1314 2732 1380 2797 visa
1403 2742 1450 2797 est
1471 2735 1574 2799 oratio

250 2849 314 2893 uon
337 2823 504 2892 iniucunda
526 2832 558 2889 et
578 2823 746 2890 mediocris
769 2824 895 2910 quidam
917 2835 964 2889 est
987 2825 1068 2888 risus
1086 2835 1286 2898 consecutus,
1309 2845 1373 2890 non
1393 2826 1426 2890 in
1449 2837 1497 2900 te,
1520 2826 1574 2893 sed

251 2921 350 3006 magis
373 2919 405 2983 in
426 2937 571 2983 errorem
592 2937 698 2983 meum
720 2926 752 2982 et
772 2918 857 3005 quod
879 2941 930 2984 me
951 2917 1006 2982 abs
1028 2928 1059 2982 te
1081 2917 1203 3002 cupisse
1219 2917 1339 2981 laudari
1354 2927 1462 3003 aperte
1480 2930 1613 3007 atquess

251 3016 386 3100 ingenue
408 3009 588 3077 confitebar.
632 3017 696 3076 lam
718 3013 779 3078 boc
800 3032 863 3077 uon
885 3021 989 3098 potest
1003 3012 1035 3075 in
1049 3019 1081 3074 te
1097 3031 1159 3074 non
1174 3009 1347 3075 honorilice
1363 3031 1432 3076 esse
1447 3013 1574 3087 dictum,

252 3131 303 3174 me
324 3110 356 3173 in
384 3105 564 3172 clarissimis
592 3106 671 3171 meis
697 3116 790 3194 atque
819 3103 1017 3190 amplissimis
1046 3102 1141 3168 rebus
1163 3113 1266 3168 tamen
1288 3103 1414 3190 aliquod
1436 3106 1575 3172 testimo·

252 3204 339 3269 nium
361 3211 433 3267 tuae
453 3199 540 3266 vocis
562 3200 680 3265 babere
701 3199 849 3267 voluisse.
892 3203 922 3263 3.
946 3197 1040 3276 Quod
1062 3207 1164 3262 autem
1187 3197 1230 3260 ita
1248 3196 1376 3272 scribis,
1398 3221 1485 3287 „pro
1506 3223 1574 3266 mu·

254 3307 309 3362 tuo
330 3297 412 3361 inter
432 3315 491 3360 nos
506 3293 650 3368 animo”,
673 3293 749 3380 quid
764 3304 798 3359 tu
813 3293 972 3358 existimes
991 3313 1060 3357 esse
1075 3292 1107 3356 in
1122 3291 1257 3356 amicitia
1272 3301 1429 3369 mutuum,
1452 3295 1574 3370 nescio;

253 3391 400 3478 equidem
417 3389 478 3454 boc
499 3385 652 3464 arbitror,
683 3410 755 3454 cum
776 3408 835 3474 par
856 3387 999 3453 voluntas
1021 3386 1173 3472 accipitur
1194 3393 1226 3450 et
1247 3385 1398 3453 redditur.
1443 3393 1525 3474 Ego,
1549 3389 1613 3453 sio

254 3486 314 3551 boc
340 3483 457 3558 dicam,
494 3503 545 3548 me
576 3491 628 3547 tua
651 3503 744 3549 causa
775 3481 1021 3570 praetermisisse
1050 3481 1257 3567 provinciam,
1290 3480 1347 3546 tibi
1375 3483 1443 3571 ipse
1474 3484 1576 3549 levior

253 3578 362 3644 ridear
383 3597 473 3654 esse;
505 3596 594 3641 meae
626 3577 710 3642 enim
736 3576 875 3642 rationes
905 3576 947 3640 ita
973 3576 1113 3641 tulerunt
1138 3585 1231 3662 atque
1265 3575 1333 3640 eius
1364 3578 1427 3642 mei
1454 3578 1574 3643 consilii

253 3673 405 3738 maiorem
428 3671 460 3735 in
482 3670 549 3735 dies
571 3670 711 3756 singulos
732 3671 869 3736 fructum
884 3669 1137 3757 voluptatemque
1156 3670 1256 3755 capio.
1299 3669 1380 3734 Illud
1401 3671 1492 3745 dico,
1515 3692 1575 3745 me,

253 3778 289 3834 nt
308 3765 446 3853 primum
467 3765 499 3830 in
522 3765 667 3831 contione
689 3763 884 3852 provinciam
906 3763 1122 3850 deposuerim,
1156 3765 1275 3838 statim,
1311 3763 1575 3850 quemadmodum

254 3881 323 3926 eam
345 3857 401 3924 tibi
421 3857 600 3933 traderem,
637 3860 776 3943 cogitare
798 3858 950 3944 coepisse.
1004 3859 1085 3923 Nihil
1114 3858 1184 3924 dico
1207 3858 1246 3923 de
1268 3859 1431 3924 sortitione
1454 3869 1614 3938 vestra3ss

254 3963 372 4019 tantum
395 3963 426 4016 te
448 3953 600 4038 suspicari
623 3953 698 4018 volo
719 3951 796 4016 nibil
817 3952 849 4016 in
871 3973 908 4015 ea
926 3973 962 4016 re
983 3973 1041 4038 per
1063 3952 1213 4036 collegam
1228 3974 1333 4018 meum
1356 3971 1405 4017 me
1427 3954 1576 4018 insciente

254 4069 324 4114 esse
346 4046 471 4111 laetum.
522 4045 700 4112 Recordare
722 4055 845 4111 cetera:
868 4065 961 4131 quarn
983 4046 1046 4111 cito
1068 4055 1209 4112 senatum
1229 4047 1285 4112 illo
1307 4047 1357 4112 die
1379 4048 1458 4114 laeta
1485 4049 1578 4113 sorti-

256 4142 341 4207 tione
368 4140 541 4224 coegerim
580 4161 674 4226 quam
702 4141 798 4206 multa
827 4139 867 4204 de
896 4149 927 4205 te
954 4140 1053 4206 rerba
1082 4139 1226 4216 fecerim,
1262 4163 1334 4207 curn
1357 4151 1390 4209 tu
1413 4142 1479 4228 ipse
1500 4143 1577 4207 mihi

256 4234 363 4300 dixisti
384 4234 558 4299 orationem
581 4255 683 4298 meam
704 4255 768 4299 non
790 4235 891 4299 solum
913 4236 945 4299 in
967 4244 997 4300 te
1019 4235 1244 4313 honorificam,
1267 4236 1322 4301 sed
1344 4237 1437 4300 etiam
1459 4237 1492 4301 in
1513 4235 1577 4302 col·

256 4329 340 4412 legas
363 4338 433 4393 tuos
454 4328 712 4394 contumeliosam
733 4327 840 4392 luisse.
855 4325 921 4486 qli.
944 4333 1009 4393 lam
1030 4328 1106 4395 illud
1128 4341 1251 4395 senatus
1273 4329 1463 4404 consultum,
1492 4328 1615 4415 quodm

256 4444 296 4490 eo
317 4423 369 4488 die
389 4422 506 4489 lactum
528 4434 589 4498 est,
624 4444 662 4488 ea
683 4418 871 4510 perscriptio
894 4443 912 4486 e
934 4431 995 4497 est,
1032 4431 1086 4498 ut,
1115 4423 1188 4488 dum
1210 4424 1242 4488 id
1264 4423 1415 4498 exstabit,
1439 4421 1576 4488 ollicium

257 4537 361 4582 meum
384 4517 417 4581 in
439 4525 469 4582 te
492 4515 663 4583 obscurum
685 4537 754 4582 esse
775 4536 839 4580 non
859 4516 969 4602 possit.
1013 4520 1124 4582 Postea
1144 4528 1222 4582 vero
1244 4539 1338 4604 quam
1352 4515 1512 4604 proiectus
1535 4536 1577 4588 es,

258 4611 350 4677 velim
371 4611 557 4685 recordere,
578 4631 660 4698 quae
682 4630 742 4695 ego
763 4609 802 4674 de
824 4617 855 4673 te
877 4609 910 4674 in
932 4619 1042 4674 senatu
1065 4611 1202 4696 egerim,
1225 4611 1358 4697 quaein
1380 4609 1578 4676 contionibus

257 4701 413 4779 dixerim,
446 4725 524 4791 quus
546 4702 587 4768 ad
608 4712 639 4768 te
660 4704 779 4768 litteras
800 4702 953 4768 miserim.
1006 4706 1095 4781 Quae
1118 4726 1188 4769 cum
1210 4705 1316 4770 omnia
1338 4704 1523 4788 collegeris,
1546 4713 1580 4768 tu

325 4866 353 4915 2.
382 4865 527 4928 poenitebtt
553 4863 711 4916 etommote'b'
736 4863 773 4915 bl.
804 4887 836 4902 ··
871 4865 915 4915 21.
946 4879 978 4916 ne
1003 4881 1070 4930 quoe
1097 4866 1134 4916 V:
1166 4881 1246 4931 neque
1276 4866 1321 4926 ld,
1349 4879 1381 4914 oe
1405 4881 1457 4930 qun
1485 4865 1515 4916 n.
1550 4893 1579 4901 -

257 4933 302 4984 2³.
321 4937 446 4986 annecto
462 4934 715 4999 blrrtyni-Laguua.
733 4959 765 4968 -
785 4934 830 4984 aa.
850 4936 957 4997 quidem
975 4943 999 4987 at
1016 4938 1084 4986 risus
1103 4935 1141 4987 bl.
1163 4961 1193 4972 -
1212 4937 1256 4986 ³1.
1276 4938 1328 4999 tpst
1345 4936 1469 4986 Ambros-
1491 4937 1533 4986 15.
1548 4961 1581 4972 -

258 5005 553 5126 mallianella
563 5007 751 5069 peremptione
778 5005 903 5055 ambros.
925 5007 973 5056 15:
999 5009 1205 5068 praescriptione
1229 5004 1289 5058 tta.
1316 5031 1345 5042 -
1391 5006 1435 5058 14.
1455 5015 1509 5058 tum
1528 5009 1582 5069 ipse
