3666 5874
715 383 790 448 tm.
811 383 835 490 l.
877 380 937 446 ΕΡ.
959 380 991 444 9.
1476 384 1515 450 lb

190 532 455 632 tumlbumanitns
472 537 541 608 elus
559 557 596 607 ao
615 535 786 608 uberdim
804 535 895 606 brevi
914 547 1057 626 tempore
1077 547 1109 608 et
1124 537 1235 608 litteris
1258 548 1290 608 et
1309 539 1419 608 oblatis
1441 559 1516 628 per·
1536 561 1543 632 p
1594 532 1675 638 κοξκ

191 642 409 734 spectanobis
429 649 462 707 et
483 631 638 728 cognita)
658 641 868 710 Vehementer
887 641 982 708 etiam
1007 663 1061 709 res
1089 642 1157 731 ipsa
1182 643 1307 731 publica
1327 667 1379 714 me
1399 645 1514 721 movit.
1532 638 1541 686 ”

190 760 272 830 quae
293 736 371 802 mibi
391 734 557 804 ridebatur
574 731 824 811 c'ontentionem
845 736 1032 823 praesertim
1052 737 1198 804 maximis
1223 737 1319 806 rebus
1341 761 1359 806 ι
1381 744 1515 809 Caesam

191 831 302 920 gestis.
324 851 398 903 cum
428 829 489 896 illis
519 829 596 897 siris
629 830 714 896 nolle
745 828 816 895 fieri
846 839 895 906 et,
927 853 968 896 ne
989 829 1094 907 fieret,
1124 831 1327 906 vehementer
1354 843 1515 902 recture.

191 925 383 1002 Gravissime
404 933 509 990 antem
529 945 581 989 me
603 923 636 990 in
663 924 745 990 bano
767 933 904 990 mentem
925 925 1047 1010 impulit
1068 935 1100 993 et
1119 926 1265 1013 Pompeii·
1289 925 1387 1004 fides,
1419 949 1540 1016 quam.

191 1021 231 1088 do
252 1041 304 1084 me
326 1017 452 1085 Caesari
470 1016 616 1094 dederat,
639 1026 671 1083 et
687 1015 793 1084 fratris
816 1018 893 1094 mei,
916 1039 1010 1106 quam
1027 1019 1188 1106 Pompeio.
1230 1023 1327 1087 Erant
1351 1032 1516 1108 praeterea

190 1116 269 1180 baec
286 1111 559 1178 animadvertenda
579 1111 611 1176 in
629 1109 769 1186 civitate,
791 1133 872 1198 quae
886 1123 958 1180 sunt
971 1113 1054 1199 apud
1067 1113 1229 1181 Platonem
1243 1125 1386 1182 nostrum
1401 1117 1516 1204 scripta

192 1208 358 1274 divinitus:
406 1205 537 1292 „quales
562 1205 596 1270 in
616 1227 653 1270 re
673 1205 799 1293 publica
827 1205 982 1294 princpes
1007 1215 1126 1284 essent,
1147 1207 1225 1275 tales
1247 1209 1387 1297 reliquos
1411 1211 1517 1277 solere

192 1323 262 1368 esse
283 1301 398 1367 cives?
439 1297 596 1366 Tenebam
615 1300 767 1365 memoria
788 1299 879 1366 nobis
900 1301 1080 1368 consulibus
1103 1323 1141 1368 ea
1154 1301 1354 1372 fundamenta
1375 1306 1453 1372 iacta
1474 1326 1516 1374 ex

192 1393 340 1462 Kalendis
369 1393 521 1459 Ianuariis
553 1393 758 1460 confirmandi
784 1404 925 1470 senatus,
965 1405 1000 1462 ut
1025 1396 1182 1462 nemmem
1203 1397 1312 1465 mberi
1333 1408 1554 1486 oporteretm

191 1489 288 1556 Nonis
314 1486 542 1553 Decembribus
570 1497 689 1555 ortum
715 1489 765 1554 vel
792 1487 885 1554 animi
914 1488 1010 1555 inisse
1038 1489 1071 1555 in
1092 1490 1147 1558 illo
1166 1492 1278 1558 ordinm
1306 1494 1357 1560 vel
1379 1497 1518 1561 auctori-

191 1583 273 1651 tatis.
315 1579 466 1668 Idemque
486 1583 689 1647 memineram
709 1581 802 1648 nobis
821 1581 952 1669 privatis
972 1604 1074 1671 usque
1088 1584 1128 1650 ad
1144 1587 1308 1652 Caesarem
1323 1597 1355 1654 et
1369 1589 1517 1658 Bibulum

192 1677 352 1750 consules,
387 1697 459 1742 cum
481 1679 650 1742 sententiae
677 1685 804 1743 nostrae
831 1697 978 1762 magnum
1006 1677 1040 1743 in
1068 1687 1178 1744 senatu
1203 1681 1327 1767 pondm
1346 1681 1516 1762 baberent,
1628 1767 1636 1774 .

192 1761 291 1838 ιιιιῐῐιῖ
311 1770 379 1836 iere
400 1791 527 1836 sensum
548 1770 645 1836 luisse
660 1768 818 1837 bonorum
833 1772 983 1838 omnium.
1028 1776 1077 1838 13.
1103 1777 1230 1849 Postea,
1257 1795 1328 1840 orm
1350 1785 1384 1842 tu
1405 1780 1516 1864 Hispa·

192 1869 276 1932 niam
297 1865 478 1932 citeriorem
497 1885 569 1930 cum
590 1864 725 1951 imperio
746 1863 906 1931 obtineres
923 1885 1026 1954 neque
1046 1866 1239 1954 respublica
1258 1871 1402 1938 consules
1422 1872 1517 1938 habe-
1529 1901 1556 1942 ιι

192 1969 254 2034 ret,
276 1959 333 2024 sed
354 1967 545 2024 mercatores
566 1959 801 2044 provinciarum
820 1967 852 2024 et
866 1958 1056 2025 seditionum
1070 1980 1180 2028 servos
1195 1981 1231 2026 ac
1245 1963 1421 2042 ministros,
1443 1967 1518 2034 iecit
1553 1967 1555 1974 ’

193 2053 320 2142 quidam
342 2073 431 2118 casus
452 2061 546 2139 capnt
565 2073 671 2120 mcum
697 2053 787 2141 quasi
808 2052 986 2120 certaminis
1006 2074 1100 2120 causa
1120 2055 1154 2120 in
1180 2056 1317 2122 mediam
1343 2062 1518 2127 eontentio-

193 2169 263 2214 ncm
286 2146 576 2234 dissensionemque
597 2146 732 2212 civilem.
784 2149 908 2225 Quoia
929 2147 1109 2214 discrimine
1130 2169 1202 2216 eum
1223 2151 1354 2217 mirifica
1376 2163 1516 2232 senatus,

194 2240 386 2308 incredibilis
415 2241 520 2306 ltaliae
549 2241 660 2317 totius,
696 2241 864 2327 singularis
884 2242 1025 2308 omnium
1045 2241 1203 2310 bonorum
1224 2247 1390 2312 consensio
1412 2249 1445 2313 in
1466 2269 1519 2314 me

193 2335 311 2402 tuendo
333 2333 516 2410 exstitisset,
551 2355 616 2400 non
637 2334 753 2410 dicam,
790 2334 866 2422 quid
887 2333 1036 2402 acciderit
1057 2365 1099 2380 -
1118 2338 1291 2404 multorum
1313 2349 1361 2405 est
1381 2341 1465 2408 enim
1486 2351 1557 2410 ctu

193 2430 279 2494 varia
300 2427 392 2515 culpa
421 2463 462 2476 —
488 2435 607 2494 tantum
628 2426 856 2505 amminoni,
888 2448 951 2494 non
973 2429 1050 2496 mibi
1071 2431 1245 2498 exercitum
1272 2432 1327 2498 sed
1348 2433 1445 2502 duces
1463 2435 1518 2501 de-

194 2521 301 2588 luisse.
351 2526 386 2586 ln
408 2541 487 2608 quo,
519 2529 556 2586 ut
575 2521 638 2588 iam
659 2522 701 2588 sit
718 2520 752 2587 in
773 2522 812 2588 iis
833 2522 939 2609 eulpa,
974 2524 1030 2612 qui
1051 2545 1188 2592 menon
1209 2525 1431 2605 defenderunt,
1452 2551 1518 2597 non

193 2617 299 2682 minor
319 2622 367 2681 est
387 2615 419 2680 in
440 2616 494 2690 iis,
515 2615 571 2702 qui
584 2615 794 2702 reliquerunt;
816 2624 862 2692 et,
884 2617 912 2682 si
932 2617 1098 2684 accusandi
1113 2627 1198 2696 sunt,
1226 2620 1254 2686 si
1273 2621 1329 2708 qui
1348 2624 1520 2708 pertimue-

194 2719 284 2784 mnt‚
314 2710 413 2795 magis
440 2710 534 2774 etiam
564 2707 832 2796 reprehendendi,
868 2710 895 2776 si
916 2711 971 2798 qui
992 2732 1026 2778 se
1047 2711 1159 2777 timere
1185 2712 1381 2782 simularunt.
1436 2718 1518 2786 Illud

194 2803 322 2890 quidem
343 2813 428 2868 certe
454 2812 597 2869 nostrum
618 2802 783 2869 cumdium
802 2804 873 2870 iure
894 2805 1084 2872 laudandum
1105 2814 1167 2883 est,
1196 2809 1251 2894 qui
1271 2829 1359 2876 meos
1380 2811 1465 2879 cives
1487 2823 1557 2880 etse

194 2920 212 2963 a
232 2919 285 2962 me
300 2905 502 2963 conservatos
513 2907 546 2962 et
558 2918 609 2962 me
623 2916 750 2962 serrare
765 2897 939 2985 cupientes,
961 2899 1112 2987 spoliatos
1126 2900 1258 2968 ducibus
1274 2903 1374 2970 servis
1390 2911 1519 2974 armatis

194 2990 289 3057 obiici
310 2991 467 3057 noluerim
488 2991 703 3078 declararique
724 2991 906 3069 maluerim,
929 3001 1044 3080 quanta
1064 2993 1113 3060 vis
1133 3014 1203 3060 esse
1224 2997 1377 3080 potuisset
1392 3001 1426 3064 in
1445 3022 1520 3067 eon-

195 3106 290 3152 sensu
311 3083 483 3159 bonorum,
520 3083 546 3150 si
575 3084 614 3150 iis
642 3105 704 3171 pro
729 3105 781 3150 me
802 3092 903 3150 sante
921 3105 1063 3171 pugnare
1089 3087 1242 3163 licuisset,
1279 3109 1350 3156 cum
1372 3093 1519 3164 elilictum

195 3180 334 3246 excitare
355 3179 538 3265 potuissent
582 3181 727 3257 Quorum
748 3176 876 3264 quidem
896 3179 1035 3244 animum
1056 3187 1090 3245 tn
1111 3201 1175 3247 non
1196 3185 1385 3270 perspexisti
1406 3189 1519 3266 solum,

195 3294 267 3340 cum
299 3273 338 3340 de
366 3293 416 3337 me
442 3292 571 3358 ageres,
598 3270 771 3337 sedetiam
791 3269 983 3337 confirmasti
1008 3280 1102 3360 atque
1128 3275 1266 3343 tenuisti.
1322 3283 1372 3346 tt.
1395 3285 1465 3362 Qua
1485 3285 1558 3350 ineo

195 3387 288 3434 causa
310 3401 349 3414 -
372 3387 436 3432 non
452 3365 548 3432 modo
568 3385 633 3431 non
654 3362 791 3451 negabo,
813 3364 870 3431 sed
884 3365 978 3432 etiam
992 3387 1117 3454 semper
1136 3377 1168 3435 et
1185 3371 1358 3441 meminero
1379 3385 1411 3442 et
1429 3398 1521 3464 prae·

196 3459 309 3527 dicabo
329 3459 465 3527 libenter
485 3489 526 3503 ·—
547 3479 624 3525 usus
645 3479 679 3524 es
700 3457 888 3546 quibusdam
909 3459 1113 3528 nobilissimis
1134 3463 1314 3533 bominibus
1334 3469 1521 3540 tortioribus

196 3554 229 3619 in
249 3575 300 3618 me
320 3551 536 3628 restituendo,
571 3573 665 3640 quam
685 3552 811 3620 fuerant
830 3553 927 3619 iidem
946 3554 981 3619 in
1000 3553 1160 3636 wneudm
1182 3579 1245 3647 qua
1265 3561 1299 3626 in
1320 3567 1473 3633 sententia
1494 3567 1522 3634 si

196 3655 340 3712 constare
360 3645 546 3723 voluissent,
575 3667 665 3713 suam
685 3647 902 3713 auctoritatem
922 3647 1015 3714 simul
1034 3669 1108 3715 cum
1128 3651 1227 3718 salute
1248 3673 1318 3721 mea
1339 3678 1523 3746 recuperas-

196 3750 275 3807 sent.
328 3739 487 3808 lteoreatis
508 3740 594 3806 enim
613 3738 706 3807 bonis
732 3741 810 3807 viris
835 3742 1000 3808 consulatu
1020 3749 1075 3810 tuo
1097 3753 1130 3810 et
1149 3750 1407 3818 constantissimis
1428 3762 1560 3839 atquem

196 3835 324 3923 optimis
345 3833 520 3900 actionibus
541 3835 603 3900 tuis
623 3834 782 3912 excitatis,
811 3838 866 3902 Gn.
885 3829 1036 3923 Pompeio
1056 3843 1242 3924 praesertim
1263 3843 1302 3910 ad
1320 3865 1445 3914 causam
1469 3849 1524 3914 ad-

197 3929 319 4003 iuncto,
354 3947 427 3994 cum
453 3926 547 3992 etiam
569 3929 684 3994 Caesar
704 3926 800 3994 rebus
820 3929 966 3995 maximis
987 3931 1083 4016 gestis
1110 3931 1320 4018 singularibus
1341 3949 1470 4008 ornatus
1491 3951 1523 4008 et

196 4021 288 4087 novis
309 4020 484 4087 bonoribus
504 4041 541 4085 ae
561 4020 686 4087 iudiciis
707 4029 833 4088 senatus
853 4021 893 4088 ad
908 4024 1125 4091 auctoritatem
1147 4027 1216 4093 eius
1233 4031 1354 4098 ordinis
1373 4035 1523 4124 adiunge-

196 4123 304 4190 retur,
331 4114 409 4180 nulli
430 4113 579 4202 improbo
601 4113 662 4180 ciri
682 4114 772 4182 locus
794 4114 923 4183 adrem
944 4115 1101 4202 publicam
1122 4121 1299 4190 violandam
1320 4146 1388 4193 csse
1404 4131 1524 4216 potuis·

197 4218 254 4276 set
283 4211 349 4278 alb.
372 4207 434 4274 Sed
460 4207 601 4284 attende,
635 4229 772 4296 quaeso,
802 4229 883 4297 quae
904 4209 967 4275 sint
986 4221 1163 4281 consecuta.
1205 4219 1345 4286 Primum
1366 4221 1419 4288 illa
1440 4224 1562 4290 furiae

198 4300 400 4368 muliebrium
427 4302 632 4387 religionum,
665 4302 721 4392 qui
741 4323 805 4370 non
824 4303 924 4392 pluris
945 4304 1063 4372 lecerat
1083 4313 1203 4376 Bonam
1222 4317 1321 4379 Deam
1342 4336 1437 4403 mam
1458 4325 1524 4383 tres
1576 4357 1591 4381 ι
1610 4297 1656 4400 s

197 4399 346 4495 sorores)
362 4396 578 4483 impunitatem
600 4403 648 4461 est
673 4396 801 4462 illoram
822 4397 985 4464 sententiis
1006 4411 1181 4479 assecutus,
1209 4407 1358 4494 quicum
1379 4410 1534 4494 tribuum

198 4549 1524 4584 Ἣ

267 4629 312 4677 fl·
332 4627 512 4678 „mm
529 4626 576 4678 Mi
605 4627 751 4678 „mm
776 4627 806 4679 R·
841 4649 873 4662 ““
909 4626 953 4678 1⁸·
980 4629 1095 4696 '1⁸er
1110 4657 1122 4670 ·
1139 4639 1301 4687 'mmm
1326 4639 1524 4704 Nfflpomflmg

196 4698 310 4762 mtrtttco
327 4721 339 4734 ·
357 4721 368 4733 ·
385 4709 521 4747 conscensa
539 4695 585 4756 Μ,
617 4698 741 4762 mirificus
758 4723 769 4734 ·
786 4721 795 4733 ·
814 4709 952 4748 cosumus
978 4698 1009 4750 lt.
1038 4725 1070 4738 -
1105 4702 1151 4754 22.
1179 4705 1269 4758 etad.
1299 4705 1343 4773 tir]
1369 4712 1410 4762 tta
1433 4713 1471 4766 Μ,
1492 4739 1525 4754 ...

196 4767 243 4819 25.
274 4765 330 4832 qut]
355 4768 427 4830 qood
458 4766 506 4816 Va.
537 4791 571 4801 -
615 4767 660 4818 28.
687 4769 711 4817 ιι·
728 4768 818 4818 ton
834 4780 955 4831 namuro
973 4767 1085 4822 licuisset
1102 4779 1213 4826 auctore
1242 4775 1360 4831 victorio
1386 4782 1427 4834 lte
1456 4787 1481 4835 st
1498 4787 1527 4836 u

197 4863 209 4875 -
227 4858 237 4870 ·
252 4851 346 4902 popm
362 4837 525 4901 reuputsssot
544 4837 586 4896 Μ,
613 4840 636 4887 st
654 4838 681 4888 bi
696 4863 710 4874 -
726 4862 738 4873 -
753 4837 1208 4902 pepnarooototmnrnmbr.15.
1228 4872 1262 4884 -
1296 4849 1341 4901 ³3.
1360 4851 1450 4918 ᾳιιιιιιι]
1468 4869 1526 4906 m

199 4921 241 4972 pr.
260 4907 299 4958 ll.
320 4931 350 4944 -
377 4909 472 4958 tuendo
491 4906 641 4965 Graevius,
661 4909 796 4958 retinendo
815 4910 926 4958 auctore
946 4908 1070 4963 Ernestlo
1082 4913 1333 4980 Maroni-Lagusa.
1355 4947 1383 4962 -·
1402 4924 1449 4976 to.
1472 4928 1527 4978 ,ιιι

198 4977 249 5028 lla
268 4985 329 5028 ιιιιιι
349 4973 382 5028 tt.
402 5001 433 5014 -
469 4977 518 5026 illc
535 4979 608 5042 serto
626 4984 738 5029 auctore
757 4976 920 5028 Bandinello
939 4977 1004 5032 VB:
1030 4982 1079 5032 tlte
1094 4985 1171 5047 perta
1187 4987 1237 5046 ll,
1256 4989 1300 5040 ills
1316 4993 1362 5054 [er
1379 4993 1526 5049 Lambinus

200 5050 228 5098 in
248 5061 335 5110 marg.
356 5046 434 5097 test.
463 5071 491 5084 -
530 5047 574 5096 ta.
595 5061 653 5097 ωιιι
670 5049 794 5098 tirannus
810 5045 901 5110 pttdlt'o
919 5047 1031 5102 botulus
1046 5067 1147 5115 poenas
1163 5057 1202 5108 ΙΙ.
