3662 5908
612 427 687 490 clu.
708 427 791 493 xvl.
832 428 892 491 ΕΡ.
915 428 964 490 10.
988 429 1037 490 11.
1061 429 1111 492 12.
1457 431 1520 496 297

199 591 251 648 tus
271 579 467 656 consulibus,
488 580 701 667 praetoribus,
734 582 868 652 tribunis
888 583 932 670 pl.
954 592 986 650 et
1005 581 1113 660 nobis,
1134 585 1190 673 qui
1209 605 1270 672 pro
1293 605 1374 654 coss.
1396 607 1520 664 sumus,

198 676 361 762 negotium
389 674 536 750 dederat,
564 683 599 741 ut
629 696 826 754 curaremus,
863 697 905 744 ua
936 697 1017 752 ovrn
1045 697 1107 746 aas
1136 698 1282 748 rvnurca
1309 699 1520 748 necaturum

200 789 368 844 carnaea,
400 790 559 856 nunquam
582 770 703 837 maiore
736 773 770 838 in
791 770 933 861 periculo
961 770 1070 838 civitas
1094 772 1169 852 trie
1205 796 1363 862 nunquam
1383 773 1521 863 improbi

200 863 286 928 cives
303 860 479 928 babuerunt
499 862 689 950 paratiorem
712 865 836 932 ducem.
887 863 1024 931 Omnino
1048 887 1089 932 ex
1113 867 1170 933 bac
1191 888 1319 956 quoque
1338 878 1427 956 parte
1452 869 1522 936 dili·

201 957 380 1042 gentissime
402 967 614 1043 comparatur.
656 960 691 1026 ld
721 959 755 1025 fit
776 959 960 1028 auctoritate
983 968 1014 1025 ct
1034 960 1138 1027 studio
1158 961 1300 1048 Pompeii
1325 963 1444 1036 nostri,
1467 962 1545 1050 quia

202 1055 364 1118 Caesarem
394 1071 467 1116 sero
495 1052 600 1137 coepit
627 1052 749 1125 timere.
804 1050 902 1120 Nobis
936 1051 1019 1120 iuter
1046 1053 1100 1120 bas
1131 1054 1239 1120 turbas
1270 1066 1393 1122 senatus
1418 1066 1521 1122 tamen
1623 1111 1633 1141 ,

201 1143 349 1231 frequens
371 1143 521 1230 flagitavit
542 1145 750 1234 triumphum
773 1148 829 1214 sed
848 1145 997 1216 Lentulus
1014 1148 1139 1224 consul,
1161 1169 1226 1235 quo
1247 1149 1347 1216 maius
1361 1170 1453 1215 suunt
1467 1148 1523 1214 bc·
1612 1171 1632 1216 .·

202 1237 347 1303 aeficium
369 1238 503 1313 laceret,
537 1240 744 1328 simulatque
770 1242 958 1329 expedisset
1004 1239 1084 1330 quire
1107 1249 1210 1308 esseut
1228 1243 1406 1309 necessaria
1423 1243 1463 1307 de
1485 1264 1522 1308 re

201 1329 342 1419 publica,
355 1387 358 1394 .
371 1332 450 1400 dixit
476 1354 509 1400 se
537 1335 721 1406 relaturum.
763 1342 826 1403 Nos
847 1338 967 1423 agimus
991 1337 1067 1404 nibil
1087 1335 1200 1424 cupide
1224 1357 1327 1423 eoque
1351 1346 1398 1403 est
1415 1346 1522 1402 nostra

201 1426 302 1512 pluris
324 1428 507 1494 auctoritas.
550 1428 657 1494 ltaliae
672 1428 819 1516 regiones
835 1431 1008 1518 descriptae
1030 1439 1115 1508 sunt,
1138 1452 1232 1518 quarn
1249 1430 1383 1517 quisque
1400 1439 1521 1516 partem
1533 1453 1559 1494 ιο

166 1565 173 1576 ·
201 1530 353 1586 tueretur.
396 1526 460 1587 Nos
475 1525 612 1609 Capuam
632 1523 831 1610 sumpsimus.
873 1528 958 1590 llaec
972 1533 1003 1590 te
1019 1523 1100 1590 scire
1120 1524 1216 1590 volui.
1259 1529 1307 1590 lu
1320 1528 1412 1588 ctiam
1428 1531 1522 1611 atque

201 1614 296 1680 etiam
320 1635 413 1690 cura,
444 1623 480 1681 ut
496 1615 600 1682 valeas
621 1616 803 1703 litterasque
828 1616 940 1684 adme
961 1623 1084 1693 mittas,
1106 1617 1355 1705 quotiescunque
1378 1617 1521 1694 babebis,

200 1708 253 1774 cui
275 1708 340 1775 des.
382 1714 482 1776 Etiam
504 1719 598 1796 atque
620 1711 713 1778 etiam
733 1713 814 1778 vale.
855 1717 894 1778 Ι).
914 1713 1018 1799 pridie
1039 1711 1113 1780 Idus
1133 1716 1198 1778 Ian.

667 1874 738 1936 ru.
780 1870 834 1953 (A.
859 1875 891 1938 u.
914 1874 946 1938 c,
968 1871 1055 1960 τοι.)

612 1996 774 2060 TULLIUS
797 1997 828 2060 S.
850 1997 888 2060 D.
910 1994 1046 2060 TIRONI
1067 1996 1098 2060 S.
1532 2015 1559 2055 rs

288 2108 317 2170 1.
340 2107 412 2182 Quo
433 2109 465 2171 in
487 2103 667 2172 discrimine
688 2114 833 2172 versetur
853 2105 936 2172 salus
957 2126 1028 2172 mea
1048 2115 1080 2172 et
1093 2103 1250 2174 bonorum
1264 2105 1406 2172 omnium
1427 2115 1521 2194 atque

201 2199 367 2266 universae
390 2199 438 2265 rei
464 2199 623 2286 publicae,
660 2221 700 2265 ex
722 2221 762 2266 eo
783 2199 864 2265 scire
891 2208 998 2286 potes,
1021 2200 1106 2288 quod
1120 2193 1247 2288 (domos
1277 2209 1399 2266 nostras
1421 2207 1453 2266 et
1467 2221 1523 2286 pa-

203 2294 294 2358 triam
315 2293 414 2380 ipsam
437 2295 486 2359 vel
508 2293 715 2384 diripiendam
736 2293 785 2360 vel
817 2293 1067 2384 inflammandam
1092 2285 1312 2381 reliquimus.)
1330 2297 1367 2359 ln
1384 2313 1457 2358 eum
1475 2294 1522 2359 lo-
1585 2291 1661 2387 (ᾗ

202 2409 274 2454 curn
297 2410 349 2454 res
377 2388 510 2454 deducta
533 2398 595 2464 est,
631 2400 681 2464 ut,
707 2383 777 2471 (nisi
809 2387 866 2475 qui
893 2387 970 2454 deus
995 2381 1049 2454 'vel
1075 2409 1165 2456 casus
1190 2387 1303 2476 aliquis
1324 2386 1528 2480 subvenerit)
1576 2416 1651 2484 s„

203 2483 280 2550 salvi
296 2503 365 2548 esse
379 2503 581 2571 nequeamus.
624 2487 654 2548 2.
675 2481 843 2569 Equidem,
865 2491 901 2548 ut
920 2482 994 2548 veui
1011 2482 1051 2549 ad
1065 2483 1194 2560 urbem,
1216 2503 1280 2549 non
1297 2480 1401 2548 destiti
1418 2480 1559 2550 omuiaro
1603 2474 1611 2487 ’

203 2588 236 2642 et
261 2577 379 2642 sentire
402 2585 433 2642 et
459 2577 564 2644 dicere
593 2585 624 2642 et
658 2575 777 2651 iacere,
813 2596 894 2663 quae
919 2575 960 2641 ad
992 2577 1193 2644 concordiam
1220 2575 1434 2662 pertinerent;
1466 2573 1523 2640 sed

203 2672 301 2738 mirus
326 2671 482 2740 invaserat
504 2669 595 2737 furor
617 2691 682 2736 non
706 2671 807 2737 solum
831 2667 984 2756 improbis
1014 2669 1070 2736 sed
1092 2671 1186 2736 etiam
1208 2670 1269 2747 iis,
1294 2670 1348 2756 qui
1369 2668 1446 2736 boui
1467 2668 1523 2734 ba·

202 2765 332 2840 bentur,
363 2771 398 2830 ut
415 2785 555 2852 pugnare
579 2772 748 2851 cuperent,
780 2785 832 2830 me
851 2764 1002 2830 clamante
1021 2763 1101 2831 nibil
1124 2785 1194 2831 esse
1218 2763 1302 2830 bello
1323 2763 1409 2829 civili
1429 2760 1523 2827 mise-

202 2860 279 2927 rius.
329 2864 437 2947 ltaque
468 2880 540 2924 cum
563 2863 676 2927 Cacsar
701 2857 834 2924 amentia
855 2856 988 2944 quadam
1009 2869 1175 2945 raperetur
1200 2867 1233 2924 et
1251 2856 1366 2924 oblitus
1386 2853 1521 2920 nominis

203 2965 295 3042 atque
316 2953 473 3020 bonorum
493 2974 623 3020 suorum
641 2953 829 3028 Ariminum,
852 2951 1034 3028 Pisaurum,
1056 2957 1231 3028 Anconam,
1252 2949 1412 3018 Arretium
1429 2967 1560 3016 occurs

203 3050 352 3137 pavisset,
386 3045 497 3112 urbem
527 3047 733 3135 reliquimus3
768 3065 862 3134 quam
888 3046 1046 3134 sapienter
1070 3055 1125 3114 aut
1150 3067 1245 3135 qnam
1265 3043 1411 3118 sortiter,
1445 3039 1523 3106 nibil

203 3144 310 3211 attinet
324 3140 486 3229 disputari.
528 3139 790 3227 sunamidem
807 3141 841 3206 in
860 3141 1056 3217 casusimus,
1077 3141 1178 3208 vides.
1219 3145 1377 3207 Feruntur
1394 3139 1522 3202 omnino

203 3236 403 3303 condiciones
424 3233 465 3300 ab
486 3234 559 3310 illo,
594 3243 629 3300 ut
652 3233 820 3321 Pompeius
842 3244 893 3300 eat
916 3233 950 3300 in
973 3234 1172 3321 Hispaniam
1195 3233 1351 3305 delectus,
1373 3229 1523 3317 quisunt

203 3329 319 3407 babiti,
352 3337 385 3395 et
407 3327 564 3416 praesidia
585 3337 692 3395 nostra
720 3329 929 3408 dimittantur;
956 3349 991 3395 se
1012 3328 1197 3395 ulteriorem
1219 3325 1349 3395 Galbam
1365 3322 1522 3397 Domitio,

202 3425 382 3490 citeriorem
411 3423 558 3490 Considio
590 3423 731 3490 Noniano
755 3455 794 3468 -
816 3423 864 3490 bis
888 3423 971 3490 enim
990 3421 1171 3509 obtigerunt
1192 3459 1234 3470 -
1255 3418 1457 3497 auditurum
1481 3416 1556 3489 adso

203 3519 380 3585 consulatus
398 3518 582 3604 petitionem
607 3539 642 3584 se
666 3525 849 3594 venturum,
871 3539 974 3606 neque
998 3539 1033 3584 se
1047 3517 1109 3583 iam
1125 3517 1207 3585 velle
1226 3516 1353 3582 absente
1372 3534 1407 3579 se
1426 3511 1524 3578 ratio-

203 3633 276 3677 nem
298 3611 407 3678 baberi
428 3631 534 3691 suam;
557 3633 590 3677 se
611 3622 808 3698 praesentem
829 3611 947 3679 binum
968 3611 1142 3678 nundinum
1161 3611 1343 3698 petiturum.
1392 3606 1523 3694 Accepi·

201 3727 271 3772 mus
287 3705 501 3781 condiciones,
524 3704 580 3771 sed
599 3705 659 3780 ita,
682 3713 717 3771 ut
737 3715 899 3771 removeat
918 3705 1076 3792 praesidia
1092 3726 1132 3771 ex
1147 3705 1187 3772 iis
1208 3705 1305 3780 locis,
1328 3723 1408 3792 quae
1430 3723 1523 3769 occu·

201 3799 305 3886 pavit,
341 3807 376 3866 ut
397 3799 464 3864 sine
489 3807 574 3865 metu
608 3799 648 3866 de
683 3799 732 3865 bis
756 3798 834 3886 ipsis
862 3798 1097 3868 condicionibus
1121 3805 1240 3866 Romae
1260 3806 1386 3865 senatus
1411 3794 1522 3862 baberi

202 3892 310 3980 possit
352 3897 383 3959 4.
405 3892 441 3958 ld
461 3892 514 3959 ille
534 3893 562 3959 si
585 3892 707 3969 lecerit,
736 3913 808 3980 spes
828 3904 875 3960 est
891 3899 992 3981 pacis,
1014 3915 1079 3961 non
1101 3893 1249 3960 honestae
1268 3931 1311 3944 -
1331 3891 1417 3977 leges
1439 3890 1560 3958 enimes

202 3987 407 4072 imponuntur
428 4018 489 4061 -,
522 3986 577 4053 sed
605 3987 728 4074 quidvis
760 3995 808 4054 est
831 3987 943 4054 melius
974 4008 1068 4076 quam
1091 3988 1136 4054 sic
1157 4008 1226 4054 esse
1246 3994 1282 4052 ut
1306 4006 1424 4052 snmus.
1467 3984 1522 4049 Sin

202 4090 305 4146 autem
325 4079 378 4146 ille
398 4080 464 4147 suis
485 4079 720 4147 condicionibus
739 4090 821 4148 stare
846 4083 1001 4160 noluerit,
1032 4082 1151 4149 bellum
1171 4089 1314 4169 paratum
1340 4086 1406 4157 est;
1440 4077 1523 4142 eius-

202 4173 288 4240 modi
308 4184 428 4248 tameu,
451 4175 536 4262 quod
555 4175 708 4242 sustinere
730 4175 784 4242 ille
805 4196 869 4243 nou
884 4177 1001 4265 possit,
1022 4176 1211 4263 praesertim
1230 4195 1303 4241 cum
1332 4170 1433 4238 asnis
1448 4189 1524 4235 con-

202 4267 378 4334 dicionibus
398 4268 467 4357 ipse
492 4268 620 4355 iugerit3
657 4268 872 4335 tautummodo
893 4278 929 4335 ut
951 4291 1023 4336 eum
1044 4267 1310 4344 intercludamus,
1346 4287 1387 4331 ne
1402 4264 1448 4330 ad
1468 4285 1524 4329 un-

202 4359 274 4427 bem
293 4363 392 4449 possit
412 4362 575 4442 accedere;
609 4363 695 4450 quod
716 4361 918 4450 sperabamus
944 4361 1013 4428 fieri
1037 4383 1140 4450 posse.
1182 4360 1327 4427 Delectus
1347 4363 1430 4426 enim
1458 4378 1560 4424 ma-to

202 4475 280 4540 gnos
301 4454 507 4538 habebamus3
529 4455 776 4545 putabamusque
798 4456 886 4522 illum
905 4464 1062 4531 metuere,
1085 4456 1113 4522 si
1134 4455 1174 4522 ad
1194 4454 1307 4522 urbem
1330 4453 1379 4519 ire
1402 4452 1524 4538 coepis-

202 4557 265 4624 set,
301 4570 342 4615 ne
375 4550 490 4617 Gallias
519 4551 698 4625 amitteret,
736 4571 813 4636 quas
841 4549 948 4615 ambas
984 4550 1078 4617 babet
1111 4549 1364 4625 inimicissimas,
1396 4553 1524 4633 praeter

202 4643 456 4738 'lranspadanosp
479 4666 520 4710 ex
539 4643 750 4731 Hispaniaque
771 4664 828 4710 sex
850 4642 991 4729 legiones
1013 4652 1046 4710 et
1068 4665 1181 4730 magna
1206 4641 1323 4709 auxilia
1343 4638 1474 4707 Afranio
1491 4646 1523 4704 et

271 4863 298 4913 1.
315 4877 366 4926 pro
383 4876 448 4914 coss.
468 4858 499 4927 (i.
518 4877 545 4916 e.
562 4876 613 4928 pro
631 4859 788 4924 metm)
807 4862 943 4916 Orellius:
961 4864 1128 4928 praecamina
1145 4864 1177 4915 u.
1198 4887 1229 4901 -
1248 4863 1292 4913 20.
1311 4861 1429 4912 dmtttatt
1437 4859 1476 4910 Μ.
1491 4881 1520 4894 -

201 4929 245 4980 22.
265 4933 299 4983 iis
317 4935 358 4984 N:
384 4933 470 4996 tabl,
490 4935 530 4984 bia
547 4933 578 4984 li.
610 4957 640 4969 -
677 4933 721 4985 21.
741 4934 937 4996 dtaputnrlida
965 4937 1100 4998 disputare
1117 4935 1149 4986 B.
1178 4959 1207 4971 -
1245 4932 1289 4984 23.
1308 4932 1414 4982 dilectur
1432 4928 1470 4982 bl.
1489 4950 1523 4966 -

202 5001 245 5049 ³².
265 5016 341 5053 sunm
368 5004 414 5055 bl:
445 5005 487 5053 sut
505 5003 535 5054 u.
557 5028 586 5040 -
625 5005 706 5054 trium
722 5004 869 5054 quoduam
888 5006 934 5062 Μ.
965 5007 1147 5056 trimodiam
1163 5004 1197 5056 N.
1230 5027 1258 5042 -·
1296 5001 1340 5054 33.
1359 5000 1453 5054 iiaNt
1483 4999 1523 5050 bia

202 5069 261 5121 ME.
282 5099 314 5108 —
352 5073 519 5127 uliam:
539 5075 667 5126 333.-
702 5073 746 5127 37.
764 5075 845 5128 tatem
862 5075 900 5130 bl.
920 5102 948 5113 -
986 5075 1157 5128 40.de
1173 5072 1211 5127 Μ.
