3662 5908
193 1335 216 1432 l

322 425 386 488 228
755 423 1030 488 nnlsronsutnr
1051 425 1103 488 ΑΙ)
1124 425 1216 488 rant.

322 601 398 666 praa
419 600 470 645 me
491 579 571 646 fero.
615 586 675 647 Res
696 600 799 667 neque
820 601 902 646 nunc
923 579 1041 646 difficili
1061 581 1133 646 loco
1153 579 1230 646 mibi
1246 579 1371 648 videtur
1391 603 1461 648 esse
1480 591 1512 649 et
1533 582 1648 650 fuisset

321 673 489 748 facillimo,
512 674 539 740 si
560 674 650 762 culpa
672 695 690 738 a
712 673 899 761 quibusdam
921 673 1058 740 afuisset.

770 818 882 881 mn.
924 815 978 896 (A.
1003 817 1036 881 n.
1058 817 1090 882 c.
1113 816 1203 898 ιιι.)

672 957 681 975 ·
763 938 906 1003 CICERO
929 937 1153 1003 CORNIFICIO
1176 939 1208 1003 S.

309 1071 323 1114 ι
407 1055 435 1118 1.
463 1055 532 1117 Non
552 1048 648 1117 modo
670 1049 740 1124 tibi,
763 1053 813 1115 cui
835 1059 941 1115 nostra
969 1048 1074 1114 omnia
1099 1049 1260 1114 notissima
1288 1057 1375 1126 sunt,
1408 1051 1464 1117 sed
1485 1051 1641 1118 neminem

323 1146 355 1211 in
379 1147 498 1233 populo
533 1150 671 1211 Romano
703 1141 841 1210 arbitror
868 1164 957 1216 esse,
991 1143 1042 1207 cui
1063 1143 1103 1208 sit
1123 1142 1230 1229 ignota
1259 1165 1295 1208 ea
1317 1143 1523 1220 familiaritas,
1559 1167 1641 1234 quae

320 1239 395 1306 mibi
425 1261 496 1306 cum
524 1243 559 1304 L.
581 1239 685 1304 Lamia
707 1247 764 1303 est.
816 1237 938 1304 Etenim
960 1256 1073 1323 magno
1095 1235 1217 1302 tbemro
1239 1247 1374 1324 spectata
1396 1248 1443 1304 est
1464 1249 1547 1313 tum,
1569 1261 1640 1305 cum

320 1342 368 1399 ost
396 1331 435 1398 ab
461 1339 498 1401 A.
528 1331 660 1400 Gabinio
691 1331 818 1424 consule
844 1332 1016 1417 relegatus,
1053 1329 1139 1417 quod
1167 1329 1267 1396 libere
1299 1341 1331 1397 et
1359 1331 1483 1399 fortiter
1508 1335 1639 1400 salntem

321 1449 421 1493 meam
451 1426 651 1494 defendisset.
699 1419 771 1491 Nee
791 1447 831 1491 ex
861 1443 900 1490 eo
928 1444 1018 1490 amor
1042 1425 1204 1490 internos
1226 1433 1315 1490 uatus
1337 1436 1402 1504 est;
1439 1427 1517 1503 sed,
1553 1429 1639 1517 quod

283 1531 388 1588 Inerat
408 1532 497 1588 vetus
525 1530 557 1586 et
577 1541 725 1605 maguus,
752 1530 921 1606 propterea
943 1519 1062 1584 nullum
1084 1519 1259 1605 periculum
1285 1540 1345 1606 pro
1367 1541 1417 1586 me
1439 1522 1526 1588 adire
1548 1523 1638 1590 dubi·

318 1616 404 1682 tavit.
457 1614 503 1681 Ad
535 1613 613 1678 baec
640 1613 740 1678 officia
762 1613 812 1680 vel
836 1613 947 1678 merita
968 1612 1073 1699 potius
1091 1612 1315 1678 iucundissima
1337 1615 1531 1683 consuetudo
1552 1637 1639 1683 acce-

318 1707 381 1784 dit,
414 1717 450 1774 ut
478 1707 564 1773 unllo
593 1727 723 1794 prorsus
750 1707 819 1792 plus
847 1706 974 1773 bomine
1002 1705 1149 1772 delecter.
1204 1710 1272 1772 Non
1293 1715 1370 1793 pnto
1391 1717 1422 1772 te
1444 1709 1505 1776 iam
1527 1733 1639 1798 exspe-

317 1812 422 1875 ctare,
456 1800 570 1889 quibus
598 1823 670 1867 eum
703 1800 759 1866 tibi
788 1799 893 1867 verbis
921 1800 1159 1878 commendem
1190 1821 1282 1865 causa
1309 1801 1391 1866 enim
1420 1802 1495 1868 tanti
1521 1805 1638 1870 amoris

317 1895 464 1982 intelllgis
486 1917 567 1983 quae
592 1894 688 1961 verba
709 1893 884 1973 desideret;
919 1893 958 1960 iis
979 1915 1030 1959 me
1052 1893 1197 1960 omnibus
1219 1915 1311 1959 usum
1332 1905 1449 1981 putato.
1506 1901 1536 1963 2.
1559 1904 1637 1964 Tan-

282 2001 382 2056 rstum
406 1989 498 2054 velim
521 1989 697 2065 existimes,
734 1989 760 2054 si
782 1989 907 2075 negotia
929 1989 1072 2064 Lamiae,
1106 1996 1343 2074 procuratores,
1377 1989 1525 2064 libertos,
1549 1991 1638 2056 farni-

317 2083 389 2149 liam
420 2081 657 2170 quibuscunque
685 2081 782 2147 rebus
817 2103 897 2168 opus
929 2082 989 2147 erit
1010 2081 1203 2156 defenderis,
1239 2082 1357 2167 gratius
1370 2082 1455 2148 'mibi
1476 2084 1635 2159 futurum,

316 2199 409 2264 quam
442 2177 468 2243 si
497 2197 534 2240 ca
563 2185 614 2242 tua
645 2174 815 2241 liberalitas
844 2175 1046 2262 pertinuisset
1070 2173 1111 2240 ad
1132 2195 1201 2240 rem
1221 2174 1405 2242 familiarem
1427 2200 1545 2256 meam;
1578 2199 1637 2244 nec

315 2270 441 2345 dubito,
465 2271 540 2358 quin
562 2270 629 2334 siue
651 2290 719 2333 mea
741 2267 1032 2344 commendatione,
1060 2267 1146 2356 quod
1172 2277 1259 2334 tuum
1282 2281 1328 2335 est
1348 2269 1497 2338 iudicium
1519 2272 1558 2337 de
1580 2271 1636 2337 bo-

316 2362 469 2438 minibus,
502 2363 601 2450 ipsius
628 2363 752 2428 Lamiae
781 2384 873 2428 causa
895 2361 1033 2428 studiose
1056 2367 1161 2428 omnia
1182 2360 1321 2428 facturus
1349 2363 1414 2429 sis:
1446 2385 1635 2452 quamquam

276 2465 383 2522 roorat
409 2455 500 2522 nobis
533 2455 648 2521 dictum
682 2464 713 2520 te
743 2456 923 2522 existimare
953 2456 1046 2521 alicui
1074 2457 1382 2532 senatusconsulto,
1419 2456 1504 2542 quod
1526 2467 1636 2522 contra

315 2551 495 2635 dignitatem
527 2558 612 2615 tuam
635 2549 743 2624 beret,
777 2548 943 2616 scribendo
966 2550 1102 2615 Lamiam
1125 2549 1265 2625 affuisse,
1297 2550 1349 2637 qui
1372 2551 1500 2617 omnino
1522 2571 1635 2615 consu·

314 2643 396 2710 libus
417 2643 478 2708 illis
499 2663 657 2727 nunquam
679 2642 738 2708 fuit
758 2641 798 2707 ad
820 2641 1034 2721 scribendum
1067 2643 1179 2709 deiude
1201 2649 1305 2709 omnia
1327 2655 1392 2710 tum
1414 2643 1488 2709 falsa
1510 2653 1634 2708 senatus

313 2739 453 2805 consulta
490 2735 721 2802 deferebantur.
764 2738 828 2803 Nisi
862 2737 943 2804 forte
974 2738 1067 2804 etiam
1097 2738 1142 2803 Illi
1164 2739 1392 2824 Semproniano
1413 2748 1537 2804 senatus
1559 2757 1632 2801 con·

312 2832 394 2898 sulto
417 2853 467 2896 me
489 2851 598 2896 censes
619 2831 759 2907 affuisse,
795 2833 848 2919 qui
876 2853 915 2896 ne
937 2838 1054 2899 Itomae
1076 2831 1203 2921 quidem
1226 2831 1291 2907 fui,
1327 2842 1362 2899 nt
1384 2844 1449 2897 tum
1471 2830 1510 2895 de
1532 2850 1571 2895 eo
1592 2829 1633 2895 ad

275 2937 342 2992 aste
364 2926 490 3012 scripsi,
521 2945 558 2990 re
579 2925 706 2991 recenti.
762 2926 824 2991 Sed
846 2925 923 2992 baec
944 2925 1101 2992 hactenus.
1152 2931 1182 2992 ³.
1205 2931 1263 2998 Te,
1286 2925 1329 2990 mi
1351 2923 1517 2999 Cornifici,
1539 2925 1633 2990 etlam

311 3029 404 3107 atque
426 3018 520 3084 etiam
551 3039 644 3105 rogo,
682 3028 718 3085 ut
739 3020 843 3086 omnia
871 3021 997 3086 Lamiae
1019 3025 1144 3107 negotia
1166 3041 1236 3085 mea
1257 3029 1348 3106 putes
1370 3041 1438 3084 esse
1460 3040 1631 3106 curesque,

311 3121 346 3179 ut
367 3113 517 3198 intelligat
539 3112 617 3179 banc
638 3115 939 3180 commendationem
961 3115 1100 3181 marimo
1121 3113 1182 3180 sibi
1210 3117 1281 3180 usui
1304 3113 1411 3180 fuisse.
1467 3117 1535 3178 lIoc
1556 3112 1632 3178 mibi

311 3207 429 3293 gratius
451 3206 556 3272 facere
577 3206 654 3273 nibil
675 3216 776 3294 potes.
819 3211 921 3284 Cura,
943 3217 978 3274 ut
999 3209 1114 3275 valeas.

688 3433 690 3438 ¹
766 3352 863 3414 sax.
905 3347 954 3434 (r.
980 3353 1012 3416 o.
1035 3347 1175 3435 c.⁷11.)

275 3517 303 3559 „,
749 3473 892 3537 cronno
915 3473 1140 3538 couurrrcro
1162 3474 1194 3537 s.

396 3587 425 3649 1.
447 3587 554 3650 itane?
576 3589 702 3668 practer
722 3582 895 3668 litigatores
917 3603 1010 3648 nemo
1031 3583 1071 3648 ad
1098 3592 1128 3647 te
1150 3603 1235 3648 meas
1257 3583 1398 3650 litteras?
1425 3585 1540 3651 Multae
1554 3583 1630 3648 istae

310 3676 455 3764 quidem;
477 3685 510 3743 tn
534 3676 616 3741 enim
638 3674 812 3762 perfecisti,
841 3685 875 3740 ut
896 3697 989 3758 nemo
1012 3681 1078 3740 siue
1101 3675 1211 3741 litteris
1239 3678 1317 3743 meis
1340 3677 1395 3744 tibi
1417 3699 1451 3744 se
1473 3699 1630 3744 commen-

310 3771 415 3836 datum
447 3779 585 3856 putaret:
621 3769 677 3835 sed
706 3769 775 3856 quis
803 3791 940 3857 unquam
970 3779 1096 3834 tuorum
1118 3770 1194 3836 mibi
1216 3771 1295 3836 dixit
1316 3792 1399 3845 esse,
1432 3770 1482 3838 cui
1505 3771 1628 3843 darem,

310 3865 385 3951 quin
416 3863 582 3929 dederim?
618 3873 672 3930 aut
693 3862 767 3951 quid
799 3871 842 3928 mt
867 3863 1032 3929 iucundius
1054 3885 1162 3951 quam,
1197 3885 1268 3931 cum
1290 3885 1397 3932 coram
1419 3878 1520 3930 tecum
1543 3864 1629 3951 loqui

271 3978 371 4024 aenon
394 3957 530 4044 possim,
552 3968 606 4025 ant
627 3957 766 4023 scribere
788 3957 826 4023 ad
849 3966 879 4022 te
901 3968 955 4022 aut
975 3967 1044 4022 tuas
1058 3958 1163 4043 legere
1183 3959 1325 4024 litteras?
1347 3959 1427 4024 illud
1440 3959 1539 4044 magis
1554 3955 1628 4022 mibi

307 4052 387 4117 solet
409 4072 478 4117 esee
505 4051 687 4131 molestum,
725 4051 816 4117 tantis
838 4073 887 4118 me
910 4052 1055 4138 impediri
1082 4051 1352 4138 occupationibus,
1385 4062 1419 4117 ut
1440 4052 1479 4119 ad
1501 4063 1532 4119 tc
1553 4051 1629 4116 scri-

307 4143 402 4210 bendi
424 4165 495 4210 meo
517 4145 668 4212 arbitratu
690 4145 819 4211 facultas
840 4147 925 4211 nulla
946 4145 1048 4212 detur.
1090 4151 1158 4212 Nou
1184 4146 1267 4211 enim
1283 4155 1313 4212 te
1334 4145 1474 4232 epistolis
1495 4147 1552 4212 sed
1573 4167 1629 4211 vo-

306 4237 475 4306 luminibus
508 4237 713 4314 lacesserem,
751 4237 865 4326 quibus
897 4238 1023 4326 quidem
1052 4257 1102 4304 me
1137 4261 1155 4305 a
1190 4249 1220 4305 te
1255 4240 1422 4326 provocari
1452 4238 1627 4327 oportebat,

308 4333 459 4410 Quamvis
481 4333 564 4398 enim
590 4342 760 4419 occupatus
781 4333 844 4410 sis,
873 4333 930 4399 otii
953 4342 1054 4398 tamen
1077 4333 1146 4419 plus
1168 4332 1278 4411 babes;
1301 4343 1370 4406 aut,
1394 4335 1421 4399 si
1442 4356 1482 4400 ne
1504 4345 1538 4401 tu
1559 4334 1628 4422 qui-

268 4426 377 4492 odem
408 4448 513 4500 vacas,
551 4427 615 4493 noli
639 4426 805 4512 impudens
829 4448 898 4492 esse
929 4448 986 4492 nec
1013 4427 1088 4493 mibi
1116 4427 1290 4494 molestiam
1312 4426 1463 4494 exhibere
1486 4438 1518 4494 et
1538 4448 1556 4493 a
1577 4448 1627 4492 me

308 4523 426 4588 litteras
448 4521 640 4596 crebriores,
678 4541 748 4588 cum
771 4532 804 4587 tu
826 4522 903 4588 mibi
924 4542 999 4588 raro
1020 4522 1141 4597 mittas,
1179 4522 1331 4608 flagitare.
1372 4526 1403 4587 2.
1425 4525 1525 4596 Nam,
1555 4541 1627 4586 carm

374 4705 401 4754 2.
419 4704 548 4769 facillimo
566 4703 602 4752 III.
623 4727 656 4736 -
691 4701 718 4753 5.
737 4710 831 4753 oestro
849 4705 938 4753 omnin
955 4699 1000 4754 Ill:
1025 4706 1113 4754 ommia
1130 4712 1223 4754 nostru
1243 4703 1273 4754 ii.
1295 4727 1326 4739 -
1364 4703 1407 4753 13.
1426 4703 1627 4753 commendarim

304 4773 341 4824 II.
379 4775 452 4824 fort.
472 4773 697 4823 commendaturus
714 4773 773 4821 aim.
792 4772 843 4824 os.
870 4799 905 4808 —
940 4787 1019 4824 coum
1036 4799 1048 4812 ·
1065 4803 1080 4814 -
1096 4775 1220 4840 tutettipts
1237 4787 1302 4838 quoa
1318 4774 1365 4824 nt:
1385 4787 1477 4824 cumas
1495 4797 1505 4810 ·
1523 4795 1534 4807 ·
1551 4771 1627 4823 intel·

304 4844 380 4908 llpla:
407 4858 473 4908 quae
492 4843 523 4894 Ii.
550 4868 584 4878 —
621 4842 664 4892 tt.
687 4839 810 4905 Tantum]
829 4851 884 4894 tnm
902 4851 958 4894 tum
976 4843 1013 4895 Id·
1044 4869 1076 4878 -
1113 4845 1157 4894 22.
1176 4858 1308 4908 numquam
1326 4845 1403 4910 offuit
1420 4843 1553 4894 acribmdo
1571 4841 1627 4893 Ida·

304 4914 404 4964 nulfus.
438 4939 469 4951 -
506 4913 550 4964 nt.
580 4913 764 4977 quidemsur',
794 4919 824 4962 ut
848 4921 904 4965 tum
933 4915 1089 4965 demite
1120 4915 1221 4978 queam
1249 4915 1367 4979 tumsui
1393 4912 1626 4978 danuam&-

304 4984 347 5034 31.
368 4983 465 5034 Itone?
489 4990 597 5046 praeter
622 4981 724 5034 Alduar
750 4983 843 5040 Item,
869 4991 976 5047 praeter
1003 4982 1034 5033 Ε.
1068 4983 1122 5036 cfr.
1153 4983 1232 5034 fiand
1259 4984 1337 5035 Ture.
1366 4983 1416 5034 111.
1448 4998 1475 5048 p.
1501 4983 1563 5034 195.
1591 5007 1626 5019 -

304 5053 600 5105 31.ιιι111ιιιιῑὴ111.
622 5078 651 5089 -
688 5049 1015 5118 ³5·tuor]‘punall.-
1051 5053 1095 5106 31.
1115 5050 1151 5118 ts]
1169 5069 1209 5106 ms
1226 5054 1264 5107 11.

1682 882 1691 903 1
