3668 5924
713 410 787 474 Lis.
808 411 846 474 ιι.
888 411 947 474 ΕΡ.
970 408 998 473 ι.
1442 415 1502 476 eat

191 568 370 645 Volcatius,
403 565 548 644 Glabrio:
582 574 754 653 praetores.
811 568 891 632 Sane
925 564 1104 651 bcqaeutee
1134 564 1272 646 iluimus:
1307 575 1434 635 omniuo
1465 569 1503 636 ad

191 664 351 732 ducentos.
410 665 591 728 Commorat
618 659 880 747 exspectationem
905 663 1020 745 Lupus.
1076 660 1146 745 Egit
1174 682 1296 728 causam
1327 665 1394 748 agri
1416 667 1503 730 Cam-

151 839 155 846 ·
190 759 264 846 pani
295 776 369 822 saue
397 763 549 820 accurate.
604 754 735 822 Auditus
766 763 814 822 cst
841 773 954 840 magno
980 753 1115 820 silentio.
1170 756 1332 821 Materiam
1361 756 1408 820 rei
1440 777 1502 821 non

191 851 328 938 ignoras.
386 847 467 915 Nibil
500 867 541 913 cx
567 847 683 914 uostris
718 847 891 914 actionibus
921 847 1140 934 praetermisit
1195 854 1334 916 Fuerunt
1365 849 1504 918 nonnulli

192 944 292 1012 aculei
324 944 356 1010 in
384 946 417 1009 C.
447 945 627 1016 Caesarem,
665 941 868 1008 contumeliae
897 941 929 1006 iu
958 941 1106 1018 Gellium,
1143 943 1406 1030 expostulationes
1434 961 1527 1010 cum·

191 1038 320 1116 absente
340 1036 500 1122 Pompeio.
557 1039 654 1102 Causa
675 1057 748 1102 sero
768 1045 933 1122 perorata,
969 1040 1134 1102 sententias
1154 1058 1188 1102 se
1209 1047 1391 1124 rogaturum
1413 1053 1505 1124 nega-

192 1133 251 1205 vit,
280 1152 320 1196 ae
341 1131 425 1217 quod
447 1150 527 1196 onus
553 1130 717 1196 simultatis
738 1129 829 1197 nobis
856 1129 1041 1216 imponeret.
1080 1133 1138 1196 Ex
1160 1132 1360 1218 superiorum
1384 1141 1504 1218 tempo·

192 1247 264 1292 rum
291 1223 439 1289 conviciis
467 1231 498 1287 ct
519 1244 560 1288 ex
581 1224 736 1308 praesenti
757 1224 893 1298 silentio,
927 1222 1002 1310 quid
1023 1233 1146 1290 senatus
1168 1225 1316 1297 sentiret,
1339 1247 1373 1291 se
1395 1224 1505 1291 iutelli-

192 1340 268 1407 gere
296 1317 394 1383 dixit:
430 1317 513 1382 illico
541 1322 645 1403 coepit
671 1317 836 1384 dimittere.
893 1322 971 1383 Tum
1002 1317 1198 1384 Marcellinus
1230 1318 1351 1395 „Noli,
1385 1319 1503 1405 inquit,

192 1435 234 1480 ex
255 1410 462 1477 taciturnitate
483 1419 606 1484 nostru,
633 1414 736 1497 Lupe,
765 1410 840 1498 quid
860 1419 914 1477 aut
933 1409 1102 1496 probemus
1133 1411 1192 1477 boc
1213 1421 1353 1499 tempore
1375 1420 1427 1478 aut
1448 1413 1505 1478 im-
1518 1427 1542 1463 ¹⁰

192 1505 383 1595 probemus,
416 1503 562 1570 iudicare.
604 1507 688 1589 Ego,
718 1503 803 1591 quod
831 1503 870 1568 ad
898 1525 948 1570 me
969 1503 1077 1571 attinet
1103 1505 1238 1592 itemque
1266 1506 1403 1572 arbitror
1424 1517 1505 1572 cete·

192 1622 264 1675 ros,
299 1598 416 1664 idcirco
437 1607 539 1674 taceo,
576 1597 660 1684 quod
682 1619 744 1664 uon
766 1598 930 1672 existimo,
966 1619 1037 1664 cum
1058 1599 1225 1685 Pompeius
1247 1598 1345 1674 absit,
1381 1619 1505 1664 causam

193 1693 263 1780 agri
291 1690 437 1778 Campani
474 1690 524 1776 agi
552 1693 754 1758 convenim.”
810 1697 889 1758 Tum
915 1692 967 1757 ille
997 1713 1030 1756 se
1059 1702 1198 1758 senatum
1233 1694 1358 1778 negavit
1388 1701 1505 1758 tenere.

194 1791 224 1854 2.
246 1785 380 1854 Racilius
408 1784 546 1851 surrexit
575 1794 606 1850 et
635 1786 674 1851 de
700 1785 823 1852 iudiciis
849 1784 970 1851 referre
995 1788 1106 1873 coepit.
1148 1789 1359 1858 Marcellinum
1380 1786 1506 1874 quidem

193 1880 330 1969 primum
361 1878 494 1964 rogavit.
549 1883 579 1945 ιι
607 1900 677 1945 cum
705 1880 842 1966 graviter
869 1879 908 1946 de
937 1879 1092 1946 Clodianis
1121 1881 1294 1956 incendiis,
1326 1879 1544 1946 trucidatio-¹³

194 1972 301 2047 nibus,
333 1969 571 2058 lapidationibus
603 1981 729 2058 questus
761 1983 856 2050 esset,
890 1975 1072 2040 seutentiam
1098 1975 1194 2050 dixit,
1230 1984 1264 2041 ut
1291 1975 1359 2062 ipse
1386 1973 1505 2040 iudices

193 2088 252 2154 per
278 2074 458 2151 praetorem
485 2064 640 2131 urbanum
668 2065 856 2146 sortiretur;
888 2067 1026 2134 iudicum
1056 2069 1217 2136 sortitione
1245 2068 1346 2142 lacta,
1381 2066 1506 2135 comitia

193 2159 398 2238 haberentur3
426 2157 482 2245 qui
512 2158 626 2224 iudicia
651 2159 848 2246 impedisset,
878 2183 951 2228 eum
972 2170 1080 2226 contra
1101 2184 1169 2227 rem
1196 2162 1349 2249 publicam
1372 2181 1440 2227 esse
1461 2159 1506 2236 la-

194 2267 326 2322 cturum.
382 2210 560 2338 ιρριοιιιιι
588 2252 678 2319 valde
705 2253 855 2320 sententia
862 2243 938 2331 ,(C.
967 2258 1042 2321 Cato
1068 2266 1175 2320 contra
1203 2255 1282 2322 dixit
1310 2263 1341 2321 et
1368 2241 1514 2350 Cassius)
1606 2233 1684 2324 ΓΡ

194 2348 328 2413 maxima
360 2345 578 2412 acclamatione
609 2357 756 2422 senatus,
792 2368 864 2414 cum
894 2347 1021 2414 comitia
1050 2347 1173 2414 iudiciis
1204 2336 1380 2415 anteferret
1436 2347 1506 2413 Pbi·
1514 2359 1542 2398 ιι

193 2443 296 2549 lippus
317 2440 446 2507 assensit
468 2441 610 2506 Lentulo.
662 2447 693 2508 3.
714 2447 824 2508 Postea
845 2441 979 2508 Racilius
1000 2441 1038 2508 de
1060 2443 1188 2528 privatis
1208 2465 1259 2510 me
1280 2441 1415 2529 primum
1437 2461 1507 2505 seu-

195 2535 321 2601 tentiam
349 2534 480 2619 rogavit.
523 2534 618 2600 Multa
648 2534 706 2601 leci
733 2533 830 2602 verba
856 2536 895 2601 de
917 2545 983 2602 toto
1003 2535 1113 2602 lurore
1134 2536 1360 2624 latrocinioque
1381 2540 1414 2601 P.
1437 2534 1506 2601 Clo·

194 2627 262 2708 dii;
296 2639 451 2716 tamquam
477 2649 568 2694 reum
597 2627 762 2705 accusari,
798 2630 901 2697 multis
933 2640 965 2695 et
994 2631 1138 2697 secundis
1171 2625 1507 2702 admurmurationibus

194 2723 297 2790 cuncti
324 2732 457 2788 senatus.
508 2721 687 2788 Orationem
717 2744 816 2789 meam
845 2723 1030 2790 collaudavit
1058 2729 1131 2790 satis
1157 2726 1262 2791 multis
1289 2723 1411 2796 verbis,
1443 2743 1507 2788 nou

195 2816 372 2882 mehercule
393 2815 556 2890 indiserte,
582 2822 679 2882 Vetus
706 2816 868 2896 Antistius:
896 2819 986 2904 isque
1013 2817 1201 2884 iudiciorum
1228 2839 1352 2884 causam
1373 2815 1543 2901 suscepit²⁵

195 2909 501 2998 antiquissimamque
528 2932 562 2976 sc
583 2909 761 2975 habiturum
782 2911 870 2977 dixit.
923 2909 1030 2977 Ibatur
1050 2911 1084 2976 iu
1105 2933 1173 2977 cam
1194 2911 1386 2977 sententiam.
1428 2914 1507 2974 Tum

196 3004 323 3072 Clodius
356 3014 482 3090 rogatus
517 3003 600 3076 diem
625 3003 767 3070 diceudo
786 3003 925 3068 eximere
954 3003 1067 3090 coepit.
1122 3004 1258 3071 Furebat
1285 3026 1303 3070 a
1329 3003 1447 3070 Racilio
1473 3021 1507 3066 se

195 3098 418 3164 contumaciter
445 3096 624 3184 urbaneque
652 3106 809 3163 vexatum.
850 3095 970 3162 Deinde
999 3097 1067 3163 eius
1087 3117 1203 3185 operae
1223 3110 1351 3185 repente
1373 3118 1390 3161 a
1413 3099 1506 3162 Grae·

195 3192 309 3260 ecstasi
343 3201 374 3258 et
405 3191 552 3277 gradibus
579 3193 747 3258 clamorem
775 3190 849 3256 satis
870 3211 1016 3276 magnum
1037 3192 1247 3266 sustulerunt,
1280 3191 1395 3278 opinor
1414 3189 1446 3254 in
1469 3190 1507 3266 Q.

197 3287 360 3353 Sextilium
381 3294 412 3351 et
432 3286 548 3351 amicos
567 3284 691 3351 Milonis
711 3284 865 3350 incitatae.
905 3289 953 3350 Eo
973 3295 1059 3351 metu
1078 3285 1209 3362 iniecto,
1231 3294 1375 3371 repente,
1398 3296 1545 3368 magnam

195 3379 391 3468 querimonia
409 3379 557 3454 omnium,
579 3377 788 3444 discessimus.
832 3375 936 3444 Habes
958 3387 1025 3444 acta
1045 3380 1137 3446 unius
1154 3378 1230 3458 diei;
1252 3379 1382 3466 reliqua,
1405 3386 1439 3442 ut
1459 3397 1509 3442 ar

196 3473 311 3546 bitror,
344 3473 375 3538 iu
402 3494 540 3538 mensem
565 3475 743 3537 Ianuarium
770 3471 962 3538 reiicientur.
1003 3477 1049 3538 Dc
1077 3473 1210 3538 tribunis
1239 3473 1281 3558 pl.
1311 3472 1403 3558 longe
1430 3469 1510 3556 opti-

195 3589 282 3633 mum
303 3567 453 3633 Racilium
475 3565 640 3632 babemus:
663 3565 787 3632 videtur
807 3566 899 3632 etiam
913 3566 1061 3632 Antistius
1082 3568 1199 3632 amicus
1220 3565 1311 3631 nobis
1333 3566 1415 3642 lore;
1438 3584 1508 3629 nam

176 3661 336 3728 -Plancius
358 3671 441 3727 totus
463 3669 568 3725 noster
590 3668 646 3726 est.
688 3662 757 3734 Fac,
779 3658 806 3724 si
827 3681 877 3725 mc
898 3681 993 3736 amas,
1014 3672 1050 3727 ut
1071 3660 1265 3728 considerate
1283 3659 1508 3744 diligenterque

195 3755 322 3840 naviges
343 3751 381 3820 de
402 3775 507 3820 mense
528 3749 704 3818 Decembri.
1520 3763 1547 3806 ιι

266 3976 292 4024 ι.
312 3974 420 4025 Glabrio
435 3981 544 4036 prosam
563 3973 643 4033 MRl,
665 3972 771 4022 Glabrio
786 3979 922 4034 praetmes
940 3974 970 4024 R.
995 3973 1164 4034 (conmtures
1180 3985 1228 4022 eos
1245 3973 1357 4036 suimus,
1375 3972 1405 4021 Ρ.
1424 3970 1452 4021 S.
1470 3971 1508 4021 ιι.

198 4045 227 4094 ι.
248 4045 278 4094 ι.
302 4045 327 4091 V.
349 4044 471 4104 Glabrio,
488 4044 540 4093 duo
559 4056 623 4092 coss.
642 4043 787 4106 desipuisti,
806 4048 940 4104 praetores
958 4040 1127 4105 Scbbtzius.)
1159 4067 1191 4078 -
1227 4045 1333 4091 omuino
1351 4055 1406 4091 om.
1425 4040 1448 4090 1.
1478 4064 1507 4077 -

196 4114 224 4164 3.
243 4117 431 4177 eapectottones
449 4127 503 4175 mg.
524 4112 560 4164 M.
594 4139 622 4149 -
661 4113 685 4161 3.
705 4119 730 4161 et
748 4113 886 4161 materiam
905 4112 927 4161 Ι.
950 4139 978 4150 -
1016 4113 1042 4162 5.
1063 4114 1092 4163 G.
1112 4125 1166 4163 om.
1185 4112 1218 4162 R.
1239 4136 1269 4147 -
1305 4113 1329 4162 R.
1349 4111 1419 4160 tttieo
1436 4109 1509 4159 Orel-
1545 4115 1550 4126 '

198 4184 268 4234 lius:
299 4185 363 4235 Milo
381 4184 460 4241 ιιιιι.
492 4186 520 4232 im
537 4183 582 4233 illo
601 4183 631 4232 ιι.
663 4179 768 4244 (Verba
794 4182 858 4234 Mite
884 4186 965 4245 coepit
988 4185 1117 4234 dimittere
1141 4195 1226 4245 usque
1252 4182 1286 4232 ad
1310 4195 1395 4230 ammes
1412 4180 1509 4230 trident.

199 4255 342 4304 creditores
368 4269 428 4305 uero
458 4253 556 4316 (Epist
582 4253 607 4300 ι
627 4249 655 4314 5.
675 4249 721 4314 3.)
750 4253 776 4301 ιι.
806 4250 948 4302 Remissa
970 4258 1028 4316 post
1049 4256 1129 4304 rerba
1155 4266 1241 4300 memus
1266 4253 1409 4314 superiores
1431 4251 1512 4312 ipsius

199 4322 263 4388 (Rp.
283 4326 309 4373 3.
329 4321 358 4386 5.
377 4323 417 4386 ιι)
437 4326 535 4374 inserta
553 4317 791 4384 babentbll.)-
830 4323 872 4372 11.
893 4324 1001 4387 itemque
1018 4323 1076 4372 Ml:
1095 4325 1209 4386 idemque
1226 4321 1337 4372 ιιιι.-
1373 4321 1417 4370 15.
1435 4332 1511 4382 neqo-

198 4395 338 4443 uiti.-
377 4393 419 4444 18.
439 4395 584 4456 impedisset
602 4393 669 4442 MR:
698 4392 868 4453 impedivisset
888 4392 996 4442 ιιι-
1031 4393 1073 4443 19.
1093 4394 1122 4444 C.
1141 4405 1195 4442 om
1218 4392 1312 4441 R.-
1349 4391 1392 4440 bo.
1412 4389 1510 4452 Quidni

198 4459 627 4530 offerrentlllatooteaseiualt
650 4461 764 4512 Os.—
800 4445 996 4526 as.eai1quam
1014 4463 1082 4512 MR.
1101 4477 1174 4523 eum,
1193 4460 1436 4524 mmmcmlii·-
1474 4472 1511 4508 se-

197 4535 287 4584 mandis
304 4535 521 4585 admirationibus
539 4530 973 4595 odmumruratiouibusqueR.-
943 4533 1037 4582 -ι5.
1059 4534 1134 4583 Vetus
1151 4500 1305 4584 Manutius:
1324 4531 1431 4582 Severus
1449 4541 1510 4578 cum

199 4602 275 4654 libris
294 4604 411 4654 uiti.-
439 4603 645 4654 iudicuml.·-
672 4600 716 4651 ab.
734 4614 760 4649 ee
777 4614 832 4650 om.
852 4602 934 4651 R.-
955 4603 999 4652 at.
1019 4598 1098 4665 diem]
1117 4604 1148 4653 de
1165 4603 1308 4654 aon.-
1334 4601 1380 4650 28.
1398 4599 1511 4648 urbane-

198 4689 246 4739 que
263 4673 322 4724 Ml:
340 4675 515 4738 inurbunsque
534 4673 586 4724 ιιι.
617 4697 644 4708 -
682 4673 855 4736 materiatio
873 4671 920 4729 M,
940 4671 1135 4728 &exortatio
1154 4673 1176 4723 1.
1211 4695 1238 4706 -
1276 4671 1320 4724 ³⁰.
1339 4667 1470 4722 Sestilirsm
1487 4668 1509 4720 l.

199 4765 231 4782 ·-
249 4743 294 4795 33.
313 4745 434 4795 iacuerit
451 4744 463 4793 1
482 4749 508 4794 et
525 4757 566 4808 pr.
585 4742 622 4793 M.
645 4767 672 4779 -
709 4739 754 4791 bb.
772 4747 860 4792 moster
878 4747 948 4792 totus
966 4741 987 4794 1.
