3662 5908
644 442 719 506 LlB.
741 441 810 505 xil.
851 441 911 505 ΕΡ.
931 437 984 504 29.
1005 439 1057 502 ili).
1455 435 1519 500 222

194 615 284 675 entes
305 599 478 672 distinebar
496 598 643 664 maximis
664 593 937 684 occupationibus,
955 593 1136 683 'propterea
1158 593 1243 682 quod
1264 593 1410 661 omnibus
1432 594 1518 660 curis

193 699 443 788 rempublicam
465 694 541 760 mibi
565 690 712 759 tuendam
733 689 897 778 putabam,
918 699 985 757 tum
1007 689 1067 755 boo
1089 697 1231 776 tempore
1253 689 1352 754 mnlto
1367 687 1519 755 distineor

194 793 419 862 vaberneniins.
462 793 500 855 Ut
519 787 603 852 enim
625 785 751 872 gravius
771 793 934 870 aegrotant
955 783 994 860 ii,
1031 783 1100 871 qui,
1129 805 1200 848 cum
1222 783 1316 848 levati
1337 782 1451 849 morbo
1473 782 1519 848 vi-

194 891 328 965 dentur,
352 889 389 956 in
419 907 492 951 eum
513 882 554 948 de
574 881 698 965 integro
719 877 912 954 inciderunt,
940 877 985 944 sic
1006 875 1221 943 vehementius
1242 896 1300 941 uos
1322 875 1521 948 laboramus..

195 990 249 1073 qai
269 982 438 1072 profligato
460 976 543 1043 bello
565 995 602 1039 ao
621 993 722 1059 paene
743 970 866 1038 sublato
887 981 1073 1038 renovatum
1095 969 1211 1035 bellum
1230 991 1341 1056 gerere
1359 981 1543 1056 cogamur.⁵

197 1079 257 1146 Sed
284 1079 362 1143 baec
390 1075 549 1140 hactenus.
606 1073 636 1134 3.
671 1072 718 1132 Tn
740 1064 812 1140 tibi,
842 1065 886 1130 mi
909 1064 1075 1140 Cornifici,
1111 1063 1160 1130 sao
1185 1074 1220 1129 ut
1245 1064 1435 1150 persuadeas
1456 1083 1522 1129 non

197 1193 264 1240 esse
286 1193 337 1236 me
358 1179 423 1236 tam
443 1163 602 1233 imbecillo
624 1162 748 1235 animo,·
779 1182 818 1225 ne
848 1159 949 1225 dicam
969 1158 1157 1232 inbumano,
1196 1167 1232 1225 ut
1253 1181 1271 1224 a
1292 1167 1323 1223 te
1345 1157 1428 1224 vinei
1448 1178 1522 1244 pos-

197 1268 254 1334 sim
275 1274 330 1332 aut
351 1262 462 1330 olliciis
484 1266 538 1325 ant
558 1276 677 1322 amore.
720 1259 789 1320 Non
807 1253 987 1320 dubitabam
1003 1253 1169 1340 equidem,
1192 1262 1408 1318 verumtamen
1422 1251 1521 1317 multo

196 1362 273 1427 mibi
295 1359 453 1425 notiorem
484 1372 625 1419 amorem
657 1359 745 1414 tuum
768 1347 872 1412 ell'eoit
894 1347 1098 1434 Chaerippus.
1143 1346 1366 1420 Ohominem,
1397 1366 1523 1432 semper

196 1458 285 1523 illum
306 1451 434 1540 quidem
455 1447 531 1514 mihi
552 1454 675 1532 aptum,
708 1463 791 1508 nuno
812 1462 890 1508 vero
912 1441 1006 1506 etiam
1028 1443 1172 1505 suavem!
1210 1441 1321 1507 Vultus
1342 1439 1560 1504 meberculero

196 1562 268 1617 tuos
292 1546 368 1613 rnibi
389 1541 545 1630 expressit
567 1558 693 1614 omues;
716 1557 779 1602 non
801 1535 903 1601 solum
918 1535 1055 1601 animum
1071 1555 1107 1600 aa
1121 1532 1218 1600 rerba
1232 1534 1371 1621 pertulit
1414 1537 1521 1619 ltaque

196 1644 261 1711 noli
294 1643 415 1713 vereri,
449 1657 489 1701 ne
522 1632 578 1698 tibi
601 1633 852 1702 succensuerim,
886 1627 971 1715 quod
994 1627 1106 1693 eodem
1128 1629 1275 1714 exemplo
1297 1629 1336 1694 ad
1357 1649 1428 1703 me,
1458 1647 1523 1714 qno

197 1738 237 1804 ad
258 1745 391 1802 ceteros.
443 1726 605 1815 Reqnisivi
627 1722 774 1812 equidem
796 1723 944 1808 proprias
966 1721 1004 1786 ad
1026 1742 1078 1786 me
1100 1743 1196 1788 unum
1219 1743 1237 1786 a
1258 1731 1289 1788 te
1310 1722 1445 1795 litteras,
1467 1719 1521 1786 sed

197 1851 299 1917 neque
321 1826 525 1894 vehementer
545 1828 576 1885 et
597 1825 747 1884 amanter.
804 1820 833 1881 1.
866 1820 913 1881 De
935 1824 1077 1900 sumptu,
1100 1836 1193 1902 quern
1215 1825 1246 1880 te
1268 1816 1300 1881 in
1322 1837 1390 1882 rem
1412 1813 1523 1880 milita·

196 1946 265 1991 rem
287 1922 390 1988 iacere
421 1927 453 1983 et
474 1916 584 1982 iecisse
606 1912 701 1984 diois,
738 1909 814 1975 nibil
837 1929 910 1975 sane
931 1930 1061 1996 possum
1083 1907 1140 1974 tibi
1162 1909 1328 1994 opitulari,
1356 1915 1523 1994 propterea
1536 1930 1561 1972 ss

197 2017 283 2108 quod
296 2027 329 2082 et
349 2013 447 2081 orbus
462 2017 587 2076 senatus
609 2003 791 2072 oonsulibus
806 2003 949 2077 amissis,
973 2011 1005 2068 et
1026 2001 1227 2068 incredibiles
1249 2004 1409 2088 angustiae
1430 2019 1524 2087 pecu·

196 2115 268 2192 uiae
299 2108 460 2198 publicae,
493 2125 574 2191 qaae
600 2099 799 2187 conquiritur
827 2097 981 2183 undique,
1017 2104 1052 2163 ut
1080 2095 1198 2183 optime
1225 2097 1344 2162 meritis
1373 2091 1525 2160 militibus
1615 2123 1623 2138 ·

197 2210 353 2296 promissa
374 2201 550 2274 solvantur;
588 2193 674 2283 quod
695 2192 823 2280 quidem
851 2191 920 2256 lieri
942 2195 1009 2256 sine
1031 2189 1150 2256 tributo
1172 2209 1265 2276 posse
1291 2210 1355 2256 non
1376 2185 1524 2254 arbitror.

197 2307 228 2368 5.
251 2306 297 2367 De
319 2297 403 2365 Attio
424 2291 576 2381 Dionysio
598 2288 676 2354 nibil
696 2295 774 2374 pnto
797 2307 882 2360 esse,
905 2285 1053 2372 qnoniam
1075 2283 1152 2350 mibi
1166 2283 1244 2349 nibil
1259 2283 1339 2349 dixit
1352 2281 1525 2348 Tratorius.

196 2403 244 2464 lie
265 2399 299 2461 P.
331 2390 466 2460 Lucceio
495 2385 573 2453 nibil
602 2380 659 2447 tibi
679 2379 835 2453 concedo,
875 2399 939 2466 quo
967 2378 1138 2445 studiosior
1168 2378 1236 2444 eius
1258 2378 1315 2452 sis,
1349 2397 1443 2464 quem
1465 2395 1563 2459 egon

198 2511 288 2568 surm
310 2496 358 2553 est
378 2485 462 2550 enim
484 2479 575 2546 nobis
597 2475 801 2541 necessarius.
845 2473 907 2539 Sed
933 2495 951 2538 a
972 2475 1129 2558 magistris
1143 2471 1221 2538 'cum
1242 2469 1463 2538 contenderem
1485 2468 1525 2535 de

198 2580 390 2670 proferendo
412 2578 477 2650 die,
514 2571 690 2661 probarunt
710 2568 787 2635 mibi
809 2588 899 2643 sese,
933 2588 997 2654 qno
1019 2568 1122 2633 miuus
1143 2566 1177 2632 id
1198 2565 1359 2640 iacerent,
1387 2572 1420 2629 et
1440 2583 1525 2629 corn-

197 2677 356 2766 promisso
377 2683 409 2738 et
430 2673 499 2737 inre
520 2663 654 2733 intendo
681 2661 838 2750 impediri.
883 2663 990 2738 Quare
1012 2659 1200 2726 veniendum
1221 2657 1361 2725 arbitror
1381 2656 1524 2725 Lucceio.

200 2776 414 2857 Quamquam,
446 2765 473 2831 si
505 2761 584 2827 meis
612 2757 724 2825 litteris
752 2755 1002 2841 obtemperavit,
1037 2775 1108 2820 cum
1136 2763 1171 2819 tu
1199 2753 1276 2819 baec
1296 2753 1401 2838 leges,
1437 2751 1524 2817 illum

198 2871 317 2932 Romae
339 2881 408 2927 esse
430 2853 598 2944 oportebit
641 2857 672 2918 a.
696 2850 815 2918 Ceteris
837 2847 994 2914 derebus
1014 2848 1214 2932 maximeque
1236 2846 1275 2911 de
1289 2845 1432 2931 pecunia,
1453 2863 1563 2909 cumss

198 2963 315 3024 Pansae
344 2963 480 3021 mortem
507 2950 690 3036 ignorares,
725 2942 893 3029 scripsisti,
931 2962 1012 3028 quae
1034 2961 1092 3027 per
1119 2961 1178 3005 nos
1199 2939 1239 3004 ab
1262 2960 1301 3006 eo
1322 2937 1473 3024 consequi
1494 2946 1525 3002 ta

198 3073 293 3140 posse
314 3049 516 3116 arbitrarere.
565 3044 654 3120 Quae
675 3048 710 3104 te*
728 3059 792 3104 non
814 3033 1016 3110 fefellissent,
1048 3037 1074 3099 si
1097 3033 1233 3110 viveret;
1270 3053 1341 3097 nam
1363 3040 1395 3096 te
1416 3031 1527 3116 dilige·

199 3145 269 3212 bat:
298 3151 370 3231 post
391 3148 525 3207 mortem
546 3147 651 3202 autem
674 3133 742 3198 eius
764 3128 840 3218 quid
862 3128 931 3194 fieri
952 3136 1078 3215 posset,
1106 3147 1169 3192 non
1191 3124 1384 3191 videbamus.
1426 3127 1457 3189 7.
1478 3129 1525 3188 lie

201 3238 375 3313 Venuleio,
398 3234 524 3307 Latino,
547 3228 696 3302 Horatio,
719 3224 809 3291 valde
832 3221 935 3290 laudo.
979 3220 1060 3287 lllnd
1080 3241 1145 3286 non
1159 3219 1289 3286 nimium
1305 3217 1417 3306 probo,
1439 3216 1524 3304 quod

200 3332 330 3406 scribis,
367 3350 432 3418 quo
458 3326 503 3393 illi
531 3325 637 3390 animo
668 3319 818 3407 aequiore
845 3315 982 3390 ierreut,
1015 3324 1047 3380 te
1068 3313 1131 3380 tuis
1153 3313 1246 3381 etiam
1269 3311 1379 3400 legatis
1399 3310 1564 3376 lictoresno

199 3427 364 3494 ademisse.
418 3426 549 3488 Honore
576 3416 660 3483 euim
688 3435 759 3480 cum
786 3409 958 3497 ignominia
985 3408 1087 3495 dignis
1114 3429 1178 3474 non
1199 3415 1289 3472 erant
1309 3399 1525 3490 comparandi,

199 3541 319 3608 eosque
341 3540 382 3584 ex
403 3524 527 3584 senatus
549 3510 712 3583 consulto,
750 3507 861 3572 sinon
889 3503 1061 3578 decedunt,
1098 3500 1271 3588 cogendos,
1303 3509 1339 3567 ut
1359 3496 1525 3568 decedant,

200 3615 359 3683 existimo.
400 3615 486 3677 llaec
507 3606 575 3672 iere
596 3604 635 3670 ad
657 3623 711 3669 eas
732 3602 868 3673 litteras,
899 3619 977 3686 quas
999 3597 1112 3664 eodem
1133 3595 1279 3682 exemplo
1300 3592 1389 3658 binas
1410 3593 1526 3676 accepi.

199 3716 247 3777 lie
268 3709 414 3794 reliquo,
448 3702 544 3770 selim
572 3697 630 3764 tibi
660 3693 850 3783 persuadeas
872 3714 936 3759 non
958 3712 1027 3758 esse
1049 3690 1126 3757 mibi
1147 3710 1249 3756 meam
1271 3687 1453 3774 dignitatem
1474 3694 1526 3749 tua

200 3803 370 3871 cariorem.

270 3977 297 4026 2.
327 3987 382 4026 ress
404 3971 537 4036 publicam
566 3981 622 4018 ona.
646 3966 684 4018 Μ.
717 3987 749 4001 -
784 3963 812 4014 ii.
839 3961 961 4012 atam
978 3957 1021 4009 ld:
1050 3958 1202 4008 oidermtar
1219 3967 1282 4005 aum
1300 3953 1423 4005 Munatio
1442 3950 1473 4001 li.
1492 3975 1527 3986 —

200 4049 229 4100 5.
255 4057 381 4111 eoqamar
405 4041 561 4094 Manutius:
598 4049 723 4088 emsamser
746 4033 806 4085 ΜΕ.
842 4057 864 4068 -
905 4032 932 4082 s.
961 4029 1120 4090 Chaerippus
1144 4025 1203 4077 Vb:
1234 4025 1377 4087 Cberippas
1405 4019 1466 4073 itti.
1496 4046 1524 4057 -

202 4117 246 4169 13.
264 4129 346 4165 renam
362 4127 381 4164 a
399 4120 423 4163 te
442 4113 545 4160 litteras
563 4105 726 4159 Cratander:
746 4117 827 4154 unam
844 4101 881 4151 ad
899 4101 1002 4150 litteras
1020 4097 1065 4157 ld,
1085 4109 1165 4146 unum
1184 4095 1286 4144 litteras
1305 4093 1336 4142 ll.
1356 4115 1385 4127 -
1420 4091 1464 4141 id.
1486 4105 1528 4141 or·

201 4189 247 4238 sm
265 4193 302 4236 est
319 4190 424 4234 roratas
441 4180 599 4231 Lambinus.
619 4201 652 4212 -
671 4177 713 4226 ts.
733 4175 820 4224 ,litteo
838 4170 983 4222 Corrsdus.
1005 4193 1032 4206 -
1056 4167 1196 4217 Tratorius
1213 4164 1256 4215 ld:
1277 4163 1425 4214 ssa-ararim
1443 4161 1474 4212 ll.
1495 4183 1526 4196 ··

201 4259 246 4310 20.
265 4256 353 4308 11123.
372 4255 453 4304 turcio
470 4251 508 4303 Μ.
528 4271 561 4286 -·
578 4249 722 4300 studiosior
739 4246 815 4295 iussis
832 4243 871 4293 Μ.
893 4266 921 4278 -
960 4239 1005 4289 22.
1021 4237 1171 4302 probarunt
1189 4235 1238 4288 dl:
1255 4234 1434 4298 probaverunt
1453 4231 1483 4280 11.
1494 4255 1525 4264 ·-

201 4328 246 4378 27.
274 4330 388 4376 viverent
413 4325 451 4375 lt.
483 4347 517 4357 -
552 4321 597 4372 31.
623 4317 730 4369 Honore
753 4315 822 4365 enim
839 4309 886 4364 ll:
915 4311 1023 4360 Honore
1040 4308 1109 4358 ersins
1125 4307 1200 4372 diane·
1222 4318 1285 4356 eum
1301 4302 1425 4357 Munatio
1442 4301 1474 4351 ll.
1493 4325 1527 4334 -

201 4395 419 4462 eompansorondi
436 4392 473 4445 nt.
