3692 5892
133 1335 179 1418 Μ

308 403 371 466 224
740 399 1015 464 reuponticum
1035 401 1088 465 nl)
1109 401 1200 466 Fan.

308 559 418 626 vInciis
438 559 477 626 ab
498 561 553 633 ils.
576 561 630 648 qui
648 557 846 632 obtinerent,
868 556 1041 622 retinendis
1071 577 1174 644 neque
1196 559 1341 646 cuiquam
1366 559 1545 635 tradendis,
1566 561 1627 628 nisi

308 654 363 742 qni
384 677 425 721 ex
446 663 571 720 senatus
604 653 746 720 consulto
776 651 983 718 successisset.
1036 655 1104 716 Iloc
1128 673 1188 738 ego
1209 675 1280 718 cum
1302 655 1349 720 rei
1370 653 1513 741 puhhcac
1526 675 1628 722 causa

308 749 432 825 censui,
455 759 522 815 tum
542 749 721 816 mehercule
742 749 774 813 in
795 746 906 833 primis
920 745 1101 812 retinendae
1116 745 1272 831 dignitatis
1287 759 1367 814 tuae.
1413 749 1627 828 Quamobrem

309 854 338 908 tc
360 845 476 909 amoris
498 845 598 910 nostri
619 863 711 909 causa
733 861 830 926 rogo,
852 839 900 905 rei
921 839 1064 926 publicae
1086 861 1179 906 causa
1201 841 1329 916 hortor,
1351 852 1386 908 nt
1407 865 1446 909 ne
1468 847 1518 910 cui
1538 845 1629 932 quid·

285 958 404 1023 squam
440 939 519 1005 iuris
549 939 582 1003 in
616 946 669 1002 tua
696 934 857 1023 provincia
891 955 959 999 esse
988 934 1125 1020 patiare,
1153 943 1246 1022 atque
1268 946 1303 1001 nt
1322 938 1426 1003 omnia
1447 940 1566 1004 referas
1586 937 1628 1002 ad

308 1036 504 1122 dignitatem,
531 1054 594 1119 qua
614 1031 691 1096 nihil
712 1050 780 1095 esse
801 1036 905 1115 potest
925 1029 1142 1114 praestantius.
1185 1035 1216 1096 4.
1238 1037 1320 1098 Vere
1342 1040 1444 1098 tecum
1465 1053 1569 1116 again,
1592 1041 1628 1098 ut

307 1127 504 1196 necessitudo
525 1135 632 1193 nostra
652 1123 806 1212 postulat:
849 1127 881 1187 io
910 1127 1113 1209 Sempronio,
1136 1126 1164 1189 si
1184 1124 1261 1189 meis
1282 1124 1394 1191 litteris
1414 1124 1628 1212 obtemperas·

307 1245 373 1300 ses,
395 1227 563 1288 maximam
585 1218 626 1285 ab
647 1216 793 1286 omnibus
814 1216 939 1282 faudem
960 1215 1090 1302 adeptus
1112 1238 1207 1284 esses.
1251 1218 1311 1284 Sed
1332 1219 1410 1285 illud
1431 1229 1463 1285 et
1488 1229 1629 1306 praeter·

307 1317 343 1382 iit
373 1325 404 1381 ct
432 1315 533 1381 levius
564 1323 620 1380 est.
662 1316 761 1388 Illaec
781 1331 892 1397 magna
912 1331 965 1376 res
986 1309 1057 1385 esti,
1094 1308 1143 1376 fac
1161 1321 1197 1377 ut
1217 1313 1409 1399 provinciam
1438 1314 1572 1379 retineas
1593 1315 1626 1380 in

169 1420 172 1430 '
274 1418 460 1498 sopotestate
493 1413 540 1474 rei
566 1387 854 1494 publicaeT‘rlura
883 1405 1091 1491 scripsissem,
1126 1405 1186 1472 nisi
1212 1407 1258 1473 tui
1284 1407 1476 1476 festinarent.
1518 1414 1626 1497 ltaque

309 1503 484 1591 Chaerippo
505 1510 615 1570 nostro
635 1522 686 1568 me
708 1499 801 1567 velim
823 1520 966 1565 excuses.

750 1643 866 1707 nrm.
910 1637 956 1724 (n.
985 1643 1017 1706 u
1040 1643 1072 1705 c.
1094 1639 1179 1714 πο.)

741 1763 883 1830 CICERO
907 1764 1131 1828 CORNIFICIO
1154 1766 1184 1828 S.

392 1884 421 1946 1.
445 1881 577 1945 Omnem
606 1875 821 1942 condicionem
849 1874 975 1961 imperii
1004 1874 1049 1939 tui
1074 1884 1251 1962 statumque
1272 1877 1453 1963 provinciae
1472 1879 1551 1944 mihi
1572 1878 1628 1945 dc-

271 2006 297 2045 rs
306 1974 492 2040 monstravit
526 1970 697 2039 Tratorius.
741 1971 767 2035 Ο
804 1969 900 2036 multa
931 1966 1138 2034 intolerabilia
1165 1970 1242 2035 locis
1272 1971 1435 2038 omnibusl
1479 1973 1540 2038 Sed
1562 1993 1626 2060 qno

306 2077 358 2134 tna
372 2070 474 2134 maior
487 2067 637 2152 dignitas,
660 2084 715 2140 eo,
738 2084 819 2150 quae
833 2060 887 2128 tihi
909 2061 1108 2139 accidcrum,
1131 2063 1234 2128 minus
1249 2063 1392 2144 ferenda;
1415 2088 1517 2152 neque
1532 2067 1625 2142 enim,

305 2184 385 2251 quae
418 2171 452 2227 tu
483 2168 614 2247 propter
645 2156 889 2242 magnitudinem
924 2164 955 2221 et
983 2156 1077 2220 animi
1100 2166 1131 2221 ct
1152 2157 1268 2241 ingenii
1289 2160 1450 2226 moderate
1471 2161 1554 2235 fers,
1588 2182 1625 2226 ea

304 2278 368 2323 non
400 2252 577 2320 ulciscenda
609 2261 696 2324 sunt,
731 2249 852 2315 etiamsi
881 2270 944 2314 non
975 2261 1047 2314 sunt
1081 2249 1223 2315 dolenda.
1278 2253 1340 2317 Sed
1362 2254 1437 2319 haec
1457 2256 1624 2340 posterius.

263 2399 268 2408 .
307 2354 338 2414 2.
359 2355 476 2416 Rerum
498 2345 688 2412 urbanarum
710 2354 778 2409 acta
808 2342 865 2408 tibi
892 2342 972 2408 mitti
1000 2352 1086 2408 corto
1113 2345 1189 2409 scio.
1247 2345 1373 2423 Quodni
1401 2348 1443 2412 ita
1464 2357 1624 2434 putarem,

268 2474 294 2508 a·
310 2444 377 2530 ipse
408 2437 654 2528 perscriberem,
691 2437 723 2501 in
749 2437 921 2525 primisque
950 2437 1091 2503 Caesaris
1121 2439 1281 2503 Octaviani
1303 2450 1466 2517 conatum
1499 2440 1537 2506 dc
1560 2463 1625 2529 quo

307 2534 497 2601 multitudini
519 2533 624 2597 fictum
652 2530 692 2595 ab
722 2530 859 2597 Antonio
886 2531 1006 2596 crimen
1027 2529 1171 2605 ridetur,
1204 2532 1297 2596 utin
1326 2534 1489 2618 pecuniam
1521 2535 1627 2601 adole·

306 2629 420 2696 scentis
442 2628 591 2712 impetum
611 2625 746 2704 faccrct;
769 2623 939 2711 prudentes
960 2633 1063 2690 autem
1085 2635 1116 2689 et
1136 2624 1212 2690 boni
1233 2625 1294 2691 viri
1317 2637 1348 2690 et
1367 2628 1498 2695 credunt
1511 2631 1625 2695 facturn

307 2732 339 2789 et
359 2721 503 2808 probant.
547 2719 631 2799 Quid
651 2719 798 2806 quaeris?
832 2740 943 2804 magna
965 2740 1036 2806 spes
1057 2728 1105 2784 cst
1126 2719 1158 2784 in
1180 2740 1229 2785 cc.
1272 2720 1353 2785 Nihil
1375 2731 1437 2798 est,
1460 2723 1544 2809 quod
1562 2745 1625 2789 non

307 2817 504 2884 existimetur
535 2813 635 2880 laudh
671 2823 703 2878 ct
734 2813 853 2898 gloriae
883 2835 974 2878 causa
1000 2812 1148 2879 facturus.
1198 2815 1350 2880 Antonius
1371 2825 1493 2891 autern,
1518 2827 1625 2882 noster

266 2936 295 2978 aa
305 2910 485 2992 familiaris,
508 2918 593 2974 tanto
615 2929 649 2973 se
671 2907 745 2973 odio
767 2928 835 2972 csse
857 2906 1015 2992 intelligit,
1036 2915 1092 2982 nt,
1114 2928 1185 2972 curn
1207 2907 1421 2973 interfectores
1443 2931 1517 2976 suos
1539 2909 1625 2976 domi

305 3003 556 3091 comprenderit,
577 3023 645 3067 rem
667 3001 812 3088 proferre
835 3021 898 3066 non
920 3000 1042 3066 audeat.
1086 3007 1121 3066 Α.
1145 3000 1174 3065 d.
1197 3001 1353 3067 v11.1dus
1376 3002 1503 3068 Octobr.
1525 3009 1626 3068 Brun-

304 3099 418 3165 disium
453 3105 521 3163 erat
552 3095 712 3183 profectus
744 3094 870 3161 obviam
900 3093 1075 3180 legionibus
1102 3093 1309 3161 Macedonicis
1342 3115 1430 3170 run,
1467 3118 1543 3183 quas
1564 3096 1623 3162 sihi

306 3193 474 3260 conciliare
502 3189 634 3277 pecunia
655 3187 811 3274 cogitabat
830 3209 946 3275 easque
973 3188 1011 3253 ad
1032 3187 1145 3253 urbem
1167 3188 1322 3254 adducere
1344 3200 1375 3255 et
1396 3190 1428 3254 in
1450 3190 1625 3256 cervicibus

303 3287 421 3353 nostris
454 3285 619 3351 collocare.
675 3287 705 3348 3.
741 3282 845 3348 Habes
866 3282 999 3347 formam
1028 3281 1074 3347 rei
1097 3279 1256 3368 publicae,
1290 3283 1371 3348 siin
1391 3284 1501 3349 castris
1522 3293 1625 3369 potest

265 3407 293 3448 sn
306 3401 375 3446 csse
396 3401 448 3446 res
469 3378 613 3466 publica3
639 3376 672 3442 in
694 3399 756 3463 qua
777 3385 863 3442 tuam
885 3377 986 3441 vicem
1007 3397 1101 3463 saepe
1123 3376 1237 3452 doleo,
1260 3377 1344 3464 quod
1367 3378 1482 3444 nullam
1503 3387 1623 3463 partem

303 3496 362 3562 per
383 3481 514 3539 aetatem
536 3492 628 3536 sanae
651 3479 682 3534 ct
702 3471 806 3535 salvae
826 3475 872 3535 rei
894 3469 1037 3556 publicae
1060 3480 1186 3555 gustare
1200 3472 1338 3556 potuisti.
1380 3478 1481 3558 Atque
1496 3471 1624 3535 antehac

304 3567 430 3654 quidem
454 3586 580 3652 sperare
602 3565 709 3630 saltem
731 3562 859 3641 licebat;
889 3564 1084 3629 nuncetiam
1106 3563 1138 3628 id
1160 3574 1303 3650 ereptum
1326 3574 1382 3631 est.
1427 3569 1516 3643 Quae
1539 3568 1621 3628 cuim

304 3669 353 3726 cst
378 3681 463 3746 spes,
501 3679 572 3723 cum
604 3659 636 3722 iu
657 3659 803 3724 contione
830 3656 936 3722 dicere
956 3678 1050 3722 ausus
1071 3657 1111 3722 sit
1130 3659 1303 3731 Antonius,
1334 3659 1518 3725 Cannutium
1540 3658 1622 3744 apud

304 3775 360 3820 eos
394 3753 497 3820 locum
529 3750 589 3818 sihi
616 3773 784 3839 quaerere,
818 3751 932 3837 quibus
965 3771 999 3815 se
1027 3751 1113 3816 salvo
1142 3752 1229 3818 locus
1257 3753 1289 3817 in
1316 3754 1440 3818 civitate
1470 3775 1537 3820 esse
1560 3773 1623 3818 non

266 3854 435 3935 opossctt
469 3851 501 3912 d.
533 3847 685 3932 Equidem
708 3855 739 3910 ot
760 3845 837 3910 hacc
858 3855 890 3911 et
910 3846 1035 3920 omnia,
1066 3867 1145 3933 quae
1168 3845 1287 3912 homini
1309 3847 1452 3912 accidere
1473 3855 1622 3932 possunt,

303 3941 349 4008 sic
369 3941 459 4015 fero,
481 3948 516 4006 ut
535 3939 753 4026 philosophiae
774 3960 918 4024 magnam
940 3938 1069 4004 habeam
1092 3940 1243 4024 gratiam,
1266 3962 1347 4026 quae
1369 3962 1420 4005 mc
1441 3961 1504 4005 non
1526 3939 1622 4006 modo

303 4033 342 4099 ab
364 4033 569 4099 sollicitudine
591 4033 737 4107 abducit,
759 4032 813 4097 sed
833 4033 930 4098 'etiam
945 4042 1052 4099 contra
1069 4053 1177 4098 omnes
1192 4032 1336 4099 fortunae
1351 4035 1485 4119 impetus
1507 4042 1621 4110 armat3

304 4125 423 4213 tibique
454 4127 539 4191 idem
566 4148 679 4192 censeo
706 4125 884 4191 faciundum
911 4147 987 4200 nec,
1024 4147 1127 4212 aquo
1151 4127 1241 4213 culpa
1263 4126 1360 4201 absit,
1398 4127 1566 4214 quidquam
1589 4126 1622 4191 in

303 4221 391 4286 malis
408 4222 644 4287 numerandum.
688 4220 749 4286 Sed
770 4219 847 4285 haec
867 4231 901 4285 tn
923 4220 1044 4286 melius.
1087 4221 1263 4285 Tratorium
1286 4229 1427 4286 nostrum
1449 4242 1519 4286 cum
1541 4241 1623 4285 sern-

265 4336 361 4402 uper
381 4312 581 4401 probassem,
605 4325 669 4380 tum
691 4313 827 4378 maxime
849 4314 880 4379 in
903 4315 964 4380 tuis
985 4312 1080 4379 rebus
1101 4335 1253 4380 summanr
1276 4315 1345 4380 eius
1361 4314 1469 4388 fidem,
1491 4315 1623 4400 diligen-

304 4410 376 4474 tiam
399 4409 656 4496 prudentiamque
687 4409 831 4494 cognovi.
872 4413 919 4474 Da
941 4428 1090 4495 operam,
1122 4421 1157 4473 ut
1178 4408 1301 4486 vafeas;
1323 4408 1384 4475 boc
1405 4407 1481 4473 mihi
1503 4407 1621 4492 gratius

265 4535 269 4544 ·
301 4502 406 4568 facere
427 4502 504 4566 nihil
525 4511 624 4589 potes.

309 4634 660 4648 ————nv--

373 4713 399 4762 l.
419 4712 458 4761 his
476 4713 514 4762 Μ.
547 4737 578 4748 ·-
614 4712 640 4762 d.
660 4724 711 4762 οπο
726 4712 874 4775 potrsthfr
891 4717 976 4774 potest
994 4724 1045 4761 cass
1063 4711 1093 4761 E.
1118 4739 1152 4748 —
1188 4712 1231 4762 11.
1251 4713 1396 4776 Chaerippo
1415 4712 1473 4761 Vh:
1494 4710 1621 4771 Charippc

303 4783 363 4832 llll.
396 4807 428 4817 -
466 4783 509 4832 15.
545 4781 682 4832 factoriae
710 4783 760 4834 hl:
790 4781 938 4832 Stratonice
963 4781 1000 4842 Il,
1030 4781 1163 4832 statorias
1193 4781 1340 4832 Manutius.
1380 4784 1443 4832 item
1471 4795 1496 4832 v.
1523 4780 1566 4830 39.
1589 4801 1620 4814 -·

305 4853 390 4902 l'l.st
409 4850 715 4912 interamnensi.
745 4877 774 4888 -
810 4853 880 4912 tera,
914 4865 945 4900 eo
962 4865 1017 4900 noo
1034 4851 1091 4902 Vb:
1121 4853 1216 4917 [ersten
1240 4868 1295 4903 ooo
1321 4852 1367 4908 Μ,
1391 4854 1461 4918 fars,
1489 4865 1507 4901 o
1525 4858 1550 4901 te
1567 4861 1620 4896 non

303 4923 334 4972 li.
358 4945 381 4958 ··
419 4923 463 4972 27.
489 4922 537 4971 ribi
557 4958 564 4972 .
587 4954 593 4968 .
614 4955 622 4972 .
641 4921 781 4971 cmciliors
799 4921 873 4981 (cum
891 4919 995 4983 rasura)
1014 4920 1052 4972 Μ.
1085 4947 1115 4958 -
1153 4922 1197 4974 dt).
1226 4924 1256 4972 io
1281 4937 1332 4987 qno
1357 4929 1467 4974 auctore
1497 4919 1620 4970 Ernestio

302 4991 451 5042 Schiltaius.
474 5017 501 5028 -
543 4991 586 5042 34.
607 4991 690 5045 heum
707 4991 822 5044 sibilla
841 4991 891 5042 sihi
908 4991 990 5042 locum
1009 4990 1039 5040 II.
