3628 5876
657 421 732 485 uu.
754 420 794 484 X.
836 422 896 486 ΕΡ.
917 419 948 482 7.
970 420 1001 483 8.
1331 463 1337 476 -
1429 421 1490 486 tue

164 587 220 644 ant
240 577 454 665 perniciosum
475 576 699 662 concupiscere
718 581 849 662 potestt
891 581 921 644 3.
944 575 1006 642 Sed
1027 575 1218 664 aliquantum
1233 575 1325 644 nobis
1339 580 1492 666 temporis

165 684 197 740 et
219 673 324 758 magni
345 672 470 739 labores
492 680 524 738 et
544 671 658 738 multae
680 675 839 756 impensae
860 692 940 758 opus
961 670 1104 747 fuerunt,
1126 680 1162 737 ut
1183 693 1264 759 quae
1286 673 1491 758 reipublicae

164 767 320 855 bonisque
342 766 488 833 omnibns
516 767 754 854 polliceremur,
789 766 876 833 exitu
897 775 1128 853 praestaremus
1149 787 1252 853 neque
1274 766 1313 832 ad
1334 766 1489 833 auxilium

163 861 285 948 patriae
314 861 390 927 nudi
421 882 493 926 cum
522 859 606 926 bona
639 865 798 931 voluntate
834 860 889 927 sed
922 880 993 926 cum
1028 859 1225 926 facultatibus
1257 859 1486 926 accederemus.

165 953 406 1021 Confirmandus
439 964 507 1019 erat
538 955 696 1024 exercitus
717 957 824 1032 nobis,
860 953 981 1040 magnis
1002 975 1096 1040 saepe
1117 954 1265 1041 praemiis
1287 955 1514 1030 sollicitatus,s

165 1057 200 1114 ut
220 1045 260 1112 ab
293 1069 329 1114 re
357 1046 483 1134 publica
511 1049 616 1134 potius
638 1051 798 1118 moderata
820 1071 913 1136 mam
934 1047 973 1113 ab
996 1069 1059 1114 uno
1080 1047 1199 1114 infinita
1224 1059 1382 1134 speraret;
1416 1068 1491 1114 eon-

164 1139 336 1207 firmandae
364 1141 543 1228 complures
579 1142 735 1221 civitates,
765 1165 846 1232 quae
873 1147 1038 1228 superiore
1072 1163 1153 1208 anno
1175 1141 1393 1227 largitionibus
1415 1163 1491 1208 con·

164 1235 424 1322 cessionibusque
445 1237 659 1322 praemiorum
682 1249 771 1305 erent
799 1237 974 1322 obligatae,
1010 1245 1046 1302 ut
1067 1244 1099 1302 et
1119 1236 1172 1302 illa
1193 1258 1270 1302 vana
1292 1245 1439 1323 putarent
1458 1244 1490 1301 et

116 1387 125 1408 ,
164 1329 277 1394 eedem
307 1351 326 1394 a
353 1328 537 1396 melioribus
566 1331 746 1398 auctoribus
767 1330 901 1418 petenda
923 1329 1154 1407 existimarent3
1192 1328 1371 1395 alliciendas
1394 1329 1488 1396 edam

163 1423 339 1488 voluntates
370 1422 580 1511 reliquorum,
617 1426 672 1512 qui
705 1425 844 1492 finitimis
874 1423 1045 1510 provinciis
1068 1423 1322 1510 exercitibusque
1343 1422 1526 1509 preclua-¹⁰

162 1525 254 1592 runt,
276 1525 311 1582 ut
332 1516 437 1603 potius
458 1537 529 1583 cnm
550 1517 694 1605 pluribus
715 1519 895 1586 societatem
917 1515 1130 1583 defendendae
1151 1516 1304 1583 libertatis
1322 1518 1483 1591 iniremus,

163 1633 260 1699 quam
287 1632 356 1676 cum
385 1611 587 1698 paucioribus
623 1612 775 1679 funestam
808 1610 880 1678 orbi
911 1619 1068 1676 terrarum
1095 1612 1259 1678 victoriam
1287 1613 1488 1698 partiremur.

162 1709 195 1771 l.
227 1701 387 1770 Muniendi
420 1725 496 1770 vero
528 1717 651 1773 nosmet
676 1708 735 1794 ipsi
758 1706 874 1772 fuimus
897 1713 987 1769 aucto
1011 1705 1153 1770 exercitu
1175 1705 1362 1792 auxiliisque
1384 1703 1490 1770 multi·

162 1799 301 1886 plicatis,
324 1806 371 1873 ut,
394 1819 466 1865 cum
487 1799 718 1886 praeferremus
740 1821 849 1866 sensns
871 1807 998 1886 aperte,
1021 1808 1105 1873 tum,
1128 1799 1222 1864 etiam
1238 1799 1342 1864 invitis
1358 1797 1489 1884 quibus·
1517 1864 1520 1873 ,

162 1892 251 1964 dam,
284 1891 372 1966 sciri,
406 1891 482 1978 quid
512 1891 671 1960 defensuri
693 1915 848 1966 essemus,
887 1911 949 1958 uon
972 1901 1055 1957 esset
1076 1893 1298 1979 periculosum.
1342 1895 1387 1958 lta
1409 1905 1526 1954 nun-¹⁵

161 2007 259 2074 wem
281 1982 437 2051 diffitebor
464 1987 561 2052 multa
589 2009 654 2061 me,
688 1995 723 2054 ut
751 1987 792 2053 ad
813 1986 959 2054 effectum
980 1986 1096 2052 borum
1118 1986 1322 2052 consiliorum
1342 1989 1488 2072 perveni-

162 2101 248 2154 rem,
283 2090 314 2144 et
341 2079 504 2146 simulasse
537 2080 669 2148 invitum
692 2089 723 2146 et
750 2079 960 2146 dissimulasse
982 2100 1054 2145 cum
1076 2079 1204 2154 dolore,
1239 2079 1325 2167 quod
1345 2099 1487 2166 praema-

163 2185 235 2240 tura
268 2171 461 2239 denuntiatio
493 2173 570 2240 boni
598 2175 675 2241 civis
703 2173 849 2260 imparati
880 2195 975 2261 quem
1006 2175 1183 2262 periculosa
1217 2183 1314 2248 esset,
1351 2193 1488 2240 excesu

162 2266 303 2350 collegae
332 2264 486 2333 videbam.
542 2273 571 2334 5.
602 2271 674 2346 Ouo
706 2267 832 2332 nomine
861 2267 955 2332 etiam
978 2271 1011 2335 C.
1032 2272 1150 2333 Furnio
1172 2268 1292 2353 legato,
1321 2267 1390 2334 viro
1413 2267 1487 2334 fortt

162 2370 259 2447 atque
280 2368 423 2436 suenuo,
459 2362 550 2448 plura
572 2366 665 2427 etiam
687 2358 786 2426 verbo
808 2381 902 2448 wem
923 2360 1079 2448 scriptura
1101 2361 1244 2426 mandata
1265 2361 1424 2438 dedimus,
1452 2368 1525 2426 ut⁸⁰

162 2464 197 2520 et
218 2453 331 2519 tectius
353 2453 392 2519 ad
414 2474 471 2521 vos
491 2454 709 2540 perferrentur
728 2461 761 2521 et
781 2476 839 2520 nos
861 2476 1000 2521 essemus
1022 2455 1171 2533 tutiores;
1193 2453 1371 2542 quibusque
1391 2453 1488 2520 rebus

163 2559 197 2614 et
217 2569 415 2613 communem
451 2549 581 2614 salutem
611 2547 727 2614 muniri
759 2559 790 2616 et
810 2569 868 2614 nos
890 2549 1005 2615 armari
1026 2549 1222 2624 conveniret,
1257 2549 1487 2636 praecepimus.

162 2646 213 2707 Ex
235 2662 300 2727 quo
322 2641 451 2728 intelligi
472 2651 575 2730 potest
596 2663 704 2708 curam
724 2643 773 2708 rei
794 2641 938 2730 publicae
960 2665 1100 2710 summae
1122 2641 1338 2709 defendendae
1360 2639 1490 2726 iampri-

163 2735 238 2802 dem
266 2735 350 2822 apud
375 2757 433 2802 nos
456 2736 624 2804 excubare.
683 2741 713 2803 6.
735 2742 839 2812 Nunc,
862 2759 933 2804 eum
955 2739 1048 2805 deum
1070 2737 1261 2823 benignitate
1283 2734 1322 2801 ab
1344 2735 1430 2802 omni
1452 2755 1488 2799 re

163 2851 275 2896 sumus
295 2830 487 2916 paratiores,
509 2853 573 2896 non
594 2831 696 2898 solnm
718 2828 798 2896 bene
819 2852 949 2918 sperare
971 2831 1010 2898 de
1025 2831 1116 2898 nobis
1139 2830 1281 2896 homines
1302 2829 1358 2895 sed
1380 2827 1526 2913 exple-⁸⁵

163 2936 232 2990 rate
254 2921 395 2989 iudicare
418 2925 573 2991 volumus.
631 2924 786 3009 Legiones
808 2924 910 2990 babeo
937 2925 1076 3013 quinque
1098 2923 1156 2992 sub
1179 2923 1275 3008 signis
1297 2931 1329 2987 et
1349 2942 1405 2987 sua
1428 2919 1489 2985 lide

164 3017 344 3104 virtuteque
365 3018 413 3083 rei
434 3018 578 3105 publicae
599 3018 868 3084 coniunctissimas
889 3027 921 3083 et
941 3029 1048 3084 nostra
1076 3017 1263 3084 liberalitate
1283 3013 1376 3080 nobis
1397 3011 1490 3079 obse·

162 3120 312 3198 quentes;
335 3113 529 3199 provinciam
550 3113 690 3178 omnium
712 3111 881 3178 civitatium
904 3133 1060 3178 consensu
1073 3111 1299 3198 paratissimam
1321 3115 1352 3174 et
1367 3127 1489 3173 summa

162 3203 367 3270 contentione
388 3206 427 3272 ad
454 3206 556 3273 ollicia
576 3216 760 3282 certantem
794 3203 950 3290 equitatus
971 3204 1226 3291 auxiliorumque
1246 3210 1346 3268 tantas
1367 3205 1489 3288 copias,

163 3307 298 3386 quantas
333 3300 392 3365 bae
419 3309 526 3386 gentes
552 3299 591 3366 ad
623 3297 850 3365 defendendam
872 3319 960 3364 suam
982 3299 1113 3365 salntem
1133 3297 1373 3382 libertatemque
1394 3293 1527 3360 confi-⁸⁰

162 3413 238 3459 cere
258 3402 399 3478 possunt.
442 3397 511 3479 lpse
532 3395 574 3460 ita
596 3414 666 3459 sum
687 3392 792 3458 animo
813 3402 940 3478 paratus
962 3392 1012 3458 vel
1033 3391 1227 3480 provinciam
1250 3389 1332 3456 tueri
1353 3389 1402 3455 vel
1424 3393 1488 3464 ire,

163 3507 230 3574 quo
251 3507 304 3551 res
325 3486 448 3572 publica
470 3497 577 3562 vocet,
599 3487 650 3554 vel
670 3486 794 3553 tradere
816 3486 1005 3560 exercitum,
1028 3485 1143 3552 auxilia
1159 3483 1432 3572 provinciamque,
1453 3491 1489 3550 ut

163 3580 216 3645 vel
237 3601 363 3644 omnem
385 3580 535 3667 impetum
557 3581 632 3648 belli
654 3580 687 3646 in
709 3601 760 3646 me
781 3590 965 3646 convertere
988 3601 1051 3646 uon
1073 3601 1233 3655 recusem,
1255 3579 1282 3645 si
1303 3578 1401 3645 modo
1417 3597 1490 3642 meo

162 3695 239 3740 casu
279 3683 333 3739 aut
367 3674 552 3744 confirmare
588 3674 708 3762 patriae
744 3675 873 3740 salutem
919 3684 972 3741 aut
1003 3674 1177 3760 pericnlum
1205 3673 1324 3760 possim
1360 3670 1488 3738 morari.

164 3773 195 3832 7.
217 3769 304 3832 Haec
326 3765 352 3833 si
374 3767 435 3833 iam
458 3769 613 3857 expeditis
635 3766 781 3834 omnibus
802 3767 898 3833 rebus
920 3768 1153 3855 tranquilloque
1174 3777 1256 3834 statu
1274 3766 1407 3833 civitatis
1422 3766 1527 3852 pol-⁸⁵

163 3859 281 3935 liceor,
315 3860 348 3924 in
370 3860 483 3929 damno
505 3884 596 3928 meae
617 3861 718 3929 laudis
742 3861 791 3927 rei
822 3859 966 3946 publicae
994 3860 1161 3927 commodo
1187 3860 1344 3938 laetab0r3
1381 3859 1429 3926 siu
1450 3858 1490 3924 nd

165 3954 346 4020 societatem
381 3955 659 4040 integerrimorum
687 3964 719 4021 et
739 3959 950 4020 maximorum
982 3954 1197 4040 periculorum
1219 3953 1379 4026 accedam,
1416 3974 1492 4018 con-

165 4047 233 4114 silia
259 4069 330 4112 mea
358 4049 466 4133 aequis
494 4049 650 4116 iudicibus
678 4048 717 4115 ab
739 4046 967 4114 obtrectatione
989 4047 1167 4115 invidorum
1189 4047 1383 4114 defendenda
1405 4068 1491 4113 com·

166 4140 291 4206 mendo.
345 4142 420 4208 llibi
452 4143 579 4230 quidem
615 4142 675 4229 ipsi
703 4142 823 4208 fructus
849 4141 1035 4208 meritorum
1058 4163 1201 4207 meorum
1223 4147 1256 4209 in
1277 4142 1325 4208 rei
1348 4141 1490 4228 publicae

165 4233 379 4301 incolumitate
408 4237 481 4303 satis
503 4257 633 4322 magnus
655 4245 703 4302 est
722 4246 860 4322 paratus.
917 4239 979 4300 Eos
1001 4257 1096 4309 vero,
1124 4235 1178 4322 qui
1199 4256 1301 4300 meam
1323 4235 1528 4301 auctorita-⁴⁰

165 4335 230 4392 tem
260 4335 292 4391 et
319 4328 417 4393 multo
446 4329 545 4416 magis
573 4337 710 4394 vestram
739 4327 831 4394 fidem
865 4328 963 4394 secuti
985 4349 1043 4394 nec
1063 4329 1126 4394 ulla
1148 4349 1204 4415 spe
1223 4327 1324 4416 decipi
1346 4349 1404 4394 nee
1424 4328 1490 4404 ullo

167 4429 252 4578 mqtu
293 4426 406 4488 terreri
446 4432 629 4510 potuerunt,
663 4431 698 4488 ut
732 4421 967 4489 commendatos
1002 4421 1093 4489 vobis
1130 4421 1285 4497 babeatis,
1322 4420 1491 4508 petendum

167 4535 198 4579 vr
221 4522 304 4580 etur.

236 4712 264 4763 2.
283 4711 383 4764 loboris
408 4715 448 4765 Μ.
478 4739 507 4752 -
546 4716 572 4766 9.
591 4715 730 4767 addendas
756 4714 793 4765 Μ.
825 4737 857 4750 -
894 4715 937 4766 ld.
956 4717 1061 4766 lucteris
1078 4716 1116 4767 Μ.
1144 4741 1173 4753 -
1212 4715 1256 4766 2³.
1275 4729 1373 4765 summa
1400 4713 1437 4764 Μ.
1459 4739 1488 4752 -

166 4779 212 4834 28.
231 4783 370 4833 ciminium
388 4783 418 4834 ll.
449 4807 476 4820 -
515 4785 559 4836 dl.
584 4791 697 4849 paratur
714 4784 754 4836 uel
770 4784 817 4836 M:
836 4791 949 4846 paratus
968 4793 998 4835 ut
1017 4786 1057 4838 nel
1074 4785 1106 4838 ll.
1139 4809 1169 4823 -
1206 4785 1250 4838 32.
1281 4792 1311 4836 ut
1329 4783 1371 4836 nal
1387 4784 1431 4836 M:
1451 4783 1493 4835 uel

169 4850 200 4902 li.
224 4877 250 4889 -
290 4851 335 4904 8¹1.
353 4854 475 4906 wedam
492 4857 528 4906 nd
545 4855 655 4908 condito
673 4854 712 4908 Μ.
731 4875 763 4892 -
799 4853 845 4906 40.
862 4862 974 4918 puratos
996 4855 1034 4906 Μ.
