3666 5874
303 323 322 380 a
727 293 1001 382 eusrou'muu
1022 321 1073 382 ,an
1095 321 1186 386 rau.

303 473 424 542 toribus
451 497 566 540 nomen
591 472 750 540 inductum
777 473 866 540 fietne
893 475 1070 560 religionis,
1108 496 1170 541 non
1202 485 1265 540 tam
1295 485 1331 541 ut
1360 485 1391 541 te
1412 475 1616 562 impedirent,

302 589 394 656 quam
417 579 451 634 ut
477 589 516 633 ne
549 568 619 655 quis
640 577 771 655 propter
792 569 949 634 exercitus
974 569 1174 654 cupiditatem
1196 569 1423 634 Alexandream
1444 569 1538 636 vellet
1558 571 1617 636 ire.

301 663 465 748 Dignitatis
487 671 590 728 autem
611 673 682 728 tuae
704 683 796 728 nemo
819 671 866 728 est
887 663 962 749 quin
983 660 1297 728 existimet'babitam
1319 683 1387 728 esse
1407 664 1563 730 rationem
1577 663 1617 729 ab

301 765 419 822 senatu.
461 761 559 822 Nemo
580 765 628 821 est
649 756 748 831 enim,
771 755 824 844 qui
845 756 977 832 nesciat,
1000 777 1064 844 quo
1085 757 1187 822 minus
1209 756 1359 822 discessio
1379 755 1469 821 lieret
1485 777 1544 842 per
1563 757 1618 822 ad-

278 851 459 916 arersarios
480 860 551 916 tuos
573 870 641 915 esse
662 849 793 916 iactum:
816 849 872 936 qui
892 871 974 916 nunc
991 851 1098 936 populi
1117 851 1258 926 nomine,
1281 871 1316 916 re
1337 858 1441 916 autem
1455 872 1530 916 vera
1551 871 1618 916 sce·

302 945 488 1010 ieratissimo
509 944 687 1019 latrocinio,
710 944 736 1008 si
758 965 838 1031 quae
860 943 1056 1010 conabuntur
1069 965 1177 1030 agere,
1199 945 1273 1010 satis
1287 944 1363 1010 mibi
1383 945 1546 1030 provisum
1560 953 1616 1022 est,

305 1048 339 1105 ut
361 1061 400 1103 ne
428 1039 503 1126 qnid
528 1039 622 1104 salvis
652 1037 797 1123 auspiciis
831 1047 883 1104 aut
904 1036 1024 1124 legibus
1045 1047 1098 1103 aut
1119 1039 1213 1104 etiam
1233 1039 1300 1104 sine
1321 1038 1351 1104 vi
1374 1059 1467 1124 agere
1488 1039 1617 1125 possint.

302 1139 333 1199 3.
355 1138 422 1218 Ego
443 1154 545 1220 neque
567 1132 607 1196 de
635 1153 706 1198 meo
728 1131 831 1198 studio
853 1153 954 1219 neque
976 1132 1015 1197 de
1036 1132 1257 1198 nonnullorum
1283 1133 1398 1199 iniuria
1418 1132 1617 1198 scribendm

302 1227 379 1291 mibi
401 1247 469 1291 esse
491 1225 637 1292 arbitror.
681 1226 764 1305 Quid
786 1227 869 1291 enim
889 1235 942 1292 aut
964 1247 1015 1292 me
1040 1233 1214 1292 ostentam?
1237 1263 1276 1274 —
1298 1227 1368 1314 qui,
1396 1227 1424 1293 si
1442 1227 1537 1292 vitam
1557 1245 1617 1314 pro

267 1332 355 1386 mtua
376 1320 523 1406 dignitate
545 1319 747 1405 profundam,
774 1321 889 1385 nnllam
910 1329 1031 1408 partem
1052 1321 1161 1386 videar
1182 1321 1366 1387 meritorum
1387 1329 1514 1386 tuorum
1535 1341 1618 1385 asse·

301 1425 407 1480 cutus:
420 1453 461 1462 -
471 1425 524 1480 aut
539 1415 578 1479 de
592 1415 725 1480 aliorum
741 1415 862 1480 iniuriis
877 1422 1015 1502 querar?
1030 1453 1071 1464 -
1086 1415 1246 1502 quodsine
1258 1436 1380 1482 summo
1392 1414 1503 1480 dolore
1514 1413 1617 1478 lacera

301 1529 364 1574 non
386 1529 523 1593 possum.
566 1513 634 1594 Ego
655 1507 712 1572 tibi
734 1530 752 1573 a
774 1509 824 1584 vi,
847 1509 904 1574 bac
924 1509 1109 1595 praesertim
1131 1508 1342 1575 imbecillitate
1363 1510 1617 1593 magistratuum,

302 1611 460 1687 praestare
481 1602 557 1668 nibil
577 1623 722 1688 possum:
745 1603 777 1667 vi
806 1612 955 1688 excepta,
987 1623 1117 1689 possum
1145 1602 1345 1677 confirmare,
1378 1611 1408 1668 te
1437 1611 1468 1666 et
1495 1611 1618 1667 senatus

302 1704 333 1760 et
353 1696 462 1781 popuii
483 1696 613 1761 Romani
638 1717 761 1761 summo
782 1696 886 1762 studio
906 1697 1142 1785 amplitudinem
1162 1707 1247 1762 tuam
1268 1706 1472 1764 retenturum.

268 1867 293 1906 o
768 1859 798 1919 r.
820 1880 849 1922 a.
893 1857 942 1940 (a
968 1859 1000 1921 u.
1024 1860 1055 1922 o.
1078 1856 1163 1942 aas.)

573 1994 613 2054 u.
636 1990 779 2055 cronno
802 1991 833 2053 s
855 1992 893 2052 n.
914 1991 948 2052 r.
973 1990 1154 2054 muruco
1179 1990 1344 2056 raooos

387 2135 415 2193 1.
438 2129 573 2193 Tametsi
593 2127 671 2192 mibi
693 2127 769 2193 nibil
797 2127 857 2192 luit
885 2127 1035 2213 optatius,
1068 2149 1162 2215 quam
1188 2137 1224 2194 ut
1244 2127 1381 2214 primum
1402 2126 1458 2192 abs
1479 2137 1509 2192 te
1532 2129 1617 2213 ipso,

302 2222 414 2288 deinde
443 2243 461 2286 a
489 2222 602 2287 ceteris
629 2219 775 2287 omnibus
802 2242 895 2307 quam
922 2221 1116 2306 gratissimus
1144 2241 1219 2306 erga
1246 2231 1277 2287 te
1302 2243 1370 2286 esse
1391 2243 1617 2306 cognoscerer,

276 2399 277 2404 ἵ
302 2327 405 2380 tamen
426 2315 548 2381 afficior
568 2336 692 2382 summo
713 2315 823 2380 dolore
852 2315 1006 2382 eiusmodi
1032 2325 1174 2401 tempora
1194 2324 1266 2402 post
1285 2324 1369 2382 tuam
1393 2314 1618 2402 prosectionem

265 2435 292 2474 m
302 2416 468 2475 consecuta
489 2429 573 2484 esse,
595 2418 631 2475 ut
650 2418 682 2473 et
695 2429 796 2474 meam
818 2416 850 2474 et
863 2416 1041 2475 ceterorum
1062 2429 1137 2494 erga
1158 2419 1189 2474 te
1209 2408 1301 2474 fidem
1321 2418 1353 2474 et
1370 2409 1618 2474 benevolentiam

302 2500 414 2568 absens
442 2503 635 2586 experirore.
684 2509 727 2568 Te
754 2503 863 2569 videre
889 2512 920 2568 et
945 2503 1061 2569 sentire
1086 2503 1215 2568 eandem
1243 2502 1335 2568 fidem
1360 2523 1429 2568 esse
1458 2501 1619 2568 hominnm

302 2596 334 2662 in
357 2605 407 2660 tua
430 2595 594 2680 dignitate,
617 2619 710 2686 quam
732 2617 792 2682 ego
814 2597 846 2662 in
868 2617 938 2662 mea
959 2597 1057 2662 salute
1079 2618 1147 2662 sum
1170 2606 1340 2682 expertus,
1363 2617 1403 2661 ex
1426 2597 1486 2662 tuis
1508 2595 1620 2662 litteris

302 2691 451 2756 intellexi.
495 2695 526 2755 2.
547 2695 610 2756 Nos
632 2711 704 2756 cum
725 2691 860 2756 maxime
881 2691 1029 2766 oonsilio,
1057 2691 1176 2766 studio,
1199 2689 1323 2764 labore,
1346 2691 1444 2775 gratia
1466 2690 1505 2756 de
1527 2712 1619 2756 causa

301 2784 388 2869 regia
417 2784 605 2860 niteremur,
640 2783 744 2850 subito
766 2795 877 2850 exorta
905 2794 952 2850 est
980 2784 1099 2851 nefaria
1131 2785 1254 2851 Catonis
1281 2785 1505 2870 promulgatio,
1538 2805 1620 2873 quae

264 2886 408 2944 anostra
437 2877 539 2944 studia
568 2878 737 2966 impediret
764 2887 795 2944 et
815 2879 935 2945 animos
957 2901 975 2944 a
997 2879 1120 2944 minore
1141 2900 1217 2943 cura
1238 2877 1277 2943 ad
1298 2900 1453 2944 summum
1474 2881 1618 2945 timorem

297 2972 488 3038 traduceret.
532 2971 594 3038 Sed
615 2973 763 3038 tamenin
776 2972 930 3038 eiusmodi
945 2971 1182 3059 perturbatione
1195 2993 1303 3037 rerum
1316 2994 1503 3060 quamquam
1515 2972 1619 3039 omnia

200 3082 203 3092 ’
301 3075 372 3132 suut
393 3066 574 3142 metuenda,
597 3066 674 3132 nibil
695 3067 794 3151 magis
815 3088 908 3153 quam
930 3066 1094 3153 perfidiam
1115 3066 1277 3131 timemus:
1300 3075 1331 3130 et
1352 3067 1461 3132 Catoni
1482 3065 1618 3153 qaudam

301 3181 429 3246 quoquo
451 3159 547 3225 modo
568 3181 602 3224 se
623 3181 675 3226 res
697 3159 803 3236 babet,
836 3159 979 3246 prolecto
1000 3161 1191 3226 resistemus.
1234 3165 1263 3225 3.
1285 3165 1332 3225 De
1353 3159 1562 3226 Alexandrina
1583 3181 1619 3224 re

301 3274 456 3338 causaque
477 3253 566 3338 regia
587 3261 705 3321 tantum
726 3253 828 3320 babeo
851 3254 1010 3340 polliceri,
1038 3275 1088 3318 me
1110 3253 1167 3319 tibi
1188 3251 1309 3320 absenti
1329 3253 1452 3340 tuisque
1473 3274 1620 3339 praesen-

242 3345 245 3352 ’
267 3347 387 3412 antibus
409 3348 563 3413 cumulate
585 3347 824 3413 satisfacturum.
867 3345 930 3414 Sed
951 3369 1079 3422 vereor,
1102 3369 1142 3413 ne
1163 3358 1216 3412 aut
1234 3346 1385 3433 eripiatur
1402 3345 1505 3430 [causa
1520 3343 1618 3431 regia]

304 3440 396 3506 nobis
418 3448 471 3505 aut
492 3439 671 3519 deseratur;
708 3461 844 3527 quorum
869 3450 974 3506 utrum
1001 3442 1105 3506 minus
1132 3442 1241 3516 velim,
1275 3463 1338 3506 non
1369 3440 1459 3505 facile
1491 3461 1619 3526 possum

302 3534 493 3600 existimare.
536 3532 615 3608 Sed,
638 3533 665 3598 si
686 3553 737 3599 res
759 3543 865 3617 coget,
888 3543 935 3600 est
956 3534 1103 3620 quiddam
1124 3535 1268 3609 tertium,
1291 3534 1375 3622 quod
1390 3555 1491 3620 neque
1506 3532 1620 3599 Selicio

300 3649 359 3693 nec
380 3627 456 3692 mibi
477 3626 674 3715 displicebat:
703 3635 738 3693 ut
759 3649 861 3714 neque
882 3628 985 3693 iacere
1006 3649 1114 3714 regem
1136 3637 1316 3715 pateremur
1336 3649 1393 3693 nec
1414 3625 1505 3693 nobis
1527 3648 1621 3713 repu-

301 3719 465 3806 gnantibus
487 3720 620 3786 adeum
642 3720 775 3796 deferri,
804 3721 842 3786 ad
870 3744 963 3810 quem
984 3742 1083 3808 prope
1104 3722 1166 3787 iam
1188 3721 1324 3788 delatum
1346 3722 1551 3787 existimatur.
1594 3727 1620 3786 d

263 3813 392 3886 asnobis
414 3823 545 3899 agentur
567 3815 672 3880 omnia
693 3814 875 3901 diligenter,
902 3825 937 3882 ut
958 3838 1077 3903 neque,
1100 3816 1127 3882 si
1149 3816 1224 3904 quid
1246 3815 1382 3882 obtineri
1403 3816 1533 3902 poterit,
1556 3837 1619 3881 non

301 3909 540 3984 contendamus,
572 3930 646 3984 nec,
676 3909 704 3974 si
733 3909 810 3996 quid
838 3931 901 3975 non
932 3908 1180 3986 obtinuerimus,
1216 3910 1335 3997 repulsi
1357 3932 1424 3976 esse
1446 3909 1619 3974 videamur.

300 4007 331 4069 1.
364 4008 449 4068 Tuae
478 4003 647 4090 sapientiae
679 4003 962 4091 magnitudinisque
992 4005 1086 4069 animi
1120 4013 1167 4069 est
1183 3993 1312 4082 bmnem
1334 4002 1569 4091 amplitudinem
1590 4012 1621 4066 et

160 4083 185 4190 3
300 4096 482 4184 dignitatem
509 4107 594 4161 tuam
615 4097 648 4162 in
669 4087 905 4187 virtute)atquo
927 4097 960 4163 in
981 4096 1076 4162 rebus
1098 4099 1193 4183 gestis
1216 4098 1278 4182 tuis
1298 4107 1390 4185 atque
1411 4097 1444 4162 in
1471 4106 1524 4182 tua
1551 4117 1620 4182 gra-

164 4199 230 4270 .ss
301 4190 550 4277 vitatetpositam
573 4191 773 4288 existimare)
804 4190 829 4255 si
852 4190 927 4277 quid
949 4191 1050 4256 exiis
1080 4189 1191 4266 rebus,
1226 4214 1302 4277 quas
1325 4189 1381 4256 tibi
1407 4190 1533 4256 fortuna
1559 4191 1620 4256 lar-

263 4287 364 4370 rogita
384 4294 447 4358 cst,
470 4283 692 4349 nonnullorum
711 4283 874 4350 bominum
893 4284 1023 4371 perfidia
1041 4284 1227 4360 detraxerit,
1250 4285 1283 4351 id
1303 4285 1417 4351 maiori
1437 4285 1498 4350 illis
1518 4281 1620 4349 fraudi

369 4506 396 4556 S.
416 4503 666 4554 lamentamur:
686 4504 875 4554 Alexandriam
887 4505 918 4554 Ε.
939 4529 969 4540 -
1000 4505 1026 4555 il.
1053 4507 1098 4568 qai
1111 4506 1149 4556 Μ.
1171 4529 1201 4540 -
1236 4506 1263 4555 d.
1287 4507 1353 4556 sotis
1370 4505 1435 4555 mibi
1452 4506 1620 4568 prooimma

300 4576 380 4626 codd.
400 4574 656 4638 tirampni-Lagona:
674 4577 741 4624 rotis
758 4578 927 4637 improvisum
945 4575 986 4638 Μ,
1005 4577 1072 4625 cotia
1088 4577 1224 4638 provisum
1242 4575 1273 4626 Ε.
1295 4599 1324 4610 -
1366 4577 1393 4625 7.
1412 4583 1459 4624 out
1477 4576 1557 4624 ettam
1574 4573 1618 4624 bi:

300 4655 347 4695 out
365 4647 421 4694 iam
439 4645 470 4694 Ε.
491 4668 521 4679 -
556 4652 662 4706 possent
687 4643 725 4694 Μ.
746 4667 778 4679 -·
815 4646 857 4694 to.
883 4649 1034 4694 oteritoram
1053 4651 1157 4694 tuorum
1182 4646 1227 4695 iil:
1249 4652 1353 4695 tuorum
1372 4647 1524 4694 inertiorem
1542 4645 1572 4694 Ε.
1589 4667 1619 4679 -

302 4715 345 4764 13.
372 4710 409 4775 vi]
428 4720 457 4762 ut
475 4714 513 4764 Μ.
538 4739 565 4750 -
604 4715 648 4764 2⁶2.
668 4715 697 4763 ιἰι
713 4727 797 4763 mcum
814 4713 923 4765 satutem
949 4716 1060 4766 Codices
1086 4715 1174 4765 motti.
1211 4714 1266 4767 Cir.
1287 4716 1366 4766 fland
1385 4713 1502 4764 Turseli.
1522 4715 1570 4763 ut.
1592 4727 1618 4776 p.

302 4785 363 4834 ³15.
385 4809 413 4820 -·
434 4784 478 4833 Sd.
497 4785 622 4833 eiusmodi
640 4785 685 4835 bl:
704 4785 850 4833 huiusmodi
864 4786 893 4834 u.
914 4810 944 4821 -
964 4787 1008 4836 28.
1028 4786 1104 4836 babet
1116 4787 1144 4836 Μ
1155 4801 1162 4836 ι
1182 4786 1274 4836 babent
1298 4787 1327 4836 u.
1343 4813 1371 4822 —
1401 4787 1546 4835 resistemus
1558 4784 1619 4833 cod.

301 4853 440 4904 cizensis:
460 4854 603 4903 resiatimor
621 4853 681 4905 ΜΕ.
705 4877 735 4888 -
766 4854 809 4904 30.
829 4857 960 4917 eripiatur
977 4871 1056 4906 cotun
1073 4857 1146 4920 regio
1163 4857 1237 4906 nobis
1255 4858 1299 4907 bi:
1320 4857 1449 4918 eripiatur
1466 4855 1541 4904 nobis
1558 4868 1619 4903 oum

302 4923 423 4975 bisuntio
437 4921 467 4972 Ε.
484 4945 511 4958 ·-
532 4923 576 4973 33.
596 4921 690 4988 repam]
710 4937 764 4973 rem
775 4925 1026 4986 Mariani-baanna.
1050 4949 1079 4962 -
1111 4926 1154 4975 31.
1174 4927 1275 4978 deictus
1294 4927 1348 4976 lai.
1363 4928 1395 4975 Α.
1416 4925 1618 4987 bentivoglina,

301 4995 392 5046 dotato
410 4991 550 5042 Goellerb.
570 4999 691 5056 quartus.
710 5019 743 5031 -
781 4997 825 5046 ³5.
845 5004 873 5046 ut
892 5010 972 5059 neque
990 4997 1035 5048 bl:
1054 5005 1082 5048 at
1101 5009 1146 5047 trec
1166 4997 1196 5047 Ε.
1219 5021 1245 5032 ··
1267 4997 1311 5048 39.
1330 4992 1374 5059 iis]
1394 4997 1433 5046 tis
1445 4995 1482 5046 Μ.
