3656 5868
288 418 331 490 d!
724 413 1000 491 uelsroutttutt
1021 427 1072 491 tl)
1094 415 1185 491 lidbl.

286 577 411 666 publica
432 601 496 646 non
517 581 621 666 possis
642 577 719 657 imi,
742 579 869 648 stultum
901 591 949 648 est
985 581 1068 648 nolle
1091 582 1222 668 privata.
1266 585 1365 670 Caput
1385 583 1463 651 illud
1484 593 1546 662 est,
1568 595 1614 664 ut,

285 673 312 740 si
333 674 392 741 ista
413 674 478 741 vita
500 674 556 740 tibi
578 673 776 743 commodior
794 695 863 742 esse
878 675 1036 753 videatur,
1058 676 1257 762 cogitandum
1265 689 1373 744 ‘umen
1385 678 1440 754 sit,
1463 701 1502 744 ne
1516 679 1615 746 tutior

285 789 349 836 uon
371 768 421 836 sit
462 773 577 854 llagna
597 768 774 855 gladiorum
795 783 843 838 est
862 770 1003 846 licentia,
1026 770 1081 838 scd
1104 769 1135 837 in
1157 771 1296 838 externis
1310 772 1388 838 locis
1401 773 1506 840 minor
1520 773 1614 840 etiam

170 923 175 939 ,
284 860 325 928 ad
345 859 466 930 faunus
498 863 698 930 verecundia.
741 863 817 930 Mihi
850 864 935 932 salus
964 873 1016 930 tua
1046 875 1148 932 mutae
1171 885 1266 930 curae
1288 873 1356 942 est,
1392 875 1427 932 ut
1448 867 1613 946 llarcello,

160 960 168 1025 ξ
260 952 376 1048 siraffi
397 964 469 1030 tuo,
492 968 545 1024 aut
564 978 623 1044 par
643 967 698 1026 aut
717 967 804 1024 certe
825 960 991 1045 proximus
1012 958 1083 1026 sim.
1126 963 1229 1026 Tuum
1246 968 1294 1026 est
1308 960 1473 1030 consulere
1493 969 1612 1050 tempo·

207 1104 213 1114 .
284 1047 374 1118 ribus
396 1058 428 1118 et
447 1050 655 1120 incolumitati
676 1060 709 1118 et
729 1051 812 1118 vitae
833 1061 866 1118 et
886 1051 1022 1118 lormnis
1043 1053 1117 1138 tuis.

772 1173 1128 1257 umucmp

728 1286 872 1354 CICERO
893 1286 1109 1353 MARCELLO
1131 1287 1163 1352 S.

372 1392 402 1455 1.
422 1388 489 1454 Etsi
511 1387 587 1454 nibil
610 1396 677 1454 erat
698 1389 784 1465 novi,
805 1386 891 1477 quod
913 1387 953 1453 ad
974 1397 1005 1454 te
1026 1387 1209 1465 scriberem,
1232 1389 1393 1479 magisque
1409 1389 1528 1460 litteras
1544 1401 1612 1459 tuas

249 1480 347 1550 iciam
369 1490 553 1569 exspectare
575 1481 762 1570 incipiebam
783 1483 835 1548 vel
857 1494 887 1549 te
908 1482 1013 1568 potius
1035 1483 1159 1569 ipsum,
1182 1493 1301 1557 tamen,
1323 1497 1394 1550 cum
1417 1485 1611 1576 Theophilus

282 1573 552 1664 proficisceretur,
576 1596 637 1642 non
659 1576 748 1664 potui
770 1575 847 1642 nihil
869 1576 899 1642 ei
915 1574 1090 1642 litterarum
1106 1575 1192 1642 dare.
1236 1581 1318 1644 Cura
1332 1578 1445 1663 igitur,
1467 1588 1609 1667 utquam

283 1669 420 1758 primum
440 1669 565 1746 veniam
587 1671 695 1736 venies
717 1670 821 1744 onim,
844 1669 920 1735 mibi
942 1669 1053 1746 crede,
1076 1679 1288 1756 exspectatus,
1311 1692 1414 1759 neque
1436 1673 1538 1739 solum
1553 1694 1610 1738 no·

282 1759 348 1840 bis,
374 1763 408 1830 id
430 1772 502 1838 est,
530 1765 612 1839 tuis,
645 1763 702 1830 sed
723 1785 855 1851 prorsus
887 1762 1045 1830 omnibus.
1099 1764 1192 1830 Venit
1213 1763 1297 1830 enim
1319 1765 1396 1832 mibi
1419 1766 1451 1832 in
1475 1775 1612 1832 mentem

282 1857 448 1925 subvereri
467 1856 640 1932 interdum,
671 1880 711 1924 ne
739 1866 769 1924 te
793 1857 926 1925 delectet
954 1856 1043 1923 tarda
1072 1855 1223 1925 decessio.
1287 1863 1317 1924 2.
1349 1860 1470 1939 Quodsi
1491 1859 1611 1927 nullum

247 1951 414 2020 rehaberes
441 1973 569 2020 sensum
599 1951 661 2019 nisi
690 1952 873 2028 oculorum,
910 1973 1042 2039 prorsus
1071 1949 1128 2018 tibi
1155 1951 1371 2039 ignoscerem,
1408 1953 1436 2019 si
1457 1954 1610 2042 quosdam

281 2045 380 2114 nolles
399 2047 529 2125 viderc3
550 2045 626 2123 sed,
649 2067 720 2112 cum
734 2045 854 2113 leviora
870 2068 933 2113 non
948 2046 1045 2112 multo
1065 2054 1182 2120 essent,
1206 2067 1286 2133 qnae
1301 2045 1494 2123 audiremur,
1516 2069 1610 2136 mm

280 2160 361 2228 qnae
382 2141 582 2216 viderentur,
616 2140 796 2226 suspicarer
824 2149 928 2206 autern
950 2139 1083 2206 multum
1111 2137 1263 2206 interesse
1284 2141 1333 2206 rei
1354 2140 1516 2207 familiaris
1537 2150 1613 2208 tuae·

280 2241 311 2300 te
332 2255 426 2322 mam
442 2231 578 2322 primum
594 2232 721 2309 venire,
743 2243 837 2322 atque
852 2232 885 2298 id
899 2234 931 2298 in
947 2253 1056 2299 omnes
1071 2241 1176 2319 partes
1191 2234 1325 2310 valeret,
1346 2235 1454 2321 putavi
1468 2256 1505 2301 ea
1521 2235 1560 2301 de
1573 2255 1613 2300 re

279 2336 310 2394 te
332 2347 401 2392 esse
424 2326 665 2394 admonendum.
710 2325 789 2403 Sed,
812 2326 977 2414 quoniam,
999 2326 1075 2416 quid
1098 2325 1173 2392 mibi
1195 2328 1349 2414 placeret,
1373 2328 1515 2406 ostendi,
1536 2329 1612 2395 reli·

242 2441 342 2508 aqua
362 2427 398 2486 tu
418 2440 478 2507 pro
500 2429 554 2487 tua
574 2420 739 2510 prudentia
761 2418 987 2487 considerabis.
1030 2425 1081 2486 lle
1103 2427 1207 2486 tamen
1231 2421 1339 2497 velim,
1362 2422 1449 2509 quod
1470 2422 1510 2490 ad
1532 2432 1610 2490 tem-

279 2532 339 2601 pos
360 2523 391 2580 te
412 2523 646 2602 exspectemus,
668 2513 838 2581 certiorem
859 2513 968 2580 iacias.

761 2600 1133 2714 mmumw

699 2743 932 2808 MARCELLUS
956 2740 1142 2808 CICERONI
1163 2741 1195 2806 S.

366 2844 395 2909 1.
423 2840 597 2909 Plurimum
624 2841 758 2910 valuisse
785 2842 867 2930 apud
897 2862 947 2906 me
977 2851 1062 2908 tuam
1094 2863 1220 2929 semper
1245 2841 1461 2916 auctoritatem
1483 2865 1554 2912 cum
1575 2844 1609 2912 iu

240 2935 364 3006 asomni
394 2957 432 3002 re
459 2945 526 3001 tum
554 2933 587 3000 in
616 2934 676 3002 boc
705 2937 841 3003 maxime
867 2935 996 3022 negotio
1031 2945 1120 3022 potes
1142 2935 1333 3004 existimare.
1377 2941 1454 3004 Cum
1476 2937 1553 3004 mihi
1574 2942 1608 3008 C.

276 3030 459 3106 Marcellus,
480 3029 579 3096 irater
600 3030 830 3098 amantissimus
848 3030 929 3106 mei,
953 3050 1016 3096 non
1030 3029 1133 3097 solum
1149 3029 1315 3096 consilium
1335 3029 1441 3107 daret,
1464 3030 1522 3098 sed
1535 3053 1607 3119 pre·

277 3123 366 3192 cibus
386 3144 515 3212 quoqne
537 3143 588 3189 me
609 3122 810 3200 obsecraret,
844 3146 907 3191 non
929 3123 1018 3212 prius
1050 3123 1126 3190 mibi
1149 3124 1341 3209 persuadere
1362 3125 1479 3212 potuit,
1513 3148 1607 3214 quam

276 3217 338 3284 tuis
369 3224 417 3284 est
448 3217 595 3284 effectum
621 3217 751 3294 litteris,
784 3229 820 3286 ut
849 3228 958 3284 uterer
984 3226 1092 3284 vestro
1119 3216 1316 3304 potissimum
1345 3218 1487 3286 consilio.
1546 3223 1607 3286 Res

276 3307 540 3396 quemadmodum
563 3310 604 3376 sit
624 3321 707 3387 acta,
744 3319 867 3380 vestrae
889 3311 1011 3378 litterae
1034 3309 1115 3376 mibi
1136 3311 1303 3380 declarant.
1362 3313 1533 3380 Gratulatio
1555 3324 1607 3380 tua

239 3404 336 3474 nocui
356 3411 405 3470 est
425 3404 502 3470 mibi
521 3402 760 3491 probatissima,
796 3403 881 3494 quod
904 3404 943 3472 ab
966 3407 1085 3492 optimo
1108 3404 1143 3470 lit
1163 3403 1289 3481 auimo,
1322 3413 1428 3472 tamen
1449 3406 1509 3474 boc
1530 3406 1607 3473 mibi

275 3498 376 3566 multo
389 3496 556 3564 iucundius
571 3505 618 3564 ost
632 3506 663 3563 et
677 3499 813 3584 matius,
836 3499 921 3586 quod
943 3499 976 3565 in
998 3521 1119 3566 summa
1140 3499 1294 3584 paucitate
1317 3499 1509 3576 amicorum,
1531 3522 1605 3587 pro·

275 3591 467 3680 pinqnorum
489 3613 525 3658 ac
546 3594 817 3668 necessariorum,
840 3595 893 3680 qui
916 3616 991 3662 vere
1012 3615 1101 3660 meae
1116 3592 1208 3659 saluti
1228 3593 1394 3672 laterent,
1418 3603 1447 3660 te
1470 3593 1607 3681 cupidis-

274 3684 388 3750 simum
399 3685 460 3752 mei
475 3685 733 3776 sirsgularemqne
748 3687 825 3754 mibi
842 3687 1093 3756 benevolentiam
1109 3687 1299 3774 praestitisse
1314 3687 1457 3774 cognovi.
1493 3691 1523 3752 2.
1546 3693 1604 3756 ltc-

273 3778 359 3866 liqua
373 3789 445 3845 srurt
466 3779 639 3855 eiusmodi,
662 3779 778 3868 quibus
799 3802 878 3868 ego,
902 3781 1051 3869 qnoniam
1074 3781 1150 3850 baec
1173 3789 1262 3848 erant
1283 3789 1440 3868 tempora,
1462 3780 1553 3846 lacile
1575 3788 1606 3848 et

237 3893 376 3959 ssacqw
397 3873 504 3940 animo
536 3872 701 3953 carebam,
734 3875 795 3942 boc
816 3897 894 3942 vero
918 3875 1073 3942 eiusmodi
1103 3897 1173 3942 esse
1194 3885 1316 3952 statuo,
1353 3886 1387 3942 ut
1409 3875 1475 3940 sine
1497 3873 1605 3940 talium

275 3967 418 4034 virorum
454 3979 485 4036 et
515 3967 687 4038 amicorum
716 3967 935 4036 benevolentia
958 3991 1060 4057 neque
1083 3969 1116 4036 in
1137 3968 1270 4036 adversa
1290 3990 1393 4057 neque
1415 3970 1447 4038 in
1469 3969 1604 4036 secunda

273 4060 402 4127 lortuna
424 4061 589 4150 qttisquam
612 4063 719 4129 vivere
741 4063 850 4150 possit
893 4067 1002 4150 ltaque
1031 4063 1063 4130 in
1087 4063 1147 4130 boc
1172 4083 1232 4148 ego
1257 4062 1333 4130 mibi
1361 4064 1513 4148 gratulor.
1557 4069 1604 4132 Tu

273 4175 352 4224 sero
363 4163 399 4224 ut
415 4155 570 4244 intelliges
582 4156 703 4224 bomini
722 4156 911 4224 amicissimo
929 4165 960 4224 tc
976 4155 1122 4226 tribuisse
1139 4157 1289 4235 officium,
1299 4177 1336 4222 re
1351 4156 1406 4226 tibi
1427 4155 1603 4244 praestabo.

237 4395 266 4440 ⁴⁰
691 4384 855 4449 SERVIUS
878 4382 1064 4448 ClCERONl
1086 4385 1117 4449 S.
1139 4385 1177 4446 D.

360 4487 388 4551 t.
410 4483 476 4551 Etsi
498 4484 563 4550 scio
584 4505 648 4552 non
670 4484 928 4552 iucundissimum
950 4505 1000 4549 me
1015 4485 1159 4550 nuntium
1174 4482 1263 4550 vobis
1279 4483 1465 4559 allaturum,
1487 4491 1601 4558 tamen,

273 4579 421 4666 quoniam
436 4599 526 4646 casus
542 4587 573 4646 et
593 4588 705 4646 natura
727 4579 759 4644 in
781 4577 872 4644 nobis
895 4577 1095 4653 dominatur,
1118 4577 1220 4646 visum
1242 4586 1290 4644 est
1310 4573 1502 4653 iaciendum,
1524 4597 1602 4664 quo·

344 4742 369 4792 1.
388 4743 515 4805 stultum,
541 4743 610 4794 nolle
628 4743 651 4793 l.
671 4742 709 4793 ll.
730 4743 935 4808 Heusingerus,
955 4743 1043 4802 stulti,
1074 4742 1143 4792 nolte
1161 4741 1410 4808 ldartyni-Lnguna.
1432 4765 1461 4778 -
1480 4740 1548 4790 tllud
1564 4748 1601 4792 eat

273 4809 316 4862 ll:
336 4818 373 4861 stt
389 4811 456 4863 lllod
473 4814 504 4864 ll.
525 4838 557 4850 -
587 4812 614 4864 1.
634 4821 693 4865 erat
711 4825 767 4864 om.
786 4813 824 4864 bl.
851 4839 880 4850 -
907 4813 951 4864 18.
971 4820 1049 4878 etque
1067 4813 1095 4864 td
1112 4811 1142 4861 io
1160 4811 1295 4863 Orettins:
1322 4819 1401 4877 otqss
1417 4811 1447 4860 ta
1464 4809 1506 4872 ll,
1524 4812 1602 4876 ldpau

272 4882 301 4930 tn
320 4877 373 4932 vtt.
392 4907 427 4916 -
445 4883 488 4934 11.
507 4881 577 4948 quod
594 4881 632 4936 bl.
648 4906 679 4918 -
697 4882 742 4934 11.
763 4883 908 4934 Plurimum
927 4897 967 4948 pr.
986 4883 1025 4936 ld.
1047 4906 1077 4919 -
1105 4881 1150 4933 25.
1169 4883 1233 4932 mot
1251 4881 1339 4933 consul
1356 4881 1497 4935 tremum
1516 4882 1552 4930 bl.
1569 4903 1600 4916 ·-

271 4951 315 5002 11).
335 4951 464 5002 Ciceronis
480 4953 600 5016 pluribus
615 4953 699 5004 verbu
717 4955 765 5004 etat
782 4953 830 5013 bl,
851 4955 877 5003 tn
898 4955 997 5018 quibos
1018 4953 1103 5004 latere
1117 4953 1239 5002 ridetur:
1258 4952 1285 5004 S.
1306 4952 1340 5002 l).
1362 4977 1391 4988 -
1412 4951 1439 5001 S.
1464 4953 1493 5000 ν.
1514 4951 1545 5000 B.
1566 4949 1599 5000 E.

277 5019 304 5071 7.
324 5017 375 5073 Oa.
396 5045 427 5058 -
447 5023 491 5072 tt.
509 5037 550 5073 me
566 5027 687 5074 nuntium
707 5023 750 5076 bl:
768 5025 890 5074 nuntium
909 5039 947 5073 me
968 5023 997 5073 tt.
1021 5049 1049 5060 -
1072 5024 1115 5073 ta.
1135 5022 1248 5088 cuturn]
1265 5025 1377 5088 [ortano
1396 5035 1451 5083 mg.
1473 5021 1598 5084 ltepatttt.

273 5090 367 5142 lamb.
389 5115 420 5126 -
439 5091 524 5156 ποὺίιΙ
543 5092 618 5142 tono
638 5095 673 5146 bl.
