3662 5908
276 311 339 376 2³2
706 308 980 378 EPISTOLARUM
1000 310 1053 375 ab
1075 311 1166 376 FAM-

322 477 391 544 'bus
412 475 441 542 si
462 469 539 537 mibi
559 469 643 536 uulla
665 489 758 535 causa
779 466 1003 546 intercederet,
1025 475 1142 544 tamam
1164 465 1251 554 quod
1271 474 1303 534 te
1322 465 1597 536 vehementissima

277 499 374 648 bllgo
395 555 544 652 quodque
565 585 616 630 me
638 586 656 629 a
678 573 708 628 te
728 563 857 649 plurimi
879 561 948 630 lieri
969 567 1086 639 sentio,
1108 571 1140 628 et
1161 583 1323 629 monerem
1344 573 1375 628 te
1389 576 1421 629 et
1434 563 1596 640 hortarer,

277 666 312 725 nt
332 673 443 726 corum
464 659 598 726 lo'rtunis
619 657 816 731 consuleres,
838 656 1023 744 praesertim
1044 678 1115 723 cum
1137 677 1236 743 prope
1257 657 1457 745 praecipuam
1470 679 1597 724 causam

277 751 428 820 baberent
448 753 487 822 ad
508 754 558 819 ius
579 750 800 819 obtinendum:
822 752 958 838 primum
980 751 1065 838 quod
1086 750 1203 817 Sullani
1224 751 1374 838 temporis
1394 752 1597 819 acerbitatem

255 845 410 912 *deorum
431 846 653 914 immortalium
673 843 863 929 benignitate
890 846 1160 931 subterlugernnt;
1196 844 1329 921 deinde,
1365 845 1451 932 quod
1472 866 1596 912 summo

277 942 382 1010 studio
413 942 521 1029 populi
551 939 682 1008 Romani
718 961 736 1006 a
767 959 818 1004 me
846 940 879 1005 in
912 939 1075 1007 consulatu
1105 959 1177 1006 meo
1199 939 1319 1006 defensi
1340 950 1421 1008 sunt
1464 945 1495 1007 2.
1517 945 1596 1008 Cum

278 1037 361 1102 euim
395 1035 512 1104 tribuni
541 1037 583 1122 pl.
615 1036 715 1120 legem
744 1033 969 1120 iniquissimam
996 1035 1036 1100 de
1058 1055 1169 1101 eorum
1190 1035 1274 1120 agris
1294 1035 1595 1122 promulgavisscnt,

277 1129 368 1196 facile
389 1129 508 1196 senatui
530 1129 711 1216 populoque
732 1133 872 1194 Romano
893 1129 1049 1215 persuasi,
1078 1139 1113 1195 nt
1133 1148 1189 1194 eos
1209 1129 1309 1204 cives,
1332 1127 1448 1216 quibus
1469 1128 1595 1196 fortuna

277 1225 480 1310 pepercisset,
502 1223 604 1288 salvos
627 1243 695 1288 esse
717 1221 840 1286 vellent
894 1227 981 1288 Hanc
1001 1222 1155 1288 actionem
1175 1242 1277 1288 meam
1300 1225 1333 1291 C.
1356 1227 1471 1288 Caesar
1490 1223 1595 1310 primo

244 1338 337 1383 iosuo
358 1317 520 1383 consulatu
540 1317 609 1402 lego
630 1315 752 1401 agraria
774 1315 991 1402 comprobavit
1011 1337 1184 1404 agrumque
1205 1317 1445 1385 Volaterranum
1460 1328 1491 1384 et
1504 1319 1595 1405 oppi-

278 1410 353 1476 dum
382 1412 467 1477 omni
495 1411 635 1498 periculo
665 1411 697 1476 in
729 1418 916 1497 perpetuum
944 1411 1103 1486 liberavit,
1135 1419 1170 1477 ut
1196 1409 1273 1476 mibi
1298 1408 1429 1478 dubium
1450 1415 1594 1490 nonsit,

279 1506 354 1592 quin
377 1505 419 1581 is,
442 1505 496 1593 qni
518 1527 614 1572 novas
637 1505 881 1572 necessitudines
907 1507 1068 1592 adiungat,
1091 1515 1198 1572 vetera
1218 1525 1275 1571 sua
1297 1502 1447 1570 beneficia
1469 1525 1597 1572 consen

278 1599 346 1666 vari
367 1599 451 1666 velit.
494 1597 707 1679 Quamobrem
729 1608 777 1665 est
802 1607 873 1666 tuac
894 1599 1077 1687 prudentiae
1103 1608 1156 1665 aut
1176 1599 1266 1686 sequi
1288 1603 1355 1666 cius
1369 1599 1595 1675 anctoritatem,

278 1699 365 1760 cuins
387 1703 500 1760 sectam
523 1703 615 1781 atque
637 1693 806 1780 imperium
826 1715 945 1760 summa
976 1713 1046 1760 cum
1069 1705 1121 1760 tua
1142 1693 1290 1779 dignitate
1311 1702 1435 1759 secutus
1456 1715 1506 1769 es,
1542 1706 1596 1761 aut

245 1789 436 1855 scorteitti
463 1789 614 1874 integram
644 1808 768 1854 omnem
789 1809 915 1854 causam
935 1809 1108 1854 reservare.
1165 1786 1245 1855 Illud
1266 1807 1345 1852 vcro
1367 1784 1511 1855 dubitare
1532 1811 1595 1856 non

277 1881 389 1958 debes,
411 1885 487 1971 quin
509 1893 571 1948 mm
593 1903 704 1966 grave,
727 1892 789 1948 tam
811 1881 953 1958 firmum,
976 1891 1039 1948 tam
1057 1879 1222 1948 bonestum
1244 1881 1449 1967 municipium
1464 1885 1521 1951 tibi
1541 1894 1597 1950 tuo
1637 1903 1639 1908 ’

277 1999 400 2044 summo
423 1976 576 2044 beneficio
598 1977 630 2040 iu
654 1985 840 2063 perpetuum
860 1974 994 2062 obligari
1015 1975 1103 2042 velis.
1146 1979 1176 2042 3.
1198 1973 1260 2040 Sed
1281 1974 1376 2050 baec,
1398 1991 1479 2060 quae
1501 1988 1595 2055 supra

249 2121 252 2130 ,
277 2072 390 2159 scripta
412 2081 498 2148 suut,
521 2092 560 2138 eo
581 2079 740 2156 spectant,
761 2080 798 2136 ut
820 2079 850 2136 te
871 2069 981 2136 horter
1002 2079 1033 2136 et
1053 2069 1212 2136 suadeam.
1253 2067 1384 2154 Reliqua
1405 2074 1493 2140 sunt,
1516 2081 1596 2150 quae

278 2165 434 2251 pertinent
453 2163 492 2230 ad
513 2163 703 2250 rogandum,
736 2175 771 2231 ut
792 2185 855 2230 uon
875 2165 977 2232 solum
998 2174 1050 2230 tua
1072 2185 1164 2230 causa
1185 2161 1242 2228 tibi
1263 2161 1426 2228 consilium
1448 2179 1498 2225 me
1521 2158 1597 2224 dare

240 2268 384 2346 ttputcs,
407 2257 593 2334 sedetiam,
623 2256 708 2344 quod
729 2256 804 2323 mihi
827 2277 906 2343 opus
928 2257 982 2330 sit,
1004 2279 1055 2322 mc
1076 2279 1095 2322 a
1116 2268 1147 2323 te
1168 2267 1276 2344 petere
1299 2266 1329 2322 et
1350 2275 1475 2339 rogare.
1519 2255 1597 2318 Gra-

278 2353 429 2418 tissimum
456 2351 553 2436 igitur
585 2350 662 2417 mibi
697 2349 828 2427 feceris,
861 2351 888 2416 si
916 2350 1138 2417 Volaterranos
1167 2349 1313 2417 omnibus
1340 2347 1435 2414 rebus
1457 2347 1596 2432 integros

167 2513 170 2519 ,
276 2446 513 2533 incolumesque
535 2465 603 2511 esse
625 2444 774 2511 volueris.
827 2447 945 2508 Eorum
968 2463 1027 2528 ego
1049 2443 1222 2517 domicilia,
1253 2442 1358 2516 sedes,
1387 2462 1469 2516 rem,
1496 2438 1597 2505 lortn·

176 2605 184 2624 ‚
220 2553 224 2568 ·
278 2562 351 2617 uas,
380 2559 460 2627 quae
482 2548 513 2604 et
534 2560 552 2604 a
574 2538 633 2604 diis
654 2536 882 2603 immortalibus
912 2545 943 2601 et
968 2558 987 2601 a
1007 2536 1279 2622 praestantissimis
1300 2536 1332 2602 in
1353 2545 1460 2602 nostra
1481 2553 1517 2598 rc
1538 2552 1597 2618 pu-

278 2632 357 2700 blica
379 2630 498 2699 civibus
519 2653 642 2700 summo
663 2639 789 2698 senatus
809 2630 982 2718 populique
1004 2631 1135 2698 Romani
1160 2631 1263 2698 studio
1285 2636 1487 2696 conservatae
1507 2635 1595 2701 suut,

240 2737 349 2794 ²⁵tuae
377 2725 463 2803 fidei,
500 2725 634 2792 iustitiae
663 2724 856 2812 bonitatique
885 2724 1081 2792 commendo.
1137 2729 1168 2791 d.
1198 2725 1231 2790 Si
1262 2745 1322 2811 pro
1350 2723 1429 2789 meis
1456 2721 1597 2809 pristinis

277 2819 390 2908 opibus
409 2820 586 2889 facultatem
609 2819 685 2884 mibi
713 2840 765 2885 res
787 2819 847 2884 boc
868 2827 1009 2905 tempore
1031 2818 1134 2894 daret,
1156 2827 1192 2884 ut
1211 2820 1255 2884 ita
1276 2816 1447 2883 defendere
1468 2833 1595 2903 possem

277 2915 515 2988 Volaterranos,
538 2903 802 3001 quemadmodum
824 2910 972 2978 consuevi
993 2912 1075 2978 tueri
1092 2934 1197 3005 meos,
1218 2912 1337 2978 nullum
1352 2909 1505 2986 officium,
1527 2907 1597 2974 nul·

277 3009 341 3076 lum
374 3008 508 3096 denique
530 3017 703 3084 certamen,
739 3009 772 3074 in
794 3028 857 3094 quo
878 3005 941 3072 illis
960 3006 1112 3094 prodesse
1133 3027 1273 3094 possem,
1301 3005 1595 3092 praetermitterem.

278 3102 340 3170 Sed
368 3103 516 3192 quoniam
548 3101 631 3189 apud
663 3110 693 3166 te
726 3100 824 3168 uibilo
857 3101 960 3167 minus
989 3100 1050 3167 boc
1082 3111 1224 3186 tempore
1255 3100 1361 3166 valere
1382 3121 1432 3164 me
1454 3095 1594 3171 confido,

241 3207 371 3286 ”quam
403 3197 555 3264 valuerim
591 3216 717 3282 semper
741 3195 823 3282 apud
852 3217 977 3272 omnes,
1013 3215 1072 3282 pro
1094 3205 1201 3261 nostra
1226 3215 1346 3262 summa
1369 3191 1595 3260 necessitudine

276 3290 408 3378 parique
429 3290 510 3356 inter
531 3311 588 3355 nos
610 3299 641 3354 et
662 3300 768 3356 mutua
790 3286 1007 3355 benevolentia
1027 3287 1083 3354 abs
1105 3297 1135 3353 te
1156 3298 1245 3375 peto,
1273 3297 1309 3354 ut
1328 3287 1373 3352 itu
1387 3287 1433 3354 'de
1455 3285 1596 3354 Volater-

277 3389 361 3452 ranis
382 3405 541 3457 merearc,
562 3393 598 3449 ut
619 3382 797 3450 existiment
818 3403 890 3447 eum
912 3381 1001 3470 quasi
1021 3381 1129 3448 divino
1152 3381 1282 3448 consilio
1297 3380 1348 3448 isti
1363 3380 1490 3466 negotio
1504 3399 1595 3467 prae·

159 3494 185 3586 ό
276 3476 413 3564 positum
435 3495 517 3552 esse,
546 3474 629 3562 apud
650 3497 744 3563 quem
765 3497 862 3542 uuum
890 3497 948 3543 nos
977 3496 1088 3542 eorum
1115 3474 1260 3562 perpetui
1287 3473 1470 3566 defessores
1497 3471 1595 3561 pluri·

277 3591 363 3638 mum
385 3569 488 3638 valere
508 3590 682 3657 possemus.

241 3727 269 3772 ³⁵
766 3739 796 3805 v.
839 3736 889 3823 (A.
914 3741 947 3804 ιι
968 3742 1000 3805 e.
1021 3738 1107 3823 τοι.)

542 3861 684 3927 CICERO
707 3863 738 3926 S.
759 3864 797 3925 Ι).
820 3860 859 3938 Q.
881 3862 1053 3928 VALERIO
1075 3864 1163 3928 LEG.
1186 3864 1324 3929 proult.

363 3978 391 4040 1.
426 3978 496 4038 Non
523 3972 654 4038 moleste
680 3971 751 4038 lero
778 3993 848 4037 eam
874 3972 1152 4048 necessitudinem,
1188 3994 1268 4061 quae
1295 3973 1373 4040 mibi
1404 3983 1508 4040 tecum
1529 3983 1593 4048 est,

277 4077 382 4135 notam
413 4087 481 4134 esse
510 4087 602 4153 quam
631 4065 790 4152 plurimis;
820 4087 923 4152 neque
950 4075 1053 4131 tamen
1079 4065 1121 4132 ob
1147 4087 1216 4132 eam
1244 4089 1368 4134 eausam
1391 4104 1431 4116 -
1453 4069 1539 4156 quod
1559 4077 1595 4135 tu

277 4162 395 4249 optime
416 4159 594 4226 existimare
615 4167 704 4245 potes
727 4191 766 4206 ·-
794 4169 824 4226 te
844 4159 1003 4246 impedio,
1026 4180 1090 4246 quo
1112 4165 1214 4227 minus
1235 4171 1412 4248 susceptum
1433 4162 1594 4248 negotium

238 4271 335 4343 topro
365 4266 417 4324 tua
440 4254 500 4324 lide
521 4261 552 4318 et
573 4252 732 4336 diligentia
760 4273 800 4320 ex
822 4253 981 4319 voluntate
1012 4253 1170 4330 Caesaris,
1206 4255 1260 4341 qui
1281 4254 1339 4320 tibi
1359 4275 1427 4320 rem
1449 4275 1594 4340 maguam

276 4349 496 4433 difficilemque
530 4347 700 4422 commisit,
729 4367 840 4432 gerere
872 4347 983 4433 possis.
1036 4351 1113 4412 Nam
1146 4369 1216 4414 cum
1245 4348 1333 4414 multi
1366 4371 1384 4414 a
1410 4369 1461 4414 me
1489 4357 1595 4436 petant

276 4443 388 4517 multa,
418 4439 503 4530 quod
525 4440 564 4506 de
586 4451 638 4506 tua
660 4461 735 4526 erga
757 4462 807 4506 me
828 4441 986 4506 voluntate
1007 4461 1070 4506 uon
1092 4439 1249 4516 dubitent,
1278 4463 1340 4508 non
1363 4442 1538 4517 committo,
1559 4450 1596 4508 ut

278 4535 446 4602 ambitione
467 4555 535 4600 mea
556 4534 739 4601 conturbem
761 4535 896 4601 officium
914 4543 1012 4602 tuum.
1055 4539 1085 4600 ὓ.
1108 4538 1141 4602 C.
1157 4537 1265 4602 Curtio
1286 4535 1325 4602 ab
1347 4536 1473 4604 ineunte
1494 4546 1594 4602 aetate

344 4746 371 4796 l.
391 4743 441 4809 tua]
461 4748 501 4795 tus
519 4759 593 4794 auum
612 4745 768 4796 Lambinus.
798 4767 828 4780 ··
864 4745 893 4795 o.
913 4745 976 4796 cum
993 4748 1060 4796 enim
1079 4746 1132 4796 Vbs
1154 4747 1216 4796 Cum
1234 4746 1294 4800 llll.
1314 4769 1347 4782 ·-
1382 4748 1425 4797 10.
1444 4747 1497 4812 tage
1514 4761 1593 4812 apro·

274 4815 317 4882 rtu
344 4815 401 4865 Vb:
429 4817 482 4881 tepa
510 4817 539 4865 iu
563 4817 675 4879 apruno
699 4813 741 4875 bl,
768 4815 798 4864 iu
827 4813 879 4879 lepa
906 4817 1017 4880 agraria
1049 4817 1077 4867 Ε.
1114 4817 1186 4868 Fort.
1213 4817 1265 4880 tege
1281 4817 1329 4866 illu
1347 4816 1539 4881 upruriu.01t.
1562 4840 1592 4853 -

275 4882 318 4935 18.
345 4892 369 4934 st
392 4885 440 4936 tibi
466 4886 590 4938 medeam
621 4884 778 4936 Lambtnua.
805 4909 835 4922 -
873 4885 917 4935 2³.
945 4886 1115 4949 quaeerit:
1140 4900 1206 4950 qaue
1224 4887 1254 4936 tt.
1275 4912 1303 4923 -
1342 4887 1386 4939 2⁹.
1406 4888 1530 4952 qnoniam
1547 4887 1591 4938 ll:

273 4953 378 5018 muodo
397 4955 427 5007 Ε.
449 4981 478 4996 -
516 4955 561 5006 30.
580 4955 652 5006 fort.
670 4955 744 5018 opud
761 4954 842 5005 bonos
860 4967 957 5006 omnes.
976 4955 1028 5008 Oa.
1050 4981 1079 4993 -
1116 4955 1161 5008 39.
1178 4957 1275 5020 impedi
1292 4955 1331 5010 bl.
