<?xml version="1.0" encoding="UTF-8"?>
<!DOCTYPE html PUBLIC "-//W3C//DTD XHTML 1.0 Transitional//EN"
    "http://www.w3.org/TR/xhtml1/DTD/xhtml1-transitional.dtd">
<html xmlns="http://www.w3.org/1999/xhtml" xml:lang="en" lang="en">
 <head>
  <title>
</title>
<meta http-equiv="Content-Type" content="text/html;charset=utf-8" />
  <meta name='ocr-system' content='tesseract 3.04.00' />
  <meta name='ocr-capabilities' content='ocr_page ocr_carea ocr_par ocr_line ocrx_word'/>
</head>
<body>
  <div class='ocr_page' id='page_1' title='image "./mtulliiciceroni06baitgoog_0060.png"; bbox 0 0 3666 5874; ppageno 0'>
   <div class='ocr_carea' id='block_1_1' title="bbox 1473 429 1514 480">
    <p class='ocr_par' dir='ltr' id='par_1_1' title="bbox 1473 429 1514 480">
     <span class='ocr_line' id='line_1_1' title="bbox 1473 429 1514 480; baseline 0 0"><span class='ocrx_word' id='word_1_1' title='bbox 1473 429 1514 480; x_wconf 72' lang='grc' dir='ltr'><strong>ΙΝ</strong></span> 
     </span>
    </p>
   </div>
   <div class='ocr_carea' id='block_1_2' title="bbox 203 569 1532 4405">
    <p class='ocr_par' dir='ltr' id='par_1_2' title="bbox 203 569 1522 868">
     <span class='ocr_line' id='line_1_2' title="bbox 203 569 1520 664; baseline 0.004 -22"><span class='ocrx_word' id='word_1_2' title='bbox 203 591 335 664; x_wconf 82' lang='lat' dir='ltr'><strong>peren,</strong></span> <span class='ocrx_word' id='word_1_3' title='bbox 356 569 490 661; x_wconf 89' lang='lat' dir='ltr'><strong>charta,</strong></span> <span class='ocrx_word' id='word_1_4' title='bbox 510 591 578 640; x_wconf 93' lang='lat' dir='ltr'><strong>non</strong></span> <span class='ocrx_word' id='word_1_5' title='bbox 599 570 795 642; x_wconf 87' lang='lat' dir='ltr'><strong>membranis</strong></span> <span class='ocrx_word' id='word_1_6' title='bbox 814 591 907 642; x_wconf 89' lang='lat' dir='ltr'><strong>usum</strong></span> <span class='ocrx_word' id='word_1_7' title='bbox 929 591 1013 644; x_wconf 88' lang='lat' dir='ltr'><strong>esse.</strong></span> <span class='ocrx_word' id='word_1_8' title='bbox 1055 569 1126 644; x_wconf 83' lang='lat' dir='ltr'><strong>Sed</strong></span> <span class='ocrx_word' id='word_1_9' title='bbox 1139 574 1223 646; x_wconf 87' lang='lat' dir='ltr'><strong>baec</strong></span> <span class='ocrx_word' id='word_1_10' title='bbox 1238 578 1343 646; x_wconf 90' lang='lat' dir='ltr'><strong>omnis</strong></span> <span class='ocrx_word' id='word_1_11' title='bbox 1358 577 1520 647; x_wconf 87' lang='lat' dir='ltr'><strong>dubitatio</strong></span> 
     </span>
     <span class='ocr_line' id='line_1_3' title="bbox 204 675 1522 770; baseline 0.004 -24"><span class='ocrx_word' id='word_1_12' title='bbox 204 680 336 747; x_wconf 89' lang='lat' dir='ltr'><strong>etiamsi</strong></span> <span class='ocrx_word' id='word_1_13' title='bbox 363 679 470 766; x_wconf 84' lang='lat' dir='ltr'><strong>ipsvm</strong></span> <span class='ocrx_word' id='word_1_14' title='bbox 496 675 642 746; x_wconf 80' lang='lat' dir='ltr'><strong>codicem</strong></span> <span class='ocrx_word' id='word_1_15' title='bbox 671 677 794 746; x_wconf 89' lang='lat' dir='ltr'><strong>diutius</strong></span> <span class='ocrx_word' id='word_1_16' title='bbox 820 679 968 748; x_wconf 87' lang='lat' dir='ltr'><strong>tractare</strong></span> <span class='ocrx_word' id='word_1_17' title='bbox 995 680 1093 748; x_wconf 89' lang='lat' dir='ltr'><strong>siicui</strong></span> <span class='ocrx_word' id='word_1_18' title='bbox 1124 681 1256 770; x_wconf 79' lang='lat' dir='ltr'><strong>liceret,</strong></span> <span class='ocrx_word' id='word_1_19' title='bbox 1292 683 1351 748; x_wconf 86' lang='lat' dir='ltr'><strong>vix</strong></span> <span class='ocrx_word' id='word_1_20' title='bbox 1378 701 1522 770; x_wconf 84' lang='lat' dir='ltr'><strong>unquam</strong></span> 
     </span>
     <span class='ocr_line' id='line_1_4' title="bbox 204 782 435 868; baseline -0.017 -18"><span class='ocrx_word' id='word_1_21' title='bbox 204 784 279 850; x_wconf 88' lang='lat' dir='ltr'><strong>iciii</strong></span> <span class='ocrx_word' id='word_1_22' title='bbox 301 782 435 868; x_wconf 85' lang='lat' dir='ltr'><strong>poterit.</strong></span> 
     </span>
    </p>

    <p class='ocr_par' dir='ltr' id='par_1_3' title="bbox 205 885 1532 3682">
     <span class='ocr_line' id='line_1_5' title="bbox 289 885 1523 982; baseline 0.005 -28"><span class='ocrx_word' id='word_1_23' title='bbox 289 886 359 954; x_wconf 87' lang='lat' dir='ltr'><strong>lam</strong></span> <span class='ocrx_word' id='word_1_24' title='bbox 387 903 471 952; x_wconf 91' lang='lat' dir='ltr'><strong>vero</strong></span> <span class='ocrx_word' id='word_1_25' title='bbox 499 885 738 973; x_wconf 71' lang='lat' dir='ltr'><strong>correctiones,</strong></span> <span class='ocrx_word' id='word_1_26' title='bbox 769 889 883 976; x_wconf 80' lang='lat' dir='ltr'><strong>utique</strong></span> <span class='ocrx_word' id='word_1_27' title='bbox 909 887 1059 958; x_wconf 84' lang='lat' dir='ltr'><strong>Victoria</strong></span> <span class='ocrx_word' id='word_1_28' title='bbox 1082 889 1154 975; x_wconf 86' lang='lat' dir='ltr'><strong>ipso</strong></span> <span class='ocrx_word' id='word_1_29' title='bbox 1176 890 1279 955; x_wconf 89' lang='lat' dir='ltr'><strong>multo</strong></span> <span class='ocrx_word' id='word_1_30' title='bbox 1302 890 1523 982; x_wconf 73' lang='lat' dir='ltr'><strong>antiquiores,</strong></span> 
     </span>
     <span class='ocr_line' id='line_1_6' title="bbox 205 988 1524 1081; baseline 0.005 -23"><span class='ocrx_word' id='word_1_31' title='bbox 205 1009 272 1081; x_wconf 75' lang='lat' dir='ltr'><strong>qua</strong></span> <span class='ocrx_word' id='word_1_32' title='bbox 294 988 336 1058; x_wconf 92' lang='lat' dir='ltr'><strong>de</strong></span> <span class='ocrx_word' id='word_1_33' title='bbox 356 1008 394 1056; x_wconf 92' lang='lat' dir='ltr'><strong>re</strong></span> <span class='ocrx_word' id='word_1_34' title='bbox 415 989 632 1058; x_wconf 85' lang='lat' dir='ltr'><strong>conterantur</strong></span> <span class='ocrx_word' id='word_1_35' title='bbox 652 1011 738 1079; x_wconf 80' lang='lat' dir='ltr'><strong>quae</strong></span> <span class='ocrx_word' id='word_1_36' title='bbox 758 994 874 1060; x_wconf 88' lang='lat' dir='ltr'><strong>notavi</strong></span> <span class='ocrx_word' id='word_1_37' title='bbox 896 991 938 1060; x_wconf 90' lang='lat' dir='ltr'><strong>ad</strong></span> <span class='ocrx_word' id='word_1_38' title='bbox 952 993 1057 1061; x_wconf 86' lang='lat' dir='ltr'><strong>Attic.</strong></span> <span class='ocrx_word' id='word_1_39' title='bbox 1073 992 1112 1073; x_wconf 84' lang='lat'><strong>8,</strong></span> <span class='ocrx_word' id='word_1_40' title='bbox 1135 990 1178 1079; x_wconf 78' lang='grc'><strong>3,</strong></span> <span class='ocrx_word' id='word_1_41' title='bbox 1201 991 1236 1059; x_wconf 81' lang='grc'><strong>3.</strong></span> <span class='ocrx_word' id='word_1_42' title='bbox 1257 989 1369 1076; x_wconf 85' lang='lat' dir='ltr'><strong>[Nota</strong></span> <span class='ocrx_word' id='word_1_43' title='bbox 1386 994 1446 1063; x_wconf 85' lang='lat'><strong>14.</strong></span> <span class='ocrx_word' id='word_1_44' title='bbox 1462 995 1524 1064; x_wconf 75' lang='lat' dir='ltr'><strong>bid.</strong></span> 
     </span>
     <span class='ocr_line' id='line_1_7' title="bbox 205 1084 1524 1185; baseline 0.006 -25"><span class='ocrx_word' id='word_1_45' title='bbox 205 1084 378 1183; x_wconf 79' lang='lat' dir='ltr'><strong>prioris),</strong></span> <span class='ocrx_word' id='word_1_46' title='bbox 416 1093 556 1181; x_wconf 88' lang='lat' dir='ltr'><strong>dupiicis</strong></span> <span class='ocrx_word' id='word_1_47' title='bbox 582 1099 661 1162; x_wconf 89' lang='lat' dir='ltr'><strong>aunt</strong></span> <span class='ocrx_word' id='word_1_48' title='bbox 685 1099 836 1185; x_wconf 71' lang='lat' dir='ltr'><strong>generis3</strong></span> <span class='ocrx_word' id='word_1_49' title='bbox 871 1098 957 1164; x_wconf 87' lang='lat' dir='ltr'><strong>aliae</strong></span> <span class='ocrx_word' id='word_1_50' title='bbox 979 1099 1227 1184; x_wconf 72' lang='lat' dir='ltr'><strong>superscriptae</strong></span> <span class='ocrx_word' id='word_1_51' title='bbox 1249 1099 1331 1182; x_wconf 88' lang='lat' dir='ltr'><strong>ipsis</strong></span> <span class='ocrx_word' id='word_1_52' title='bbox 1352 1097 1524 1168; x_wconf 82' lang='lat' dir='ltr'><strong>Ciceronis</strong></span> 
     </span>
     <span class='ocr_line' id='line_1_8' title="bbox 205 1199 1525 1289; baseline 0.002 -21"><span class='ocrx_word' id='word_1_53' title='bbox 205 1200 336 1287; x_wconf 85' lang='lat' dir='ltr'><strong>verbis,</strong></span> <span class='ocrx_word' id='word_1_54' title='bbox 357 1199 442 1266; x_wconf 87' lang='lat' dir='ltr'><strong>stiae</strong></span> <span class='ocrx_word' id='word_1_55' title='bbox 465 1201 499 1265; x_wconf 93' lang='lat' dir='ltr'><strong>in</strong></span> <span class='ocrx_word' id='word_1_56' title='bbox 520 1201 668 1289; x_wconf 75' lang='lat' dir='ltr'><strong>margine</strong></span> <span class='ocrx_word' id='word_1_57' title='bbox 689 1199 888 1285; x_wconf 80' lang='lat' dir='ltr'><strong>adscriptae.</strong></span> <span class='ocrx_word' id='word_1_58' title='bbox 929 1202 1003 1268; x_wconf 86' lang='lat' dir='ltr'><strong>Has</strong></span> <span class='ocrx_word' id='word_1_59' title='bbox 1024 1200 1153 1288; x_wconf 85' lang='lat' dir='ltr'><strong>quidem</strong></span> <span class='ocrx_word' id='word_1_60' title='bbox 1177 1220 1291 1268; x_wconf 88' lang='lat' dir='ltr'><strong>onnes</strong></span> <span class='ocrx_word' id='word_1_61' title='bbox 1312 1203 1525 1270; x_wconf 85' lang='lat' dir='ltr'><strong>coniecturae</strong></span> 
     </span>
     <span class='ocr_line' id='line_1_9' title="bbox 206 1300 1526 1394; baseline 0.003 -24"><span class='ocrx_word' id='word_1_62' title='bbox 206 1305 335 1389; x_wconf 90' lang='lat' dir='ltr'><strong>tribuo,</strong></span> <span class='ocrx_word' id='word_1_63' title='bbox 356 1305 391 1368; x_wconf 90' lang='lat' dir='ltr'><strong>et</strong></span> <span class='ocrx_word' id='word_1_64' title='bbox 412 1300 540 1388; x_wconf 88' lang='lat' dir='ltr'><strong>quidem</strong></span> <span class='ocrx_word' id='word_1_65' title='bbox 563 1305 754 1387; x_wconf 78' lang='lat' dir='ltr'><strong>pierumque</strong></span> <span class='ocrx_word' id='word_1_66' title='bbox 775 1305 926 1390; x_wconf 88' lang='lat' dir='ltr'><strong>ineptae,</strong></span> <span class='ocrx_word' id='word_1_67' title='bbox 947 1305 1085 1371; x_wconf 89' lang='lat' dir='ltr'><strong>maxime</strong></span> <span class='ocrx_word' id='word_1_68' title='bbox 1107 1306 1140 1369; x_wconf 89' lang='lat' dir='ltr'><strong>in</strong></span> <span class='ocrx_word' id='word_1_69' title='bbox 1164 1303 1320 1393; x_wconf 82' lang='lat' dir='ltr'><strong>Graecis3</strong></span> <span class='ocrx_word' id='word_1_70' title='bbox 1348 1323 1526 1394; x_wconf 80' lang='lat' dir='ltr'><strong>earumque</strong></span> 
     </span>
     <span class='ocr_line' id='line_1_10' title="bbox 206 1407 1526 1494; baseline 0.002 -21"><span class='ocrx_word' id='word_1_71' title='bbox 206 1407 331 1494; x_wconf 81' lang='lat' dir='ltr'><strong>dupiex</strong></span> <span class='ocrx_word' id='word_1_72' title='bbox 349 1407 478 1472; x_wconf 92' lang='lat' dir='ltr'><strong>omnino</strong></span> <span class='ocrx_word' id='word_1_73' title='bbox 500 1410 551 1472; x_wconf 88' lang='lat' dir='ltr'><strong>est</strong></span> <span class='ocrx_word' id='word_1_74' title='bbox 573 1409 675 1472; x_wconf 91' lang='lat' dir='ltr'><strong>ratio:</strong></span> <span class='ocrx_word' id='word_1_75' title='bbox 697 1409 817 1474; x_wconf 88' lang='lat' dir='ltr'><strong>etenim</strong></span> <span class='ocrx_word' id='word_1_76' title='bbox 839 1411 957 1494; x_wconf 90' lang='lat' dir='ltr'><strong>partim</strong></span> <span class='ocrx_word' id='word_1_77' title='bbox 978 1410 1105 1494; x_wconf 88' lang='lat' dir='ltr'><strong>petitae</strong></span> <span class='ocrx_word' id='word_1_78' title='bbox 1119 1413 1196 1474; x_wconf 88' lang='lat' dir='ltr'><strong>sunt</strong></span> <span class='ocrx_word' id='word_1_79' title='bbox 1213 1426 1232 1474; x_wconf 92' lang='lat' dir='ltr'><strong>e</strong></span> <span class='ocrx_word' id='word_1_80' title='bbox 1247 1408 1362 1476; x_wconf 88' lang='lat' dir='ltr'><strong>codice</strong></span> <span class='ocrx_word' id='word_1_81' title='bbox 1378 1413 1526 1494; x_wconf 88' lang='lat' dir='ltr'><strong>proxime</strong></span> 
     </span>
     <span class='ocr_line' id='line_1_11' title="bbox 205 1509 1527 1598; baseline 0.002 -20"><span class='ocrx_word' id='word_1_82' title='bbox 205 1510 249 1579; x_wconf 93' lang='lat' dir='ltr'><strong>ad</strong></span> <span class='ocrx_word' id='word_1_83' title='bbox 278 1509 536 1576; x_wconf 80' lang='lat' dir='ltr'><strong>&#39;iornaesianum</strong></span> <span class='ocrx_word' id='word_1_84' title='bbox 565 1509 763 1596; x_wconf 85' lang='lat' dir='ltr'><strong>accedente,</strong></span> <span class='ocrx_word' id='word_1_85' title='bbox 795 1513 934 1577; x_wconf 82' lang='lat' dir='ltr'><strong>maxime</strong></span> <span class='ocrx_word' id='word_1_86' title='bbox 961 1512 993 1577; x_wconf 86' lang='lat' dir='ltr'><strong>in</strong></span> <span class='ocrx_word' id='word_1_87' title='bbox 1022 1512 1263 1598; x_wconf 86' lang='lat' dir='ltr'><strong>supplementis</strong></span> <span class='ocrx_word' id='word_1_88' title='bbox 1289 1514 1527 1580; x_wconf 86' lang='lat' dir='ltr'><strong>vocabulorum</strong></span> 
     </span>
     <span class='ocr_line' id='line_1_12' title="bbox 207 1613 1528 1701; baseline 0.002 -21"><span class='ocrx_word' id='word_1_89' title='bbox 207 1615 420 1698; x_wconf 77' lang='lat' dir='ltr'><strong>onissmum,</strong></span> <span class='ocrx_word' id='word_1_90' title='bbox 450 1629 534 1699; x_wconf 85' lang='lat' dir='ltr'><strong>quoe</strong></span> <span class='ocrx_word' id='word_1_91' title='bbox 563 1631 645 1680; x_wconf 89' lang='lat' dir='ltr'><strong>sane</strong></span> <span class='ocrx_word' id='word_1_92' title='bbox 674 1615 765 1680; x_wconf 88' lang='lat' dir='ltr'><strong>nuiia</strong></span> <span class='ocrx_word' id='word_1_93' title='bbox 793 1632 857 1698; x_wconf 89' lang='lat' dir='ltr'><strong>ope</strong></span> <span class='ocrx_word' id='word_1_94' title='bbox 884 1613 1040 1701; x_wconf 86' lang='lat' dir='ltr'><strong>humana,</strong></span> <span class='ocrx_word' id='word_1_95' title='bbox 1075 1617 1300 1700; x_wconf 77' lang='lat' dir='ltr'><strong>congruenter</strong></span> <span class='ocrx_word' id='word_1_96' title='bbox 1322 1633 1395 1682; x_wconf 86' lang='lat' dir='ltr'><strong>cam</strong></span> <span class='ocrx_word' id='word_1_97' title='bbox 1424 1616 1528 1684; x_wconf 81' lang='lat' dir='ltr'><strong>Godd</strong></span> 
     </span>
     <span class='ocr_line' id='line_1_13' title="bbox 207 1715 1528 1810; baseline -0.001 -22"><span class='ocrx_word' id='word_1_98' title='bbox 207 1717 410 1805; x_wconf 83' lang='lat' dir='ltr'><strong>Gaiiicanis,</strong></span> <span class='ocrx_word' id='word_1_99' title='bbox 430 1719 502 1782; x_wconf 90' lang='lat' dir='ltr'><strong>sine</strong></span> <span class='ocrx_word' id='word_1_100' title='bbox 524 1715 695 1784; x_wconf 86' lang='lat' dir='ltr'><strong>codicibus</strong></span> <span class='ocrx_word' id='word_1_101' title='bbox 716 1719 901 1808; x_wconf 83' lang='lat' dir='ltr'><strong>excogitari</strong></span> <span class='ocrx_word' id='word_1_102' title='bbox 924 1720 1130 1803; x_wconf 86' lang='lat' dir='ltr'><strong>potuissent,</strong></span> <span class='ocrx_word' id='word_1_103' title='bbox 1151 1721 1285 1805; x_wconf 90' lang='lat' dir='ltr'><strong>partim,</strong></span> <span class='ocrx_word' id='word_1_104' title='bbox 1309 1721 1346 1784; x_wconf 92' lang='lat' dir='ltr'><strong>ut</strong></span> <span class='ocrx_word' id='word_1_105' title='bbox 1368 1720 1528 1810; x_wconf 72' lang='lat' dir='ltr'><strong>nonginta</strong></span> 
     </span>
     <span class='ocr_line' id='line_1_14' title="bbox 206 1817 1528 1910; baseline 0.002 -22"><span class='ocrx_word' id='word_1_106' title='bbox 206 1821 385 1903; x_wconf 87' lang='lat' dir='ltr'><strong>lectiones,</strong></span> <span class='ocrx_word' id='word_1_107' title='bbox 407 1820 619 1888; x_wconf 89' lang='lat' dir='ltr'><strong>coniecturae</strong></span> <span class='ocrx_word' id='word_1_108' title='bbox 640 1818 812 1888; x_wconf 89' lang='lat' dir='ltr'><strong>debentur.</strong></span> <span class='ocrx_word' id='word_1_109' title='bbox 855 1817 928 1904; x_wconf 75' lang='lat' dir='ltr'><strong>Quo</strong></span> <span class='ocrx_word' id='word_1_110' title='bbox 950 1823 983 1888; x_wconf 90' lang='lat' dir='ltr'><strong>in</strong></span> <span class='ocrx_word' id='word_1_111' title='bbox 1005 1839 1132 1910; x_wconf 80' lang='lat' dir='ltr'><strong>genere</strong></span> <span class='ocrx_word' id='word_1_112' title='bbox 1154 1823 1342 1908; x_wconf 89' lang='lat' dir='ltr'><strong>posteriorc</strong></span> <span class='ocrx_word' id='word_1_113' title='bbox 1364 1825 1428 1890; x_wconf 87' lang='lat' dir='ltr'><strong>etsi</strong></span> <span class='ocrx_word' id='word_1_114' title='bbox 1446 1843 1528 1909; x_wconf 91' lang='lat' dir='ltr'><strong>per-</strong></span> 
     </span>
     <span class='ocr_line' id='line_1_15' title="bbox 206 1925 1529 2014; baseline 0.001 -22"><span class='ocrx_word' id='word_1_115' title='bbox 206 1926 299 1992; x_wconf 87' lang='lat' dir='ltr'><strong>muitt</strong></span> <span class='ocrx_word' id='word_1_116' title='bbox 321 1925 483 1992; x_wconf 73' lang='lat' dir='ltr'><strong>commissi</strong></span> <span class='ocrx_word' id='word_1_117' title='bbox 505 1927 583 1990; x_wconf 85' lang='lat' dir='ltr'><strong>eunt</strong></span> <span class='ocrx_word' id='word_1_118' title='bbox 604 1943 752 2014; x_wconf 84' lang='lat' dir='ltr'><strong>errores,</strong></span> <span class='ocrx_word' id='word_1_119' title='bbox 774 1925 806 1991; x_wconf 93' lang='lat' dir='ltr'><strong>id</strong></span> <span class='ocrx_word' id='word_1_120' title='bbox 829 1927 938 1992; x_wconf 86' lang='lat' dir='ltr'><strong>tumen</strong></span> <span class='ocrx_word' id='word_1_121' title='bbox 953 1925 1122 1992; x_wconf 79' lang='lat' dir='ltr'><strong>fatendum</strong></span> <span class='ocrx_word' id='word_1_122' title='bbox 1139 1929 1209 2011; x_wconf 86' lang='lat' dir='ltr'><strong>est,</strong></span> <span class='ocrx_word' id='word_1_123' title='bbox 1231 1927 1385 1992; x_wconf 87' lang='lat' dir='ltr'><strong>maiorem</strong></span> <span class='ocrx_word' id='word_1_124' title='bbox 1400 1933 1529 2012; x_wconf 91' lang='lat' dir='ltr'><strong>partem</strong></span> 
     </span>
     <span class='ocr_line' id='line_1_16' title="bbox 208 2027 1528 2116; baseline -0.005 -20"><span class='ocrx_word' id='word_1_125' title='bbox 208 2048 319 2096; x_wconf 87' lang='lat' dir='ltr'><strong>earum</strong></span> <span class='ocrx_word' id='word_1_126' title='bbox 341 2027 620 2115; x_wconf 87' lang='lat' dir='ltr'><strong>emendationum,</strong></span> <span class='ocrx_word' id='word_1_127' title='bbox 653 2047 735 2114; x_wconf 84' lang='lat' dir='ltr'><strong>quas</strong></span> <span class='ocrx_word' id='word_1_128' title='bbox 757 2027 914 2096; x_wconf 84' lang='lat' dir='ltr'><strong>debemus</strong></span> <span class='ocrx_word' id='word_1_129' title='bbox 933 2030 1063 2116; x_wconf 87' lang='lat' dir='ltr'><strong>uirique</strong></span> <span class='ocrx_word' id='word_1_130' title='bbox 1084 2028 1226 2096; x_wconf 86' lang='lat' dir='ltr'><strong>Victorii</strong></span> <span class='ocrx_word' id='word_1_131' title='bbox 1248 2047 1364 2110; x_wconf 90' lang='lat' dir='ltr'><strong>curae,</strong></span> <span class='ocrx_word' id='word_1_132' title='bbox 1392 2029 1528 2098; x_wconf 83' lang='lat' dir='ltr'><strong>desum.</strong></span> 
     </span>
     <span class='ocr_line' id='line_1_17' title="bbox 208 2130 1528 2221; baseline 0.003 -23"><span class='ocrx_word' id='word_1_133' title='bbox 208 2137 286 2220; x_wconf 90' lang='lat' dir='ltr'><strong>pias</strong></span> <span class='ocrx_word' id='word_1_134' title='bbox 307 2150 382 2198; x_wconf 86' lang='lat' dir='ltr'><strong>esse</strong></span> <span class='ocrx_word' id='word_1_135' title='bbox 404 2150 447 2199; x_wconf 89' lang='lat' dir='ltr'><strong>ex</strong></span> <span class='ocrx_word' id='word_1_136' title='bbox 470 2131 521 2200; x_wconf 90' lang='lat' dir='ltr'><strong>his</strong></span> <span class='ocrx_word' id='word_1_137' title='bbox 541 2134 624 2216; x_wconf 87' lang='lat' dir='ltr'><strong>ipsis</strong></span> <span class='ocrx_word' id='word_1_138' title='bbox 644 2131 724 2200; x_wconf 75' lang='lat' dir='ltr'><strong>(iod.</strong></span> <span class='ocrx_word' id='word_1_139' title='bbox 740 2130 886 2200; x_wconf 83' lang='lat' dir='ltr'><strong>Medicei</strong></span> <span class='ocrx_word' id='word_1_140' title='bbox 902 2135 1165 2200; x_wconf 85' lang='lat' dir='ltr'><strong>correctionibus</strong></span> <span class='ocrx_word' id='word_1_141' title='bbox 1178 2132 1331 2221; x_wconf 80' lang='lat' dir='ltr'><strong>singuios</strong></span> <span class='ocrx_word' id='word_1_142' title='bbox 1345 2133 1433 2199; x_wconf 90' lang='lat' dir='ltr'><strong>inter</strong></span> <span class='ocrx_word' id='word_1_143' title='bbox 1445 2153 1528 2202; x_wconf 88' lang='lat' dir='ltr'><strong>vcr-</strong></span> 
     </span>
     <span class='ocr_line' id='line_1_18' title="bbox 207 2232 1528 2323; baseline 0 -19"><span class='ocrx_word' id='word_1_144' title='bbox 207 2237 332 2304; x_wconf 88' lang='lat' dir='ltr'><strong>siouios</strong></span> <span class='ocrx_word' id='word_1_145' title='bbox 352 2237 499 2321; x_wconf 87' lang='lat' dir='ltr'><strong>scriptis.</strong></span> <span class='ocrx_word' id='word_1_146' title='bbox 540 2232 841 2323; x_wconf 75' lang='lat' dir='ltr'><strong>Quomodocunque</strong></span> <span class='ocrx_word' id='word_1_147' title='bbox 862 2241 971 2304; x_wconf 86' lang='lat' dir='ltr'><strong>eutem</strong></span> <span class='ocrx_word' id='word_1_148' title='bbox 993 2235 1035 2302; x_wconf 93' lang='lat' dir='ltr'><strong>de</strong></span> <span class='ocrx_word' id='word_1_149' title='bbox 1056 2235 1215 2304; x_wconf 85' lang='lat' dir='ltr'><strong>Mediceo</strong></span> <span class='ocrx_word' id='word_1_150' title='bbox 1238 2234 1468 2323; x_wconf 86' lang='lat' dir='ltr'><strong>iudicabimus,</strong></span> <span class='ocrx_word' id='word_1_151' title='bbox 1494 2237 1528 2304; x_wconf 96' lang='lat' dir='ltr'><strong>id</strong></span> 
     </span>
     <span class='ocr_line' id='line_1_19' title="bbox 207 2337 1529 2427; baseline 0.001 -19"><span class='ocrx_word' id='word_1_152' title='bbox 207 2359 372 2426; x_wconf 81' lang='lat' dir='ltr'><strong>nunquam</strong></span> <span class='ocrx_word' id='word_1_153' title='bbox 396 2342 628 2408; x_wconf 82' lang='lat' dir='ltr'><strong>obliviscamur</strong></span> <span class='ocrx_word' id='word_1_154' title='bbox 649 2359 789 2408; x_wconf 85' lang='lat' dir='ltr'><strong>neeesse</strong></span> <span class='ocrx_word' id='word_1_155' title='bbox 811 2343 880 2427; x_wconf 89' lang='lat' dir='ltr'><strong>esi,</strong></span> <span class='ocrx_word' id='word_1_156' title='bbox 902 2343 935 2406; x_wconf 91' lang='lat' dir='ltr'><strong>in</strong></span> <span class='ocrx_word' id='word_1_157' title='bbox 957 2339 1120 2424; x_wconf 78' lang='lat' dir='ltr'><strong>Episioiis</strong></span> <span class='ocrx_word' id='word_1_158' title='bbox 1142 2337 1186 2402; x_wconf 91' lang='lat' dir='ltr'><strong>ad</strong></span> <span class='ocrx_word' id='word_1_159' title='bbox 1208 2337 1247 2422; x_wconf 77' lang='grc'><strong>0.</strong></span> <span class='ocrx_word' id='word_1_160' title='bbox 1264 2339 1416 2406; x_wconf 77' lang='lat' dir='ltr'><strong>Fratrem</strong></span> <span class='ocrx_word' id='word_1_161' title='bbox 1438 2344 1529 2409; x_wconf 88' lang='lat' dir='ltr'><strong>etin</strong></span> 
     </span>
     <span class='ocr_line' id='line_1_20' title="bbox 207 2441 1529 2530; baseline -0.005 -12"><span class='ocrx_word' id='word_1_162' title='bbox 207 2446 483 2518; x_wconf 86' lang='lat' dir='ltr'><strong>Psemiobruiinis</strong></span> <span class='ocrx_word' id='word_1_163' title='bbox 505 2445 592 2511; x_wconf 91' lang='lat' dir='ltr'><strong>bunc</strong></span> <span class='ocrx_word' id='word_1_164' title='bbox 614 2448 743 2510; x_wconf 88' lang='lat' dir='ltr'><strong>unicum</strong></span> <span class='ocrx_word' id='word_1_165' title='bbox 766 2463 858 2529; x_wconf 84' lang='lat' dir='ltr'><strong>esse,</strong></span> <span class='ocrx_word' id='word_1_166' title='bbox 880 2445 933 2530; x_wconf 81' lang='lat' dir='ltr'><strong>qui</strong></span> <span class='ocrx_word' id='word_1_167' title='bbox 953 2463 1066 2510; x_wconf 89' lang='lat' dir='ltr'><strong>veram</strong></span> <span class='ocrx_word' id='word_1_168' title='bbox 1088 2441 1211 2510; x_wconf 87' lang='lat' dir='ltr'><strong>habeat</strong></span> <span class='ocrx_word' id='word_1_169' title='bbox 1232 2446 1463 2512; x_wconf 88' lang='lat' dir='ltr'><strong>auctoritatem</strong></span> <span class='ocrx_word' id='word_1_170' title='bbox 1485 2444 1529 2512; x_wconf 90' lang='lat' dir='ltr'><strong>ad</strong></span> 
     </span>
     <span class='ocr_line' id='line_1_21' title="bbox 208 2545 1529 2636; baseline -0.006 -14"><span class='ocrx_word' id='word_1_171' title='bbox 208 2550 473 2622; x_wconf 84' lang='lat' dir='ltr'><strong>constituendam</strong></span> <span class='ocrx_word' id='word_1_172' title='bbox 499 2553 603 2614; x_wconf 87' lang='lat' dir='ltr'><strong>totam</strong></span> <span class='ocrx_word' id='word_1_173' title='bbox 632 2565 743 2614; x_wconf 86' lang='lat' dir='ltr'><strong>earum</strong></span> <span class='ocrx_word' id='word_1_174' title='bbox 765 2549 948 2614; x_wconf 85' lang='lat' dir='ltr'><strong>tectionem.</strong></span> <span class='ocrx_word' id='word_1_175' title='bbox 990 2545 1122 2614; x_wconf 81' lang='lat' dir='ltr'><strong>Etenim</strong></span> <span class='ocrx_word' id='word_1_176' title='bbox 1145 2564 1208 2614; x_wconf 92' lang='lat' dir='ltr'><strong>nec</strong></span> <span class='ocrx_word' id='word_1_177' title='bbox 1228 2547 1408 2616; x_wconf 81' lang='lat' dir='ltr'><strong>Lambinus</strong></span> <span class='ocrx_word' id='word_1_178' title='bbox 1430 2547 1529 2636; x_wconf 82' lang='lat' dir='ltr'><strong>quid-</strong></span> 
     </span>
     <span class='ocr_line' id='line_1_22' title="bbox 208 2649 1529 2744; baseline -0.001 -22"><span class='ocrx_word' id='word_1_179' title='bbox 208 2676 304 2744; x_wconf 82' lang='lat' dir='ltr'><strong>quam</strong></span> <span class='ocrx_word' id='word_1_180' title='bbox 327 2673 346 2722; x_wconf 86' lang='lat' dir='ltr'><strong>e</strong></span> <span class='ocrx_word' id='word_1_181' title='bbox 366 2651 471 2723; x_wconf 79' lang='lat' dir='ltr'><strong>codri.</strong></span> <span class='ocrx_word' id='word_1_182' title='bbox 490 2650 671 2720; x_wconf 85' lang='lat' dir='ltr'><strong>Gaiiicanis</strong></span> <span class='ocrx_word' id='word_1_183' title='bbox 699 2649 742 2716; x_wconf 90' lang='lat' dir='ltr'><strong>ad</strong></span> <span class='ocrx_word' id='word_1_184' title='bbox 771 2651 847 2717; x_wconf 86' lang='lat' dir='ltr'><strong>ilias</strong></span> <span class='ocrx_word' id='word_1_185' title='bbox 875 2651 988 2718; x_wconf 87' lang='lat' dir='ltr'><strong>aituiii</strong></span> <span class='ocrx_word' id='word_1_186' title='bbox 1016 2654 1050 2718; x_wconf 85' lang='lat' dir='ltr'><strong>ei</strong></span> <span class='ocrx_word' id='word_1_187' title='bbox 1078 2649 1201 2716; x_wconf 89' lang='lat' dir='ltr'><strong>Bosius</strong></span> <span class='ocrx_word' id='word_1_188' title='bbox 1221 2669 1361 2736; x_wconf 87' lang='lat' dir='ltr'><strong>prorsus</strong></span> <span class='ocrx_word' id='word_1_189' title='bbox 1383 2655 1529 2721; x_wconf 86' lang='lat' dir='ltr'><strong>intactas</strong></span> 
     </span>
     <span class='ocr_line' id='line_1_23' title="bbox 207 2751 1529 2846; baseline -0.003 -18"><span class='ocrx_word' id='word_1_190' title='bbox 207 2761 350 2845; x_wconf 82' lang='lat' dir='ltr'><strong>reliquii.</strong></span> <span class='ocrx_word' id='word_1_191' title='bbox 391 2758 466 2824; x_wconf 84' lang='lat' dir='ltr'><strong>Hae</strong></span> <span class='ocrx_word' id='word_1_192' title='bbox 488 2758 591 2846; x_wconf 77' lang='lat' dir='ltr'><strong>igitur</strong></span> <span class='ocrx_word' id='word_1_193' title='bbox 611 2772 698 2822; x_wconf 91' lang='lat' dir='ltr'><strong>nune</strong></span> <span class='ocrx_word' id='word_1_194' title='bbox 720 2754 861 2841; x_wconf 87' lang='lat' dir='ltr'><strong>demum,</strong></span> <span class='ocrx_word' id='word_1_195' title='bbox 882 2760 1003 2822; x_wconf 84' lang='lat' dir='ltr'><strong>nactus</strong></span> <span class='ocrx_word' id='word_1_196' title='bbox 1023 2772 1096 2821; x_wconf 91' lang='lat' dir='ltr'><strong>oum</strong></span> <span class='ocrx_word' id='word_1_197' title='bbox 1119 2772 1224 2820; x_wconf 86' lang='lat' dir='ltr'><strong>essem</strong></span> <span class='ocrx_word' id='word_1_198' title='bbox 1248 2751 1328 2822; x_wconf 79' lang='lat' dir='ltr'><strong>coo.</strong></span> <span class='ocrx_word' id='word_1_199' title='bbox 1345 2756 1438 2823; x_wconf 90' lang='lat' dir='ltr'><strong>Med.</strong></span> <span class='ocrx_word' id='word_1_200' title='bbox 1455 2759 1529 2824; x_wconf 90' lang='lat' dir='ltr'><strong>coi-</strong></span> 
     </span>
     <span class='ocr_line' id='line_1_24' title="bbox 207 2857 1530 2949; baseline -0.004 -17"><span class='ocrx_word' id='word_1_201' title='bbox 207 2867 383 2949; x_wconf 86' lang='lat' dir='ltr'><strong>iationem,</strong></span> <span class='ocrx_word' id='word_1_202' title='bbox 405 2862 594 2928; x_wconf 85' lang='lat' dir='ltr'><strong>accuratius</strong></span> <span class='ocrx_word' id='word_1_203' title='bbox 615 2861 750 2925; x_wconf 87' lang='lat' dir='ltr'><strong>tractari</strong></span> <span class='ocrx_word' id='word_1_204' title='bbox 774 2863 939 2944; x_wconf 87' lang='lat' dir='ltr'><strong>poterant.</strong></span> <span class='ocrx_word' id='word_1_205' title='bbox 980 2860 1051 2926; x_wconf 85' lang='lat' dir='ltr'><strong>tam</strong></span> <span class='ocrx_word' id='word_1_206' title='bbox 1072 2857 1116 2924; x_wconf 90' lang='lat' dir='ltr'><strong>ad</strong></span> <span class='ocrx_word' id='word_1_207' title='bbox 1134 2857 1283 2942; x_wconf 88' lang='lat' dir='ltr'><strong>codices,</strong></span> <span class='ocrx_word' id='word_1_208' title='bbox 1307 2861 1362 2945; x_wconf 83' lang='lat' dir='ltr'><strong>qui</strong></span> <span class='ocrx_word' id='word_1_209' title='bbox 1378 2879 1530 2946; x_wconf 83' lang='lat' dir='ltr'><strong>quocun-</strong></span> 
     </span>
     <span class='ocr_line' id='line_1_25' title="bbox 208 2961 1529 3055; baseline -0.002 -21"><span class='ocrx_word' id='word_1_210' title='bbox 208 2986 273 3055; x_wconf 81' lang='lat' dir='ltr'><strong>que</strong></span> <span class='ocrx_word' id='word_1_211' title='bbox 295 2965 427 3033; x_wconf 89' lang='lat' dir='ltr'><strong>tandem</strong></span> <span class='ocrx_word' id='word_1_212' title='bbox 448 2962 545 3030; x_wconf 90' lang='lat' dir='ltr'><strong>modo</strong></span> <span class='ocrx_word' id='word_1_213' title='bbox 560 2981 579 3029; x_wconf 86' lang='lat' dir='ltr'><strong>e</strong></span> <span class='ocrx_word' id='word_1_214' title='bbox 596 2961 751 3030; x_wconf 84' lang='lat' dir='ltr'><strong>Mediceo</strong></span> <span class='ocrx_word' id='word_1_215' title='bbox 774 2966 933 3051; x_wconf 81' lang='lat' dir='ltr'><strong>originem</strong></span> <span class='ocrx_word' id='word_1_216' title='bbox 954 2967 1147 3046; x_wconf 85' lang='lat' dir='ltr'><strong>traxerunt,</strong></span> <span class='ocrx_word' id='word_1_217' title='bbox 1171 2964 1290 3048; x_wconf 81' lang='lat' dir='ltr'><strong>quique</strong></span> <span class='ocrx_word' id='word_1_218' title='bbox 1307 2968 1444 3048; x_wconf 89' lang='lat' dir='ltr'><strong>propter</strong></span> <span class='ocrx_word' id='word_1_219' title='bbox 1458 2983 1529 3032; x_wconf 88' lang='lat' dir='ltr'><strong>eam</strong></span> 
     </span>
     <span class='ocr_line' id='line_1_26' title="bbox 208 3066 1528 3158; baseline -0.003 -20"><span class='ocrx_word' id='word_1_220' title='bbox 208 3075 312 3158; x_wconf 90' lang='lat' dir='ltr'><strong>ipsam</strong></span> <span class='ocrx_word' id='word_1_221' title='bbox 334 3087 466 3136; x_wconf 69' lang='lat' dir='ltr'><strong>canmm</strong></span> <span class='ocrx_word' id='word_1_222' title='bbox 489 3067 609 3133; x_wconf 89' lang='lat' dir='ltr'><strong>nniiam</strong></span> <span class='ocrx_word' id='word_1_223' title='bbox 633 3068 796 3152; x_wconf 88' lang='lat' dir='ltr'><strong>propriam</strong></span> <span class='ocrx_word' id='word_1_224' title='bbox 819 3066 943 3132; x_wconf 89' lang='lat' dir='ltr'><strong>babent</strong></span> <span class='ocrx_word' id='word_1_225' title='bbox 965 3067 1213 3150; x_wconf 87' lang='lat' dir='ltr'><strong>auctoritatem,</strong></span> <span class='ocrx_word' id='word_1_226' title='bbox 1236 3071 1372 3149; x_wconf 86' lang='lat' dir='ltr'><strong>praeter</strong></span> <span class='ocrx_word' id='word_1_227' title='bbox 1396 3085 1466 3134; x_wconf 90' lang='lat' dir='ltr'><strong>eam</strong></span> <span class='ocrx_word' id='word_1_228' title='bbox 1489 3097 1528 3114; x_wconf 89' lang='lat'><strong>-·</strong></span> 
     </span>
     <span class='ocr_line' id='line_1_27' title="bbox 209 3171 1530 3256; baseline -0.005 -14"><span class='ocrx_word' id='word_1_229' title='bbox 209 3179 238 3242; x_wconf 87' lang='lat' dir='ltr'><strong>si</strong></span> <span class='ocrx_word' id='word_1_230' title='bbox 267 3181 376 3241; x_wconf 87' lang='lat' dir='ltr'><strong>tamen</strong></span> <span class='ocrx_word' id='word_1_231' title='bbox 399 3173 582 3240; x_wconf 83' lang='lat' dir='ltr'><strong>auctoritas</strong></span> <span class='ocrx_word' id='word_1_232' title='bbox 607 3172 671 3236; x_wconf 89' lang='lat' dir='ltr'><strong>riie</strong></span> <span class='ocrx_word' id='word_1_233' title='bbox 693 3172 875 3256; x_wconf 86' lang='lat' dir='ltr'><strong>nuncupari</strong></span> <span class='ocrx_word' id='word_1_234' title='bbox 899 3173 1010 3256; x_wconf 88' lang='lat' dir='ltr'><strong>poiest</strong></span> <span class='ocrx_word' id='word_1_235' title='bbox 1032 3205 1089 3256; x_wconf 84' lang='lat'><strong>—,</strong></span> <span class='ocrx_word' id='word_1_236' title='bbox 1119 3187 1214 3255; x_wconf 87' lang='lat' dir='ltr'><strong>quam</strong></span> <span class='ocrx_word' id='word_1_237' title='bbox 1237 3171 1449 3238; x_wconf 87' lang='lat' dir='ltr'><strong>coniecturae</strong></span> <span class='ocrx_word' id='word_1_238' title='bbox 1471 3175 1530 3238; x_wconf 83' lang='lat' dir='ltr'><strong>aut</strong></span> 
     </span>
     <span class='ocr_line' id='line_1_28' title="bbox 209 3270 1530 3362; baseline -0.005 -16"><span class='ocrx_word' id='word_1_239' title='bbox 209 3279 299 3346; x_wconf 85' lang='lat' dir='ltr'><strong>felici</strong></span> <span class='ocrx_word' id='word_1_240' title='bbox 321 3279 379 3345; x_wconf 92' lang='lat' dir='ltr'><strong>aut</strong></span> <span class='ocrx_word' id='word_1_241' title='bbox 400 3292 528 3362; x_wconf 89' lang='lat' dir='ltr'><strong>pravae</strong></span> <span class='ocrx_word' id='word_1_242' title='bbox 548 3274 619 3340; x_wconf 84' lang='lat' dir='ltr'><strong>Viri</strong></span> <span class='ocrx_word' id='word_1_243' title='bbox 642 3273 780 3341; x_wconf 87' lang='lat' dir='ltr'><strong>alicuius</strong></span> <span class='ocrx_word' id='word_1_244' title='bbox 809 3273 897 3342; x_wconf 93' lang='lat' dir='ltr'><strong>docti</strong></span> <span class='ocrx_word' id='word_1_245' title='bbox 925 3270 1002 3342; x_wconf 87' lang='lat' dir='ltr'><strong>Sec.</strong></span> <span class='ocrx_word' id='word_1_246' title='bbox 1017 3271 1093 3341; x_wconf 88' lang='lat' dir='ltr'><strong>XV.</strong></span> <span class='ocrx_word' id='word_1_247' title='bbox 1116 3273 1261 3338; x_wconf 87' lang='lat' dir='ltr'><strong>tribuere</strong></span> <span class='ocrx_word' id='word_1_248' title='bbox 1290 3273 1451 3360; x_wconf 87' lang='lat' dir='ltr'><strong>sciemus,</strong></span> <span class='ocrx_word' id='word_1_249' title='bbox 1486 3274 1530 3340; x_wconf 92' lang='lat' dir='ltr'><strong>ad</strong></span> 
     </span>
     <span class='ocr_line' id='line_1_29' title="bbox 210 3374 1532 3472; baseline -0.009 -24"><span class='ocrx_word' id='word_1_250' title='bbox 210 3381 272 3448; x_wconf 90' lang='lat' dir='ltr'><strong>bos</strong></span> <span class='ocrx_word' id='word_1_251' title='bbox 294 3384 397 3472; x_wconf 75' lang='lat' dir='ltr'><strong>igitur</strong></span> <span class='ocrx_word' id='word_1_252' title='bbox 418 3379 553 3448; x_wconf 84' lang='lat' dir='ltr'><strong>codices</strong></span> <span class='ocrx_word' id='word_1_253' title='bbox 573 3376 789 3446; x_wconf 85' lang='lat' dir='ltr'><strong>secundarios</strong></span> <span class='ocrx_word' id='word_1_254' title='bbox 809 3379 919 3444; x_wconf 88' lang='lat' dir='ltr'><strong>reiero</strong></span> <span class='ocrx_word' id='word_1_255' title='bbox 942 3396 1056 3444; x_wconf 86' lang='lat' dir='ltr'><strong>omnes</strong></span> <span class='ocrx_word' id='word_1_256' title='bbox 1084 3375 1244 3467; x_wconf 83' lang='lat' dir='ltr'><strong>Manutii,</strong></span> <span class='ocrx_word' id='word_1_257' title='bbox 1276 3374 1415 3464; x_wconf 79' lang='lat' dir='ltr'><strong>Faerni,</strong></span> <span class='ocrx_word' id='word_1_258' title='bbox 1447 3377 1532 3445; x_wconf 87' lang='lat' dir='ltr'><strong>Ma.</strong></span> 
     </span>
     <span class='ocr_line' id='line_1_30' title="bbox 211 3480 1531 3572; baseline -0.006 -20"><span class='ocrx_word' id='word_1_259' title='bbox 211 3485 377 3572; x_wconf 87' lang='lat' dir='ltr'><strong>iaspioae,</strong></span> <span class='ocrx_word' id='word_1_260' title='bbox 409 3483 639 3566; x_wconf 82' lang='lat' dir='ltr'><strong>Huraiiinum,</strong></span> <span class='ocrx_word' id='word_1_261' title='bbox 669 3480 840 3548; x_wconf 85' lang='lat' dir='ltr'><strong>Paiaiinos</strong></span> <span class='ocrx_word' id='word_1_262' title='bbox 861 3483 963 3568; x_wconf 91' lang='lat' dir='ltr'><strong>lunii,</strong></span> <span class='ocrx_word' id='word_1_263' title='bbox 991 3482 1215 3550; x_wconf 76' lang='lat' dir='ltr'><strong>Graecianum</strong></span> <span class='ocrx_word' id='word_1_264' title='bbox 1236 3485 1425 3570; x_wconf 86' lang='lat' dir='ltr'><strong>utrumque,</strong></span> <span class='ocrx_word' id='word_1_265' title='bbox 1456 3484 1531 3552; x_wconf 78' lang='lat' dir='ltr'><strong>no.</strong></span> 
     </span>
     <span class='ocr_line' id='line_1_31' title="bbox 210 3579 1275 3682; baseline -0.003 -27"><span class='ocrx_word' id='word_1_266' title='bbox 210 3592 303 3682; x_wconf 72' lang='lat' dir='ltr'><strong>gios,</strong></span> <span class='ocrx_word' id='word_1_267' title='bbox 326 3587 537 3658; x_wconf 77' lang='lat' dir='ltr'><strong>oxonienses</strong></span> <span class='ocrx_word' id='word_1_268' title='bbox 559 3584 659 3672; x_wconf 87' lang='lat' dir='ltr'><strong>duos,</strong></span> <span class='ocrx_word' id='word_1_269' title='bbox 680 3579 988 3674; x_wconf 81' lang='lat' dir='ltr'><strong>Stuttgardensem,</strong></span> <span class='ocrx_word' id='word_1_270' title='bbox 1011 3585 1275 3652; x_wconf 86' lang='lat' dir='ltr'><strong>Bentivolianos.</strong></span> 
     </span>
    </p>

    <p class='ocr_par' dir='ltr' id='par_1_4' title="bbox 211 3688 1532 4405">
     <span class='ocr_line' id='line_1_32' title="bbox 294 3688 1531 3775; baseline 0 -15"><span class='ocrx_word' id='word_1_271' title='bbox 294 3692 509 3760; x_wconf 84' lang='lat' dir='ltr'><strong>Baiiioiensis</strong></span> <span class='ocrx_word' id='word_1_272' title='bbox 532 3689 668 3758; x_wconf 84' lang='lat' dir='ltr'><strong>Graevii</strong></span> <span class='ocrx_word' id='word_1_273' title='bbox 690 3688 797 3754; x_wconf 89' lang='lat' dir='ltr'><strong>codex</strong></span> <span class='ocrx_word' id='word_1_274' title='bbox 813 3707 919 3774; x_wconf 89' lang='lat' dir='ltr'><strong>paene</strong></span> <span class='ocrx_word' id='word_1_275' title='bbox 934 3692 966 3754; x_wconf 93' lang='lat' dir='ltr'><strong>in</strong></span> <span class='ocrx_word' id='word_1_276' title='bbox 984 3691 1135 3757; x_wconf 90' lang='lat' dir='ltr'><strong>omnibus</strong></span> <span class='ocrx_word' id='word_1_277' title='bbox 1148 3693 1319 3775; x_wconf 87' lang='lat' dir='ltr'><strong>conspirat</strong></span> <span class='ocrx_word' id='word_1_278' title='bbox 1333 3709 1405 3760; x_wconf 89' lang='lat' dir='ltr'><strong>cum</strong></span> <span class='ocrx_word' id='word_1_279' title='bbox 1421 3690 1531 3761; x_wconf 81' lang='lat' dir='ltr'><strong>oxon.</strong></span> 
     </span>
     <span class='ocr_line' id='line_1_33' title="bbox 211 3790 1532 3887; baseline -0.002 -23"><span class='ocrx_word' id='word_1_280' title='bbox 211 3799 249 3877; x_wconf 74' lang='grc' dir='ltr'><strong>φ.</strong></span> <span class='ocrx_word' id='word_1_281' title='bbox 272 3815 334 3866; x_wconf 90' lang='lat' dir='ltr'><strong>nec</strong></span> <span class='ocrx_word' id='word_1_282' title='bbox 355 3799 465 3862; x_wconf 89' lang='lat' dir='ltr'><strong>tamen</strong></span> <span class='ocrx_word' id='word_1_283' title='bbox 487 3790 571 3860; x_wconf 85' lang='lat' dir='ltr'><strong>idem</strong></span> <span class='ocrx_word' id='word_1_284' title='bbox 594 3811 670 3860; x_wconf 86' lang='lat' dir='ltr'><strong>esse</strong></span> <span class='ocrx_word' id='word_1_285' title='bbox 691 3797 820 3882; x_wconf 84' lang='lat' dir='ltr'><strong>potest,</strong></span> <span class='ocrx_word' id='word_1_286' title='bbox 841 3795 1004 3860; x_wconf 87' lang='lat' dir='ltr'><strong>siveram</strong></span> <span class='ocrx_word' id='word_1_287' title='bbox 1028 3797 1098 3876; x_wconf 87' lang='lat' dir='ltr'><strong>est,</strong></span> <span class='ocrx_word' id='word_1_288' title='bbox 1120 3793 1206 3880; x_wconf 82' lang='lat' dir='ltr'><strong>quod</strong></span> <span class='ocrx_word' id='word_1_289' title='bbox 1230 3793 1396 3863; x_wconf 83' lang='lat' dir='ltr'><strong>Graevius</strong></span> <span class='ocrx_word' id='word_1_290' title='bbox 1418 3797 1532 3887; x_wconf 86' lang='lat' dir='ltr'><strong>tradit,</strong></span> 
     </span>
     <span class='ocr_line' id='line_1_34' title="bbox 212 3892 1531 3985; baseline 0.002 -17"><span class='ocrx_word' id='word_1_291' title='bbox 212 3905 246 3970; x_wconf 95' lang='lat' dir='ltr'><strong>in</strong></span> <span class='ocrx_word' id='word_1_292' title='bbox 275 3921 315 3968; x_wconf 90' lang='lat' dir='ltr'><strong>eo</strong></span> <span class='ocrx_word' id='word_1_293' title='bbox 343 3899 459 3966; x_wconf 90' lang='lat' dir='ltr'><strong>codice</strong></span> <span class='ocrx_word' id='word_1_294' title='bbox 487 3897 530 3964; x_wconf 93' lang='lat' dir='ltr'><strong>ad</strong></span> <span class='ocrx_word' id='word_1_295' title='bbox 559 3897 664 3964; x_wconf 83' lang='lat' dir='ltr'><strong>Attio.</strong></span> <span class='ocrx_word' id='word_1_296' title='bbox 685 3896 728 3982; x_wconf 87' lang='lat'><strong>4,</strong></span> <span class='ocrx_word' id='word_1_297' title='bbox 757 3894 824 3983; x_wconf 81' lang='lat' dir='ltr'><strong>io,</strong></span> <span class='ocrx_word' id='word_1_298' title='bbox 853 3892 889 3964; x_wconf 86' lang='grc'><strong>6.</strong></span> <span class='ocrx_word' id='word_1_299' title='bbox 909 3899 993 3985; x_wconf 74' lang='lat' dir='ltr'><strong>legit</strong></span> <span class='ocrx_word' id='word_1_300' title='bbox 1027 3895 1168 3966; x_wconf 84' lang='lat' dir='ltr'><strong>bobeta.</strong></span> <span class='ocrx_word' id='word_1_301' title='bbox 1209 3896 1254 3966; x_wconf 86' lang='lat' dir='ltr'><strong>lo</strong></span> <span class='ocrx_word' id='word_1_302' title='bbox 1280 3895 1531 3970; x_wconf 80' lang='lat' dir='ltr'><strong>Arrdromaeirc</strong></span> 
     </span>
     <span class='ocr_line' id='line_1_35' title="bbox 213 3997 1531 4093; baseline -0.001 -19"><span class='ocrx_word' id='word_1_303' title='bbox 213 4011 332 4074; x_wconf 84' lang='lat' dir='ltr'><strong>tameo</strong></span> <span class='ocrx_word' id='word_1_304' title='bbox 358 4007 471 4070; x_wconf 85' lang='lat' dir='ltr'><strong>maior</strong></span> <span class='ocrx_word' id='word_1_305' title='bbox 496 3999 569 4085; x_wconf 68' lang='lat' dir='ltr'><strong>ficit</strong></span> <span class='ocrx_word' id='word_1_306' title='bbox 596 4019 700 4093; x_wconf 82' lang='lat' dir='ltr'><strong>paam</strong></span> <span class='ocrx_word' id='word_1_307' title='bbox 724 3997 929 4090; x_wconf 75' lang='lat' dir='ltr'><strong>Astynoum:</strong></span> <span class='ocrx_word' id='word_1_308' title='bbox 966 4017 1038 4068; x_wconf 89' lang='lat' dir='ltr'><strong>cum</strong></span> <span class='ocrx_word' id='word_1_309' title='bbox 1065 3998 1149 4068; x_wconf 87' lang='lat' dir='ltr'><strong>hoec</strong></span> <span class='ocrx_word' id='word_1_310' title='bbox 1175 4003 1282 4070; x_wconf 86' lang='lat' dir='ltr'><strong>omnia</strong></span> <span class='ocrx_word' id='word_1_311' title='bbox 1304 4002 1490 4071; x_wconf 86' lang='lat' dir='ltr'><strong>exciderint</strong></span> <span class='ocrx_word' id='word_1_312' title='bbox 1512 4024 1531 4073; x_wconf 88' lang='lat' dir='ltr'><strong>e</strong></span> 
     </span>
     <span class='ocr_line' id='line_1_36' title="bbox 213 4101 1530 4192; baseline -0.001 -17"><span class='ocrx_word' id='word_1_313' title='bbox 213 4109 272 4178; x_wconf 83' lang='lat' dir='ltr'><strong>cd.</strong></span> <span class='ocrx_word' id='word_1_314' title='bbox 290 4110 330 4186; x_wconf 76' lang='grc' dir='ltr'><strong>ψ.</strong></span> <span class='ocrx_word' id='word_1_315' title='bbox 373 4105 490 4172; x_wconf 79' lang='lat' dir='ltr'><strong>iiiiicri</strong></span> <span class='ocrx_word' id='word_1_316' title='bbox 505 4107 582 4171; x_wconf 90' lang='lat' dir='ltr'><strong>item</strong></span> <span class='ocrx_word' id='word_1_317' title='bbox 599 4105 682 4170; x_wconf 85' lang='lat' dir='ltr'><strong>Boii.</strong></span> <span class='ocrx_word' id='word_1_318' title='bbox 696 4123 716 4170; x_wconf 90' lang='lat' dir='ltr'><strong>a</strong></span> <span class='ocrx_word' id='word_1_319' title='bbox 731 4101 789 4171; x_wconf 84' lang='lat' dir='ltr'><strong>Gd.</strong></span> <span class='ocrx_word' id='word_1_320' title='bbox 807 4107 846 4182; x_wconf 76' lang='grc' dir='ltr'><strong>ψ.</strong></span> <span class='ocrx_word' id='word_1_321' title='bbox 868 4107 902 4171; x_wconf 87' lang='lat' dir='ltr'><strong>in</strong></span> <span class='ocrx_word' id='word_1_322' title='bbox 924 4106 998 4173; x_wconf 89' lang='lat' dir='ltr'><strong>ioco</strong></span> <span class='ocrx_word' id='word_1_323' title='bbox 1022 4108 1179 4190; x_wconf 90' lang='lat' dir='ltr'><strong>corrupto</strong></span> <span class='ocrx_word' id='word_1_324' title='bbox 1201 4105 1273 4172; x_wconf 87' lang='lat' dir='ltr'><strong>Lib.</strong></span> <span class='ocrx_word' id='word_1_325' title='bbox 1291 4106 1334 4192; x_wconf 76' lang='lat' dir='ltr'><strong>d,</strong></span> <span class='ocrx_word' id='word_1_326' title='bbox 1357 4104 1392 4174; x_wconf 80' lang='grc'><strong>3.</strong></span> <span class='ocrx_word' id='word_1_327' title='bbox 1408 4111 1441 4173; x_wconf 92' lang='lat' dir='ltr'><strong>in</strong></span> <span class='ocrx_word' id='word_1_328' title='bbox 1456 4107 1530 4189; x_wconf 82' lang='lat' dir='ltr'><strong>fine,</strong></span> 
     </span>
     <span class='ocr_line' id='line_1_37' title="bbox 214 4206 1530 4298; baseline -0.001 -19"><span class='ocrx_word' id='word_1_329' title='bbox 214 4217 248 4280; x_wconf 89' lang='lat' dir='ltr'><strong>ei</strong></span> <span class='ocrx_word' id='word_1_330' title='bbox 269 4212 345 4278; x_wconf 90' lang='lat' dir='ltr'><strong>aiibi</strong></span> <span class='ocrx_word' id='word_1_331' title='bbox 369 4208 457 4276; x_wconf 91' lang='lat' dir='ltr'><strong>baud</strong></span> <span class='ocrx_word' id='word_1_332' title='bbox 479 4227 565 4275; x_wconf 87' lang='lat' dir='ltr'><strong>raro.</strong></span> <span class='ocrx_word' id='word_1_333' title='bbox 606 4206 804 4275; x_wconf 83' lang='lat' dir='ltr'><strong>Universum</strong></span> <span class='ocrx_word' id='word_1_334' title='bbox 838 4211 946 4276; x_wconf 89' lang='lat' dir='ltr'><strong>tamen</strong></span> <span class='ocrx_word' id='word_1_335' title='bbox 975 4209 1149 4276; x_wconf 87' lang='lat' dir='ltr'><strong>lectionem</strong></span> <span class='ocrx_word' id='word_1_336' title='bbox 1179 4210 1210 4274; x_wconf 89' lang='lat' dir='ltr'><strong>si</strong></span> <span class='ocrx_word' id='word_1_337' title='bbox 1235 4217 1384 4298; x_wconf 88' lang='lat' dir='ltr'><strong>spectes,</strong></span> <span class='ocrx_word' id='word_1_338' title='bbox 1416 4213 1530 4297; x_wconf 80' lang='lat' dir='ltr'><strong>utique</strong></span> 
     </span>
     <span class='ocr_line' id='line_1_38' title="bbox 215 4308 1530 4405; baseline -0.001 -23"><span class='ocrx_word' id='word_1_339' title='bbox 215 4319 265 4382; x_wconf 89' lang='lat' dir='ltr'><strong>est</strong></span> <span class='ocrx_word' id='word_1_340' title='bbox 287 4314 457 4382; x_wconf 87' lang='lat' dir='ltr'><strong>simiiiima.</strong></span> <span class='ocrx_word' id='word_1_341' title='bbox 500 4311 615 4381; x_wconf 84' lang='lat' dir='ltr'><strong>Codex</strong></span> <span class='ocrx_word' id='word_1_342' title='bbox 636 4315 744 4378; x_wconf 90' lang='lat' dir='ltr'><strong>autem</strong></span> <span class='ocrx_word' id='word_1_343' title='bbox 768 4309 876 4378; x_wconf 89' lang='lat' dir='ltr'><strong>0xon.</strong></span> <span class='ocrx_word' id='word_1_344' title='bbox 895 4308 949 4398; x_wconf 75' lang='grc'><strong>0.,</strong></span> <span class='ocrx_word' id='word_1_345' title='bbox 981 4313 1009 4378; x_wconf 93' lang='lat' dir='ltr'><strong>si</strong></span> <span class='ocrx_word' id='word_1_346' title='bbox 1031 4315 1124 4380; x_wconf 85' lang='lat' dir='ltr'><strong>recto</strong></span> <span class='ocrx_word' id='word_1_347' title='bbox 1145 4313 1289 4380; x_wconf 88' lang='lat' dir='ltr'><strong>collatus</strong></span> <span class='ocrx_word' id='word_1_348' title='bbox 1318 4317 1388 4405; x_wconf 89' lang='lat' dir='ltr'><strong>est,</strong></span> <span class='ocrx_word' id='word_1_349' title='bbox 1420 4317 1530 4382; x_wconf 89' lang='lat' dir='ltr'><strong>variat</strong></span> 
     </span>
    </p>
   </div>
   <div class='ocr_carea' id='block_1_3' title="bbox 213 4409 1531 5130">
    <p class='ocr_par' dir='ltr' id='par_1_5' title="bbox 213 4409 1531 5130">
     <span class='ocr_line' id='line_1_39' title="bbox 214 4409 1531 4506; baseline -0.001 -21"><span class='ocrx_word' id='word_1_350' title='bbox 214 4421 332 4504; x_wconf 86' lang='lat' dir='ltr'><strong>ubique</strong></span> <span class='ocrx_word' id='word_1_351' title='bbox 354 4419 443 4484; x_wconf 89' lang='lat' dir='ltr'><strong>inter</strong></span> <span class='ocrx_word' id='word_1_352' title='bbox 465 4415 523 4484; x_wconf 78' lang='lat' dir='ltr'><strong>Cd.</strong></span> <span class='ocrx_word' id='word_1_353' title='bbox 540 4414 685 4484; x_wconf 88' lang='lat' dir='ltr'><strong>Medicei</strong></span> <span class='ocrx_word' id='word_1_354' title='bbox 708 4409 841 4501; x_wconf 86' lang='lat' dir='ltr'><strong>primam</strong></span> <span class='ocrx_word' id='word_1_355' title='bbox 863 4422 898 4483; x_wconf 89' lang='lat' dir='ltr'><strong>et</strong></span> <span class='ocrx_word' id='word_1_356' title='bbox 912 4415 1091 4482; x_wconf 87' lang='lat' dir='ltr'><strong>secundam</strong></span> <span class='ocrx_word' id='word_1_357' title='bbox 1109 4435 1252 4504; x_wconf 88' lang='lat' dir='ltr'><strong>manum,</strong></span> <span class='ocrx_word' id='word_1_358' title='bbox 1274 4419 1320 4484; x_wconf 88' lang='lat' dir='ltr'><strong>ita</strong></span> <span class='ocrx_word' id='word_1_359' title='bbox 1337 4421 1460 4499; x_wconf 89' lang='lat' dir='ltr'><strong>tamen,</strong></span> <span class='ocrx_word' id='word_1_360' title='bbox 1484 4421 1531 4506; x_wconf 89' lang='lat' dir='ltr'><strong>ot,</strong></span> 
     </span>
     <span class='ocr_line' id='line_1_40' title="bbox 214 4517 1530 4607; baseline -0.002 -18"><span class='ocrx_word' id='word_1_361' title='bbox 214 4541 286 4590; x_wconf 90' lang='lat' dir='ltr'><strong>cum</strong></span> <span class='ocrx_word' id='word_1_362' title='bbox 306 4517 366 4589; x_wconf 66' lang='lat' dir='ltr'><strong>(id.</strong></span> <span class='ocrx_word' id='word_1_363' title='bbox 384 4523 423 4598; x_wconf 79' lang='grc' dir='ltr'><strong>ψ.</strong></span> <span class='ocrx_word' id='word_1_364' title='bbox 443 4522 579 4607; x_wconf 85' lang='lat' dir='ltr'><strong>primam</strong></span> <span class='ocrx_word' id='word_1_365' title='bbox 609 4520 744 4604; x_wconf 90' lang='lat' dir='ltr'><strong>saepius</strong></span> <span class='ocrx_word' id='word_1_366' title='bbox 771 4519 914 4602; x_wconf 89' lang='lat' dir='ltr'><strong>reierat,</strong></span> <span class='ocrx_word' id='word_1_367' title='bbox 944 4517 988 4601; x_wconf 73' lang='grc'><strong>0.</strong></span> <span class='ocrx_word' id='word_1_368' title='bbox 1011 4521 1122 4606; x_wconf 87' lang='lat' dir='ltr'><strong>potius</strong></span> <span class='ocrx_word' id='word_1_369' title='bbox 1149 4518 1326 4586; x_wconf 88' lang='lat' dir='ltr'><strong>secundam</strong></span> <span class='ocrx_word' id='word_1_370' title='bbox 1354 4526 1530 4607; x_wconf 84' lang='lat' dir='ltr'><strong>sequatur3</strong></span> 
     </span>
     <span class='ocr_line' id='line_1_41' title="bbox 214 4621 1530 4711; baseline 0 -19"><span class='ocrx_word' id='word_1_371' title='bbox 214 4623 275 4692; x_wconf 86' lang='lat' dir='ltr'><strong>sed</strong></span> <span class='ocrx_word' id='word_1_372' title='bbox 296 4627 471 4711; x_wconf 88' lang='lat' dir='ltr'><strong>praeterea</strong></span> <span class='ocrx_word' id='word_1_373' title='bbox 492 4624 618 4710; x_wconf 85' lang='lat' dir='ltr'><strong>aliquoi</strong></span> <span class='ocrx_word' id='word_1_374' title='bbox 644 4621 778 4689; x_wconf 84' lang='lat' dir='ltr'><strong>exhibet</strong></span> <span class='ocrx_word' id='word_1_375' title='bbox 806 4624 984 4707; x_wconf 86' lang='lat' dir='ltr'><strong>lectiones,</strong></span> <span class='ocrx_word' id='word_1_376' title='bbox 1018 4641 1101 4711; x_wconf 86' lang='lat' dir='ltr'><strong>quae</strong></span> <span class='ocrx_word' id='word_1_377' title='bbox 1130 4622 1342 4709; x_wconf 83' lang='lat' dir='ltr'><strong>Criticorum,</strong></span> <span class='ocrx_word' id='word_1_378' title='bbox 1375 4625 1530 4710; x_wconf 88' lang='lat' dir='ltr'><strong>imprimis</strong></span> 
     </span>
     <span class='ocr_line' id='line_1_42' title="bbox 214 4726 1530 4815; baseline 0.001 -21"><span class='ocrx_word' id='word_1_379' title='bbox 214 4727 374 4811; x_wconf 84' lang='lat' dir='ltr'><strong>Manutii,</strong></span> <span class='ocrx_word' id='word_1_380' title='bbox 397 4732 576 4796; x_wconf 86' lang='lat' dir='ltr'><strong>tumetium</strong></span> <span class='ocrx_word' id='word_1_381' title='bbox 595 4727 748 4815; x_wconf 88' lang='lat' dir='ltr'><strong>Victorii,</strong></span> <span class='ocrx_word' id='word_1_382' title='bbox 775 4726 909 4811; x_wconf 80' lang='lat' dir='ltr'><strong>Faerni,</strong></span> <span class='ocrx_word' id='word_1_383' title='bbox 930 4726 1143 4813; x_wconf 87' lang='lat' dir='ltr'><strong>Maiaspinae</strong></span> <span class='ocrx_word' id='word_1_384' title='bbox 1160 4727 1361 4795; x_wconf 85' lang='lat' dir='ltr'><strong>coniecturis</strong></span> <span class='ocrx_word' id='word_1_385' title='bbox 1377 4745 1420 4796; x_wconf 85' lang='lat' dir='ltr'><strong>ex</strong></span> <span class='ocrx_word' id='word_1_386' title='bbox 1436 4729 1530 4814; x_wconf 87' lang='lat' dir='ltr'><strong>ipso-</strong></span> 
     </span>
     <span class='ocr_line' id='line_1_43' title="bbox 213 4822 1530 4922; baseline 0.002 -26"><span class='ocrx_word' id='word_1_387' title='bbox 213 4849 285 4896; x_wconf 89' lang='lat' dir='ltr'><strong>rum</strong></span> <span class='ocrx_word' id='word_1_388' title='bbox 306 4834 502 4898; x_wconf 87' lang='lat' dir='ltr'><strong>testimoniis</strong></span> <span class='ocrx_word' id='word_1_389' title='bbox 524 4834 627 4922; x_wconf 81' lang='lat' dir='ltr'><strong>vuigo</strong></span> <span class='ocrx_word' id='word_1_390' title='bbox 649 4831 839 4898; x_wconf 84' lang='lat' dir='ltr'><strong>tribuuntur</strong></span> <span class='ocrx_word' id='word_1_391' title='bbox 869 4822 954 4913; x_wconf 82' lang='lat' dir='ltr'><strong>(cir.</strong></span> <span class='ocrx_word' id='word_1_392' title='bbox 976 4850 1054 4920; x_wconf 80' lang='lat' dir='ltr'><strong>pag.</strong></span> <span class='ocrx_word' id='word_1_393' title='bbox 1075 4829 1163 4898; x_wconf 78' lang='lat'><strong>191.</strong></span> <span class='ocrx_word' id='word_1_394' title='bbox 1184 4830 1248 4898; x_wconf 79' lang='lat' dir='ltr'><strong>Eid.</strong></span> <span class='ocrx_word' id='word_1_395' title='bbox 1264 4849 1355 4898; x_wconf 89' lang='lat' dir='ltr'><strong>meae</strong></span> <span class='ocrx_word' id='word_1_396' title='bbox 1376 4822 1530 4920; x_wconf 79' lang='lat' dir='ltr'><strong>prioris),</strong></span> 
     </span>
     <span class='ocr_line' id='line_1_44' title="bbox 214 4931 1530 5024; baseline 0.002 -24"><span class='ocrx_word' id='word_1_397' title='bbox 214 4938 252 5000; x_wconf 89' lang='lat' dir='ltr'><strong>ut</strong></span> <span class='ocrx_word' id='word_1_398' title='bbox 266 4953 504 5022; x_wconf 85' lang='lat' dir='ltr'><strong>saepenumero</strong></span> <span class='ocrx_word' id='word_1_399' title='bbox 519 4937 552 5001; x_wconf 93' lang='lat' dir='ltr'><strong>in</strong></span> <span class='ocrx_word' id='word_1_400' title='bbox 567 4939 706 5002; x_wconf 87' lang='lat' dir='ltr'><strong>mentem</strong></span> <span class='ocrx_word' id='word_1_401' title='bbox 722 4934 797 5000; x_wconf 86' lang='lat' dir='ltr'><strong>mibi</strong></span> <span class='ocrx_word' id='word_1_402' title='bbox 814 4937 962 5024; x_wconf 87' lang='lat' dir='ltr'><strong>venerit,</strong></span> <span class='ocrx_word' id='word_1_403' title='bbox 982 4954 1094 5002; x_wconf 87' lang='lat' dir='ltr'><strong>annon</strong></span> <span class='ocrx_word' id='word_1_404' title='bbox 1105 4955 1124 5002; x_wconf 91' lang='lat' dir='ltr'><strong>a</strong></span> <span class='ocrx_word' id='word_1_405' title='bbox 1137 4935 1217 5002; x_wconf 79' lang='lat' dir='ltr'><strong>Viro</strong></span> <span class='ocrx_word' id='word_1_406' title='bbox 1233 4933 1332 5002; x_wconf 90' lang='lat' dir='ltr'><strong>docto</strong></span> <span class='ocrx_word' id='word_1_407' title='bbox 1347 4931 1425 5004; x_wconf 85' lang='lat' dir='ltr'><strong>Sec.</strong></span> <span class='ocrx_word' id='word_1_408' title='bbox 1435 4933 1530 5002; x_wconf 89' lang='lat' dir='ltr'><strong>xv1.</strong></span> 
     </span>
     <span class='ocr_line' id='line_1_45' title="bbox 215 5037 1531 5130; baseline 0.004 -25"><span class='ocrx_word' id='word_1_409' title='bbox 215 5045 375 5106; x_wconf 76' lang='lat' dir='ltr'><strong>exarmm</strong></span> <span class='ocrx_word' id='word_1_410' title='bbox 387 5041 448 5128; x_wconf 91' lang='lat' dir='ltr'><strong>sit,</strong></span> <span class='ocrx_word' id='word_1_411' title='bbox 470 5041 525 5128; x_wconf 87' lang='lat' dir='ltr'><strong>qui</strong></span> <span class='ocrx_word' id='word_1_412' title='bbox 545 5041 581 5106; x_wconf 90' lang='lat' dir='ltr'><strong>in</strong></span> <span class='ocrx_word' id='word_1_413' title='bbox 599 5041 745 5108; x_wconf 87' lang='lat' dir='ltr'><strong>tectione</strong></span> <span class='ocrx_word' id='word_1_414' title='bbox 766 5037 999 5108; x_wconf 89' lang='lat' dir='ltr'><strong>constituenda</strong></span> <span class='ocrx_word' id='word_1_415' title='bbox 1019 5038 1183 5109; x_wconf 91' lang='lat' dir='ltr'><strong>interdum</strong></span> <span class='ocrx_word' id='word_1_416' title='bbox 1204 5037 1326 5110; x_wconf 88' lang='lat' dir='ltr'><strong>iudicia</strong></span> <span class='ocrx_word' id='word_1_417' title='bbox 1345 5040 1531 5130; x_wconf 83' lang='lat' dir='ltr'><strong>aequalium</strong></span> 
     </span>
    </p>
   </div>
   <div class='ocr_carea' id='block_1_4' title="bbox 0 0 1852 5874">
    <p class='ocr_par' dir='ltr' id='par_1_6' title="bbox 0 0 1852 5874">
     <span class='ocr_line' id='line_1_46' title="bbox 0 0 1852 5874; baseline 0 0"><span class='ocrx_word' id='word_1_418' title='bbox 0 0 1852 5874; x_wconf 95' lang='lat' dir='ltr'><strong> </strong></span> 
     </span>
    </p>
   </div>
  </div>
 </body>
</html>
