<?xml version="1.0" encoding="UTF-8"?>
<!DOCTYPE html PUBLIC "-//W3C//DTD XHTML 1.0 Transitional//EN"
    "http://www.w3.org/TR/xhtml1/DTD/xhtml1-transitional.dtd">
<html xmlns="http://www.w3.org/1999/xhtml" xml:lang="en" lang="en">
 <head>
  <title>
</title>
<meta http-equiv="Content-Type" content="text/html;charset=utf-8" />
  <meta name='ocr-system' content='tesseract 3.04.00' />
  <meta name='ocr-capabilities' content='ocr_page ocr_carea ocr_par ocr_line ocrx_word'/>
</head>
<body>
  <div class='ocr_page' id='page_1' title='image "./mtulliiciceroni06baitgoog_0258.png"; bbox 0 0 3628 5874; ppageno 0'>
   <div class='ocr_carea' id='block_1_1' title="bbox 590 395 1483 462">
    <p class='ocr_par' dir='ltr' id='par_1_1' title="bbox 590 395 1483 462">
     <span class='ocr_line' id='line_1_1' title="bbox 590 395 1483 462; baseline -0.003 0"><span class='ocrx_word' id='word_1_1' title='bbox 590 399 663 462; x_wconf 86' lang='lat' dir='ltr'><strong>LlB.</strong></span> <span class='ocrx_word' id='word_1_2' title='bbox 686 397 740 461; x_wconf 80' lang='lat' dir='ltr'><strong>Xl.</strong></span> <span class='ocrx_word' id='word_1_3' title='bbox 783 397 841 460; x_wconf 86' lang='grc' dir='ltr'><strong>ΕΡ.</strong></span> <span class='ocrx_word' id='word_1_4' title='bbox 864 396 894 458; x_wconf 73' lang='lat'><strong>2.</strong></span> <span class='ocrx_word' id='word_1_5' title='bbox 916 397 946 456; x_wconf 81' lang='grc'><strong>3.</strong></span> <span class='ocrx_word' id='word_1_6' title='bbox 968 395 999 458; x_wconf 78' lang='lat' dir='ltr'><strong>l.</strong></span> <span class='ocrx_word' id='word_1_7' title='bbox 1021 395 1052 458; x_wconf 82' lang='lat'><strong>5.</strong></span> <span class='ocrx_word' id='word_1_8' title='bbox 1423 395 1483 459; x_wconf 77' lang='lat'><strong>193</strong></span> 
     </span>
    </p>
   </div>
   <div class='ocr_carea' id='block_1_2' title="bbox 164 554 1526 1868">
    <p class='ocr_par' dir='ltr' id='par_1_2' title="bbox 164 554 1526 1868">
     <span class='ocr_line' id='line_1_2' title="bbox 164 554 1485 644; baseline -0.003 -18"><span class='ocrx_word' id='word_1_9' title='bbox 164 557 276 626; x_wconf 85' lang='lat' dir='ltr'><strong>fiducia</strong></span> <span class='ocrx_word' id='word_1_10' title='bbox 298 557 376 624; x_wconf 92' lang='lat' dir='ltr'><strong>nibil</strong></span> <span class='ocrx_word' id='word_1_11' title='bbox 397 567 461 633; x_wconf 90' lang='lat' dir='ltr'><strong>est,</strong></span> <span class='ocrx_word' id='word_1_12' title='bbox 483 555 570 644; x_wconf 88' lang='lat' dir='ltr'><strong>quod</strong></span> <span class='ocrx_word' id='word_1_13' title='bbox 590 578 649 622; x_wconf 90' lang='lat' dir='ltr'><strong>uos</strong></span> <span class='ocrx_word' id='word_1_14' title='bbox 671 566 806 634; x_wconf 66' lang='lat' dir='ltr'><strong>terream</strong></span> <span class='ocrx_word' id='word_1_15' title='bbox 828 575 931 642; x_wconf 89' lang='lat' dir='ltr'><strong>neque</strong></span> <span class='ocrx_word' id='word_1_16' title='bbox 952 555 1035 622; x_wconf 85' lang='lat' dir='ltr'><strong>enim</strong></span> <span class='ocrx_word' id='word_1_17' title='bbox 1057 554 1147 620; x_wconf 87' lang='lat' dir='ltr'><strong>decet</strong></span> <span class='ocrx_word' id='word_1_18' title='bbox 1167 563 1221 620; x_wconf 90' lang='lat' dir='ltr'><strong>aut</strong></span> <span class='ocrx_word' id='word_1_19' title='bbox 1236 555 1380 622; x_wconf 90' lang='lat' dir='ltr'><strong>convenit</strong></span> <span class='ocrx_word' id='word_1_20' title='bbox 1394 555 1485 623; x_wconf 87' lang='lat' dir='ltr'><strong>nobis</strong></span> 
     </span>
     <span class='ocr_line' id='line_1_3' title="bbox 164 649 1486 742; baseline -0.002 -22"><span class='ocrx_word' id='word_1_21' title='bbox 164 653 305 742; x_wconf 91' lang='lat' dir='ltr'><strong>periculo</strong></span> <span class='ocrx_word' id='word_1_22' title='bbox 335 651 390 718; x_wconf 92' lang='lat' dir='ltr'><strong>ulli</strong></span> <span class='ocrx_word' id='word_1_23' title='bbox 422 649 606 717; x_wconf 78' lang='lat' dir='ltr'>submittere</span> <span class='ocrx_word' id='word_1_24' title='bbox 636 650 774 716; x_wconf 89' lang='lat' dir='ltr'><strong>animum</strong></span> <span class='ocrx_word' id='word_1_25' title='bbox 802 659 945 716; x_wconf 89' lang='lat' dir='ltr'><strong>nostrum</strong></span> <span class='ocrx_word' id='word_1_26' title='bbox 971 671 1073 737; x_wconf 86' lang='lat' dir='ltr'><strong>neque</strong></span> <span class='ocrx_word' id='word_1_27' title='bbox 1103 658 1151 716; x_wconf 90' lang='lat' dir='ltr'><strong>est</strong></span> <span class='ocrx_word' id='word_1_28' title='bbox 1171 650 1305 717; x_wconf 79' lang='lat' dir='ltr'><strong>Antonio</strong></span> <span class='ocrx_word' id='word_1_29' title='bbox 1327 652 1486 738; x_wconf 90' lang='lat' dir='ltr'><strong>postulan-</strong></span> 
     </span>
     <span class='ocr_line' id='line_1_4' title="bbox 166 744 1486 832; baseline -0.003 -18"><span class='ocrx_word' id='word_1_30' title='bbox 166 749 250 822; x_wconf 89' lang='lat' dir='ltr'><strong>dum,</strong></span> <span class='ocrx_word' id='word_1_31' title='bbox 273 756 308 812; x_wconf 93' lang='lat' dir='ltr'><strong>ut</strong></span> <span class='ocrx_word' id='word_1_32' title='bbox 321 745 359 812; x_wconf 92' lang='lat' dir='ltr'><strong>iis</strong></span> <span class='ocrx_word' id='word_1_33' title='bbox 371 746 515 831; x_wconf 91' lang='lat' dir='ltr'><strong>imperet,</strong></span> <span class='ocrx_word' id='word_1_34' title='bbox 537 765 673 832; x_wconf 89' lang='lat' dir='ltr'><strong>quorum</strong></span> <span class='ocrx_word' id='word_1_35' title='bbox 688 763 785 830; x_wconf 89' lang='lat' dir='ltr'><strong>opera</strong></span> <span class='ocrx_word' id='word_1_36' title='bbox 798 744 878 812; x_wconf 92' lang='lat' dir='ltr'><strong>liber</strong></span> <span class='ocrx_word' id='word_1_37' title='bbox 899 754 956 812; x_wconf 92' lang='lat' dir='ltr'><strong>est.</strong></span> <span class='ocrx_word' id='word_1_38' title='bbox 997 750 1060 812; x_wconf 89' lang='lat' dir='ltr'><strong>Nos</strong></span> <span class='ocrx_word' id='word_1_39' title='bbox 1082 745 1107 810; x_wconf 91' lang='lat' dir='ltr'><strong>si</strong></span> <span class='ocrx_word' id='word_1_40' title='bbox 1129 745 1189 810; x_wconf 90' lang='lat' dir='ltr'><strong>alia</strong></span> <span class='ocrx_word' id='word_1_41' title='bbox 1212 745 1428 819; x_wconf 79' lang='lat' dir='ltr'><strong>hortarentur,</strong></span> <span class='ocrx_word' id='word_1_42' title='bbox 1451 754 1486 810; x_wconf 93' lang='lat' dir='ltr'><strong>ut</strong></span> 
     </span>
     <span class='ocr_line' id='line_1_5' title="bbox 166 838 1485 926; baseline -0.005 -18"><span class='ocrx_word' id='word_1_43' title='bbox 166 841 283 908; x_wconf 88' lang='lat' dir='ltr'><strong>bellum</strong></span> <span class='ocrx_word' id='word_1_44' title='bbox 298 840 389 905; x_wconf 91' lang='lat' dir='ltr'><strong>civile</strong></span> <span class='ocrx_word' id='word_1_45' title='bbox 410 840 560 905; x_wconf 88' lang='lat' dir='ltr'><strong>suscitare</strong></span> <span class='ocrx_word' id='word_1_46' title='bbox 577 839 736 912; x_wconf 89' lang='lat' dir='ltr'><strong>vellemus,</strong></span> <span class='ocrx_word' id='word_1_47' title='bbox 758 838 878 905; x_wconf 76' lang='lat' dir='ltr'><strong>litterae</strong></span> <span class='ocrx_word' id='word_1_48' title='bbox 894 848 965 905; x_wconf 91' lang='lat' dir='ltr'><strong>tuae</strong></span> <span class='ocrx_word' id='word_1_49' title='bbox 983 840 1060 905; x_wconf 91' lang='lat' dir='ltr'><strong>nibil</strong></span> <span class='ocrx_word' id='word_1_50' title='bbox 1079 838 1277 926; x_wconf 84' lang='lat' dir='ltr'><strong>proficerent.</strong></span> <span class='ocrx_word' id='word_1_51' title='bbox 1303 839 1391 904; x_wconf 87' lang='lat' dir='ltr'><strong>Nulla</strong></span> <span class='ocrx_word' id='word_1_52' title='bbox 1402 839 1485 904; x_wconf 89' lang='lat' dir='ltr'><strong>enim</strong></span> 
     </span>
     <span class='ocr_line' id='line_1_6' title="bbox 166 925 1510 1021; baseline -0.003 -21"><span class='ocrx_word' id='word_1_53' title='bbox 166 940 311 1001; x_wconf 91' lang='lat' dir='ltr'><strong>minantis</strong></span> <span class='ocrx_word' id='word_1_54' title='bbox 323 933 490 999; x_wconf 88' lang='lat' dir='ltr'><strong>auctoritas</strong></span> <span class='ocrx_word' id='word_1_55' title='bbox 503 931 585 1021; x_wconf 90' lang='lat' dir='ltr'><strong>apud</strong></span> <span class='ocrx_word' id='word_1_56' title='bbox 598 931 715 998; x_wconf 86' lang='lat' dir='ltr'><strong>liberos</strong></span> <span class='ocrx_word' id='word_1_57' title='bbox 731 941 788 998; x_wconf 90' lang='lat' dir='ltr'><strong>est.</strong></span> <span class='ocrx_word' id='word_1_58' title='bbox 831 933 892 999; x_wconf 90' lang='lat' dir='ltr'><strong>Sed</strong></span> <span class='ocrx_word' id='word_1_59' title='bbox 912 934 1042 1021; x_wconf 88' lang='lat' dir='ltr'><strong>pulchre</strong></span> <span class='ocrx_word' id='word_1_60' title='bbox 1063 933 1208 1018; x_wconf 77' lang='lat' dir='ltr'><strong>intelligis</strong></span> <span class='ocrx_word' id='word_1_61' title='bbox 1230 953 1293 998; x_wconf 89' lang='lat' dir='ltr'><strong>non</strong></span> <span class='ocrx_word' id='word_1_62' title='bbox 1314 925 1407 1020; x_wconf 81' lang='lat' dir='ltr'><strong>posse</strong></span> <span class='ocrx_word' id='word_1_63' title='bbox 1428 949 1510 998; x_wconf 69' lang='lat' dir='ltr'><strong>nosa</strong></span> 
     </span>
     <span class='ocr_line' id='line_1_7' title="bbox 166 1023 1487 1118; baseline -0.004 -22"><span class='ocrx_word' id='word_1_64' title='bbox 166 1050 326 1118; x_wconf 89' lang='lat' dir='ltr'><strong>quoquam</strong></span> <span class='ocrx_word' id='word_1_65' title='bbox 347 1027 478 1113; x_wconf 86' lang='lat' dir='ltr'><strong>impelli;</strong></span> <span class='ocrx_word' id='word_1_66' title='bbox 501 1037 533 1092; x_wconf 92' lang='lat' dir='ltr'><strong>et</strong></span> <span class='ocrx_word' id='word_1_67' title='bbox 554 1023 695 1092; x_wconf 78' lang='lat' dir='ltr'><strong>fortassis</strong></span> <span class='ocrx_word' id='word_1_68' title='bbox 717 1047 754 1091; x_wconf 88' lang='lat' dir='ltr'><strong>ea</strong></span> <span class='ocrx_word' id='word_1_69' title='bbox 775 1047 811 1091; x_wconf 88' lang='lat' dir='ltr'><strong>re</strong></span> <span class='ocrx_word' id='word_1_70' title='bbox 832 1028 994 1093; x_wconf 86' lang='lat' dir='ltr'><strong>minaciter</strong></span> <span class='ocrx_word' id='word_1_71' title='bbox 1015 1029 1099 1113; x_wconf 79' lang='lat' dir='ltr'><strong>agis,</strong></span> <span class='ocrx_word' id='word_1_72' title='bbox 1121 1037 1156 1093; x_wconf 92' lang='lat' dir='ltr'><strong>ut</strong></span> <span class='ocrx_word' id='word_1_73' title='bbox 1173 1027 1322 1093; x_wconf 88' lang='lat' dir='ltr'><strong>iudicium</strong></span> <span class='ocrx_word' id='word_1_74' title='bbox 1344 1037 1487 1091; x_wconf 86' lang='lat' dir='ltr'><strong>nostrum</strong></span> 
     </span>
     <span class='ocr_line' id='line_1_8' title="bbox 165 1119 1488 1208; baseline -0.005 -19"><span class='ocrx_word' id='word_1_75' title='bbox 165 1132 266 1189; x_wconf 89' lang='lat' dir='ltr'><strong>metus</strong></span> <span class='ocrx_word' id='word_1_76' title='bbox 289 1121 444 1188; x_wconf 89' lang='lat' dir='ltr'><strong>videatur.</strong></span> <span class='ocrx_word' id='word_1_77' title='bbox 493 1125 525 1186; x_wconf 81' lang='grc'>1.</span> <span class='ocrx_word' id='word_1_78' title='bbox 546 1126 610 1186; x_wconf 83' lang='lat' dir='ltr'><strong>llos</strong></span> <span class='ocrx_word' id='word_1_79' title='bbox 630 1120 664 1185; x_wconf 92' lang='lat' dir='ltr'><strong>in</strong></span> <span class='ocrx_word' id='word_1_80' title='bbox 686 1120 743 1185; x_wconf 91' lang='lat' dir='ltr'><strong>bac</strong></span> <span class='ocrx_word' id='word_1_81' title='bbox 760 1120 911 1186; x_wconf 89' lang='lat' dir='ltr'><strong>sententia</strong></span> <span class='ocrx_word' id='word_1_82' title='bbox 931 1143 1051 1198; x_wconf 91' lang='lat' dir='ltr'><strong>sumus,</strong></span> <span class='ocrx_word' id='word_1_83' title='bbox 1074 1131 1108 1186; x_wconf 92' lang='lat' dir='ltr'><strong>ut</strong></span> <span class='ocrx_word' id='word_1_84' title='bbox 1122 1131 1152 1186; x_wconf 91' lang='lat' dir='ltr'><strong>te</strong></span> <span class='ocrx_word' id='word_1_85' title='bbox 1166 1121 1328 1208; x_wconf 90' lang='lat' dir='ltr'><strong>cupiamus</strong></span> <span class='ocrx_word' id='word_1_86' title='bbox 1342 1121 1375 1185; x_wconf 89' lang='lat' dir='ltr'><strong>in</strong></span> <span class='ocrx_word' id='word_1_87' title='bbox 1390 1119 1488 1184; x_wconf 89' lang='lat' dir='ltr'><strong>libera</strong></span> 
     </span>
     <span class='ocr_line' id='line_1_9' title="bbox 166 1213 1489 1305; baseline -0.004 -22"><span class='ocrx_word' id='word_1_88' title='bbox 166 1239 201 1282; x_wconf 90' lang='lat' dir='ltr'><strong>re</strong></span> <span class='ocrx_word' id='word_1_89' title='bbox 222 1216 348 1305; x_wconf 91' lang='lat' dir='ltr'><strong>publica</strong></span> <span class='ocrx_word' id='word_1_90' title='bbox 369 1237 515 1302; x_wconf 79' lang='lat' dir='ltr'><strong>maguum</strong></span> <span class='ocrx_word' id='word_1_91' title='bbox 537 1223 631 1301; x_wconf 89' lang='lat' dir='ltr'><strong>atque</strong></span> <span class='ocrx_word' id='word_1_92' title='bbox 652 1214 816 1280; x_wconf 86' lang='lat' dir='ltr'><strong>honestum</strong></span> <span class='ocrx_word' id='word_1_93' title='bbox 838 1236 924 1294; x_wconf 91' lang='lat' dir='ltr'><strong>esse;</strong></span> <span class='ocrx_word' id='word_1_94' title='bbox 952 1236 1100 1282; x_wconf 89' lang='lat' dir='ltr'><strong>vocemus</strong></span> <span class='ocrx_word' id='word_1_95' title='bbox 1121 1225 1152 1281; x_wconf 89' lang='lat' dir='ltr'><strong>te</strong></span> <span class='ocrx_word' id='word_1_96' title='bbox 1174 1216 1213 1282; x_wconf 91' lang='lat' dir='ltr'><strong>ad</strong></span> <span class='ocrx_word' id='word_1_97' title='bbox 1234 1214 1333 1280; x_wconf 91' lang='lat' dir='ltr'><strong>nullas</strong></span> <span class='ocrx_word' id='word_1_98' title='bbox 1354 1213 1489 1280; x_wconf 90' lang='lat' dir='ltr'><strong>inimici·</strong></span> 
     </span>
     <span class='ocr_line' id='line_1_10' title="bbox 166 1307 1487 1396; baseline -0.005 -19"><span class='ocrx_word' id='word_1_99' title='bbox 166 1313 238 1384; x_wconf 89' lang='lat' dir='ltr'><strong>tias,</strong></span> <span class='ocrx_word' id='word_1_100' title='bbox 261 1309 316 1376; x_wconf 85' lang='lat' dir='ltr'><strong>sed</strong></span> <span class='ocrx_word' id='word_1_101' title='bbox 340 1319 442 1376; x_wconf 68' lang='lat' dir='ltr'><strong>umen</strong></span> <span class='ocrx_word' id='word_1_102' title='bbox 463 1309 562 1396; x_wconf 91' lang='lat' dir='ltr'><strong>pluris</strong></span> <span class='ocrx_word' id='word_1_103' title='bbox 582 1319 722 1374; x_wconf 89' lang='lat' dir='ltr'><strong>nostram</strong></span> <span class='ocrx_word' id='word_1_104' title='bbox 743 1307 918 1374; x_wconf 88' lang='lat' dir='ltr'><strong>libertatem</strong></span> <span class='ocrx_word' id='word_1_105' title='bbox 939 1330 1032 1396; x_wconf 88' lang='lat' dir='ltr'><strong>quam</strong></span> <span class='ocrx_word' id='word_1_106' title='bbox 1055 1319 1141 1376; x_wconf 90' lang='lat' dir='ltr'><strong>tuam</strong></span> <span class='ocrx_word' id='word_1_107' title='bbox 1165 1310 1332 1374; x_wconf 88' lang='lat' dir='ltr'><strong>amicitiam</strong></span> <span class='ocrx_word' id='word_1_108' title='bbox 1347 1307 1487 1373; x_wconf 89' lang='lat' dir='ltr'><strong>aestime-</strong></span> 
     </span>
     <span class='ocr_line' id='line_1_11' title="bbox 166 1400 1526 1490; baseline -0.004 -19"><span class='ocrx_word' id='word_1_109' title='bbox 166 1427 246 1471; x_wconf 89' lang='lat' dir='ltr'><strong>mus.</strong></span> <span class='ocrx_word' id='word_1_110' title='bbox 289 1410 336 1470; x_wconf 90' lang='lat' dir='ltr'><strong>Tu</strong></span> <span class='ocrx_word' id='word_1_111' title='bbox 357 1409 450 1468; x_wconf 90' lang='lat' dir='ltr'><strong>etiam</strong></span> <span class='ocrx_word' id='word_1_112' title='bbox 471 1413 565 1490; x_wconf 88' lang='lat' dir='ltr'><strong>atque</strong></span> <span class='ocrx_word' id='word_1_113' title='bbox 586 1407 679 1466; x_wconf 85' lang='lat' dir='ltr'><strong>etiam</strong></span> <span class='ocrx_word' id='word_1_114' title='bbox 702 1400 788 1478; x_wconf 89' lang='lat' dir='ltr'><strong>vide,</strong></span> <span class='ocrx_word' id='word_1_115' title='bbox 811 1402 885 1489; x_wconf 88' lang='lat' dir='ltr'><strong>quid</strong></span> <span class='ocrx_word' id='word_1_116' title='bbox 908 1402 1072 1490; x_wconf 87' lang='lat' dir='ltr'><strong>suscipias,</strong></span> <span class='ocrx_word' id='word_1_117' title='bbox 1096 1403 1170 1490; x_wconf 89' lang='lat' dir='ltr'><strong>quid</strong></span> <span class='ocrx_word' id='word_1_118' title='bbox 1193 1404 1347 1470; x_wconf 90' lang='lat' dir='ltr'><strong>sustinere</strong></span> <span class='ocrx_word' id='word_1_119' title='bbox 1367 1403 1526 1489; x_wconf 81' lang='lat' dir='ltr'><strong>possis;¹⁰</strong></span> 
     </span>
     <span class='ocr_line' id='line_1_12' title="bbox 166 1493 1489 1588; baseline -0.002 -24"><span class='ocrx_word' id='word_1_120' title='bbox 166 1520 289 1588; x_wconf 89' lang='lat' dir='ltr'><strong>neque,</strong></span> <span class='ocrx_word' id='word_1_121' title='bbox 326 1519 419 1586; x_wconf 88' lang='lat' dir='ltr'><strong>quam</strong></span> <span class='ocrx_word' id='word_1_122' title='bbox 441 1496 496 1562; x_wconf 94' lang='lat' dir='ltr'><strong>diu</strong></span> <span class='ocrx_word' id='word_1_123' title='bbox 518 1497 633 1562; x_wconf 90' lang='lat' dir='ltr'><strong>vixerit</strong></span> <span class='ocrx_word' id='word_1_124' title='bbox 655 1500 783 1572; x_wconf 89' lang='lat' dir='ltr'><strong>Caesar,</strong></span> <span class='ocrx_word' id='word_1_125' title='bbox 806 1495 861 1562; x_wconf 92' lang='lat' dir='ltr'><strong>sed</strong></span> <span class='ocrx_word' id='word_1_126' title='bbox 883 1519 976 1584; x_wconf 89' lang='lat' dir='ltr'><strong>quam</strong></span> <span class='ocrx_word' id='word_1_127' title='bbox 998 1518 1061 1562; x_wconf 90' lang='lat' dir='ltr'><strong>neu</strong></span> <span class='ocrx_word' id='word_1_128' title='bbox 1083 1496 1138 1563; x_wconf 90' lang='lat' dir='ltr'><strong>diu</strong></span> <span class='ocrx_word' id='word_1_129' title='bbox 1158 1502 1310 1583; x_wconf 79' lang='lat' dir='ltr'><strong>regnarit,</strong></span> <span class='ocrx_word' id='word_1_130' title='bbox 1333 1493 1382 1560; x_wconf 87' lang='lat' dir='ltr'><strong>lac</strong></span> <span class='ocrx_word' id='word_1_131' title='bbox 1403 1495 1489 1580; x_wconf 80' lang='lat' dir='ltr'><strong>cogi·</strong></span> 
     </span>
     <span class='ocr_line' id='line_1_13' title="bbox 167 1589 1489 1678; baseline -0.002 -19"><span class='ocrx_word' id='word_1_132' title='bbox 167 1604 222 1659; x_wconf 91' lang='lat' dir='ltr'><strong>tes.</strong></span> <span class='ocrx_word' id='word_1_133' title='bbox 265 1598 349 1657; x_wconf 87' lang='lat' dir='ltr'><strong>Deos</strong></span> <span class='ocrx_word' id='word_1_134' title='bbox 370 1611 574 1678; x_wconf 88' lang='lat' dir='ltr'><strong>quaesumus,</strong></span> <span class='ocrx_word' id='word_1_135' title='bbox 597 1589 724 1656; x_wconf 89' lang='lat' dir='ltr'><strong>consilia</strong></span> <span class='ocrx_word' id='word_1_136' title='bbox 745 1598 797 1656; x_wconf 92' lang='lat' dir='ltr'><strong>tua</strong></span> <span class='ocrx_word' id='word_1_137' title='bbox 818 1590 867 1655; x_wconf 91' lang='lat' dir='ltr'><strong>rei</strong></span> <span class='ocrx_word' id='word_1_138' title='bbox 897 1589 1039 1677; x_wconf 89' lang='lat' dir='ltr'><strong>publicae</strong></span> <span class='ocrx_word' id='word_1_139' title='bbox 1061 1591 1206 1657; x_wconf 88' lang='lat' dir='ltr'><strong>salutaria</strong></span> <span class='ocrx_word' id='word_1_140' title='bbox 1228 1592 1346 1656; x_wconf 89' lang='lat' dir='ltr'><strong>sintae</strong></span> <span class='ocrx_word' id='word_1_141' title='bbox 1367 1590 1439 1668; x_wconf 92' lang='lat' dir='ltr'><strong>tibi;</strong></span> <span class='ocrx_word' id='word_1_142' title='bbox 1462 1591 1489 1656; x_wconf 91' lang='lat' dir='ltr'><strong>si</strong></span> 
     </span>
     <span class='ocr_line' id='line_1_14' title="bbox 166 1682 1488 1772; baseline -0.002 -21"><span class='ocrx_word' id='word_1_143' title='bbox 166 1687 285 1760; x_wconf 91' lang='lat' dir='ltr'><strong>minus,</strong></span> <span class='ocrx_word' id='word_1_144' title='bbox 307 1697 356 1759; x_wconf 91' lang='lat' dir='ltr'><strong>ut,</strong></span> <span class='ocrx_word' id='word_1_145' title='bbox 379 1684 463 1750; x_wconf 88' lang='lat' dir='ltr'><strong>salva</strong></span> <span class='ocrx_word' id='word_1_146' title='bbox 485 1693 577 1770; x_wconf 88' lang='lat' dir='ltr'><strong>atque</strong></span> <span class='ocrx_word' id='word_1_147' title='bbox 600 1682 786 1750; x_wconf 86' lang='lat' dir='ltr'><strong>honestare</strong></span> <span class='ocrx_word' id='word_1_148' title='bbox 807 1682 946 1771; x_wconf 87' lang='lat' dir='ltr'><strong>publica,</strong></span> <span class='ocrx_word' id='word_1_149' title='bbox 969 1683 1025 1751; x_wconf 88' lang='lat' dir='ltr'><strong>tibi</strong></span> <span class='ocrx_word' id='word_1_150' title='bbox 1046 1705 1140 1772; x_wconf 61' lang='lat' dir='ltr'><strong>mam</strong></span> <span class='ocrx_word' id='word_1_151' title='bbox 1161 1685 1325 1752; x_wconf 90' lang='lat' dir='ltr'><strong>minimum</strong></span> <span class='ocrx_word' id='word_1_152' title='bbox 1347 1693 1488 1756; x_wconf 89' lang='lat' dir='ltr'><strong>noceant,</strong></span> 
     </span>
     <span class='ocr_line' id='line_1_15' title="bbox 167 1777 706 1868; baseline -0.006 -22"><span class='ocrx_word' id='word_1_153' title='bbox 167 1789 321 1868; x_wconf 88' lang='lat' dir='ltr'><strong>optamus.</strong></span> <span class='ocrx_word' id='word_1_154' title='bbox 363 1777 468 1846; x_wconf 88' lang='lat' dir='ltr'><strong>Pridie</strong></span> <span class='ocrx_word' id='word_1_155' title='bbox 489 1782 592 1844; x_wconf 90' lang='lat' dir='ltr'><strong>Nonas</strong></span> <span class='ocrx_word' id='word_1_156' title='bbox 614 1781 706 1844; x_wconf 54' lang='lat' dir='ltr'><strong>Sext,</strong></span> 
     </span>
    </p>
   </div>
   <div class='ocr_carea' id='block_1_3' title="bbox 647 1917 1529 2004">
    <p class='ocr_par' dir='ltr' id='par_1_3' title="bbox 647 1917 1529 2004">
     <span class='ocr_line' id='line_1_16' title="bbox 647 1917 1529 2004; baseline -0.005 -21"><span class='ocrx_word' id='word_1_157' title='bbox 647 1921 700 1983; x_wconf 82' lang='lat' dir='ltr'><strong>rr.</strong></span> <span class='ocrx_word' id='word_1_158' title='bbox 743 1917 793 2003; x_wconf 78' lang='lat' dir='ltr'><strong>(A.</strong></span> <span class='ocrx_word' id='word_1_159' title='bbox 819 1921 851 1985; x_wconf 88' lang='lat' dir='ltr'><strong>u.</strong></span> <span class='ocrx_word' id='word_1_160' title='bbox 874 1923 907 1984; x_wconf 87' lang='lat' dir='ltr'><strong>c.</strong></span> <span class='ocrx_word' id='word_1_161' title='bbox 929 1920 1014 2004; x_wconf 82' lang='lat' dir='ltr'><strong>rio.)</strong></span> <span class='ocrx_word' id='word_1_162' title='bbox 1502 1942 1529 1980; x_wconf 74' lang='lat' dir='ltr'><strong>n</strong></span> 
     </span>
    </p>
   </div>
   <div class='ocr_carea' id='block_1_4' title="bbox 353 1999 1312 2142">
    <p class='ocr_par' dir='ltr' id='par_1_4' title="bbox 353 1999 1312 2142">
     <span class='ocr_line' id='line_1_17' title="bbox 353 1999 1312 2142; baseline -0.007 -34"><span class='ocrx_word' id='word_1_163' title='bbox 353 2011 416 2142; x_wconf 74' lang='lat' dir='ltr'><strong>(n.</strong></span> <span class='ocrx_word' id='word_1_164' title='bbox 437 2043 585 2107; x_wconf 83' lang='lat' dir='ltr'><strong>saurus</strong></span> <span class='ocrx_word' id='word_1_165' title='bbox 607 2045 687 2108; x_wconf 82' lang='lat' dir='ltr'><strong>rur.</strong></span> <span class='ocrx_word' id='word_1_166' title='bbox 709 2042 794 2106; x_wconf 82' lang='lat' dir='ltr'><strong>coe.</strong></span> <span class='ocrx_word' id='word_1_167' title='bbox 816 2045 944 2108; x_wconf 84' lang='lat' dir='ltr'><strong>nrsre.</strong></span> <span class='ocrx_word' id='word_1_168' title='bbox 966 2045 998 2108; x_wconf 88' lang='lat' dir='ltr'><strong>s.</strong></span> <span class='ocrx_word' id='word_1_169' title='bbox 1018 2045 1056 2108; x_wconf 89' lang='lat' dir='ltr'><strong>u.</strong></span> <span class='ocrx_word' id='word_1_170' title='bbox 1081 2044 1275 2109; x_wconf 79' lang='lat' dir='ltr'><strong>crearem.</strong></span> <span class='ocrx_word' id='word_1_171' title='bbox 1298 1999 1312 2101; x_wconf 62' lang='lat' dir='ltr'><strong>l</strong></span> 
     </span>
    </p>
   </div>
   <div class='ocr_carea' id='block_1_5' title="bbox 168 2152 1529 2993">
    <p class='ocr_par' dir='ltr' id='par_1_5' title="bbox 168 2152 1529 2993">
     <span class='ocr_line' id='line_1_18' title="bbox 255 2152 1491 2242; baseline -0.003 -18"><span class='ocrx_word' id='word_1_172' title='bbox 255 2161 283 2224; x_wconf 92' lang='lat'><strong>1.</strong></span> <span class='ocrx_word' id='word_1_173' title='bbox 313 2155 346 2222; x_wconf 88' lang='lat' dir='ltr'><strong>si</strong></span> <span class='ocrx_word' id='word_1_174' title='bbox 374 2153 414 2220; x_wconf 91' lang='lat' dir='ltr'><strong>de</strong></span> <span class='ocrx_word' id='word_1_175' title='bbox 444 2164 496 2220; x_wconf 92' lang='lat' dir='ltr'><strong>tua</strong></span> <span class='ocrx_word' id='word_1_176' title='bbox 524 2153 557 2220; x_wconf 93' lang='lat' dir='ltr'><strong>in</strong></span> <span class='ocrx_word' id='word_1_177' title='bbox 578 2175 629 2220; x_wconf 90' lang='lat' dir='ltr'><strong>me</strong></span> <span class='ocrx_word' id='word_1_178' title='bbox 650 2153 809 2219; x_wconf 88' lang='lat' dir='ltr'><strong>voluntate</strong></span> <span class='ocrx_word' id='word_1_179' title='bbox 831 2152 1025 2227; x_wconf 83' lang='lat' dir='ltr'><strong>dubitarem,</strong></span> <span class='ocrx_word' id='word_1_180' title='bbox 1057 2154 1162 2220; x_wconf 88' lang='lat' dir='ltr'><strong>multis</strong></span> <span class='ocrx_word' id='word_1_181' title='bbox 1184 2175 1202 2220; x_wconf 91' lang='lat' dir='ltr'><strong>a</strong></span> <span class='ocrx_word' id='word_1_182' title='bbox 1225 2164 1255 2220; x_wconf 88' lang='lat' dir='ltr'><strong>te</strong></span> <span class='ocrx_word' id='word_1_183' title='bbox 1277 2154 1383 2221; x_wconf 88' lang='lat' dir='ltr'><strong>verbis</strong></span> <span class='ocrx_word' id='word_1_184' title='bbox 1404 2164 1491 2242; x_wconf 88' lang='lat' dir='ltr'><strong>pete·</strong></span> 
     </span>
     <span class='ocr_line' id='line_1_19' title="bbox 168 2246 1490 2337; baseline -0.002 -20"><span class='ocrx_word' id='word_1_185' title='bbox 168 2271 252 2327; x_wconf 73' lang='lat' dir='ltr'><strong>mm,</strong></span> <span class='ocrx_word' id='word_1_186' title='bbox 274 2258 309 2316; x_wconf 89' lang='lat' dir='ltr'><strong>ut</strong></span> <span class='ocrx_word' id='word_1_187' title='bbox 329 2249 510 2335; x_wconf 82' lang='lat' dir='ltr'><strong>dignitatem</strong></span> <span class='ocrx_word' id='word_1_188' title='bbox 532 2269 633 2313; x_wconf 87' lang='lat' dir='ltr'><strong>meam</strong></span> <span class='ocrx_word' id='word_1_189' title='bbox 657 2255 799 2321; x_wconf 90' lang='lat' dir='ltr'><strong>tuerere,</strong></span> <span class='ocrx_word' id='word_1_190' title='bbox 822 2246 877 2312; x_wconf 89' lang='lat' dir='ltr'><strong>sed</strong></span> <span class='ocrx_word' id='word_1_191' title='bbox 894 2247 1037 2334; x_wconf 88' lang='lat' dir='ltr'><strong>prolecto</strong></span> <span class='ocrx_word' id='word_1_192' title='bbox 1058 2255 1106 2312; x_wconf 86' lang='lat' dir='ltr'><strong>est</strong></span> <span class='ocrx_word' id='word_1_193' title='bbox 1119 2248 1176 2324; x_wconf 88' lang='lat' dir='ltr'><strong>ita,</strong></span> <span class='ocrx_word' id='word_1_194' title='bbox 1198 2257 1234 2314; x_wconf 91' lang='lat' dir='ltr'><strong>ut</strong></span> <span class='ocrx_word' id='word_1_195' title='bbox 1247 2248 1323 2316; x_wconf 89' lang='lat' dir='ltr'><strong>mibi</strong></span> <span class='ocrx_word' id='word_1_196' title='bbox 1337 2250 1490 2337; x_wconf 90' lang='lat' dir='ltr'><strong>persuasi,</strong></span> 
     </span>
     <span class='ocr_line' id='line_1_20' title="bbox 168 2340 1490 2428; baseline -0.001 -17"><span class='ocrx_word' id='word_1_197' title='bbox 168 2367 218 2411; x_wconf 89' lang='lat' dir='ltr'><strong>me</strong></span> <span class='ocrx_word' id='word_1_198' title='bbox 240 2343 294 2411; x_wconf 88' lang='lat' dir='ltr'><strong>tibi</strong></span> <span class='ocrx_word' id='word_1_199' title='bbox 317 2364 387 2409; x_wconf 90' lang='lat' dir='ltr'><strong>esse</strong></span> <span class='ocrx_word' id='word_1_200' title='bbox 408 2363 513 2408; x_wconf 89' lang='lat' dir='ltr'><strong>curae.</strong></span> <span class='ocrx_word' id='word_1_201' title='bbox 554 2345 743 2426; x_wconf 79' lang='lat' dir='ltr'><strong>Progressus</strong></span> <span class='ocrx_word' id='word_1_202' title='bbox 765 2362 835 2406; x_wconf 89' lang='lat' dir='ltr'><strong>sum</strong></span> <span class='ocrx_word' id='word_1_203' title='bbox 856 2340 895 2406; x_wconf 91' lang='lat' dir='ltr'><strong>ad</strong></span> <span class='ocrx_word' id='word_1_204' title='bbox 910 2341 1067 2428; x_wconf 86' lang='lat' dir='ltr'><strong>Inalpinos</strong></span> <span class='ocrx_word' id='word_1_205' title='bbox 1080 2362 1152 2408; x_wconf 90' lang='lat' dir='ltr'><strong>cum</strong></span> <span class='ocrx_word' id='word_1_206' title='bbox 1167 2343 1324 2416; x_wconf 86' lang='lat' dir='ltr'><strong>exercitu,</strong></span> <span class='ocrx_word' id='word_1_207' title='bbox 1346 2353 1490 2410; x_wconf 89' lang='lat' dir='ltr'><strong>nontam</strong></span> 
     </span>
     <span class='ocr_line' id='line_1_21' title="bbox 168 2434 1529 2524; baseline -0.004 -19"><span class='ocrx_word' id='word_1_208' title='bbox 168 2460 282 2505; x_wconf 89' lang='lat' dir='ltr'><strong>nomeu</strong></span> <span class='ocrx_word' id='word_1_209' title='bbox 309 2436 547 2524; x_wconf 87' lang='lat' dir='ltr'><strong>imperatorium</strong></span> <span class='ocrx_word' id='word_1_210' title='bbox 574 2445 700 2521; x_wconf 87' lang='lat' dir='ltr'><strong>captans</strong></span> <span class='ocrx_word' id='word_1_211' title='bbox 721 2457 814 2523; x_wconf 88' lang='lat' dir='ltr'><strong>quam</strong></span> <span class='ocrx_word' id='word_1_212' title='bbox 836 2435 964 2522; x_wconf 89' lang='lat' dir='ltr'><strong>cupiens</strong></span> <span class='ocrx_word' id='word_1_213' title='bbox 997 2434 1146 2501; x_wconf 85' lang='lat' dir='ltr'><strong>militibus</strong></span> <span class='ocrx_word' id='word_1_214' title='bbox 1167 2436 1346 2502; x_wconf 76' lang='lat' dir='ltr'><strong>satisfacere</strong></span> <span class='ocrx_word' id='word_1_215' title='bbox 1368 2436 1529 2504; x_wconf 83' lang='lat' dir='ltr'><strong>firmos-ra</strong></span> 
     </span>
     <span class='ocr_line' id='line_1_22' title="bbox 169 2528 1491 2622; baseline -0.002 -24"><span class='ocrx_word' id='word_1_216' title='bbox 169 2555 230 2622; x_wconf 89' lang='lat' dir='ltr'><strong>que</strong></span> <span class='ocrx_word' id='word_1_217' title='bbox 252 2553 307 2597; x_wconf 91' lang='lat' dir='ltr'><strong>eos</strong></span> <span class='ocrx_word' id='word_1_218' title='bbox 329 2529 368 2596; x_wconf 93' lang='lat' dir='ltr'><strong>ad</strong></span> <span class='ocrx_word' id='word_1_219' title='bbox 390 2529 518 2595; x_wconf 88' lang='lat' dir='ltr'><strong>tuendas</strong></span> <span class='ocrx_word' id='word_1_220' title='bbox 540 2539 662 2595; x_wconf 90' lang='lat' dir='ltr'><strong>nostras</strong></span> <span class='ocrx_word' id='word_1_221' title='bbox 683 2550 735 2594; x_wconf 90' lang='lat' dir='ltr'><strong>res</strong></span> <span class='ocrx_word' id='word_1_222' title='bbox 758 2528 892 2596; x_wconf 85' lang='lat' dir='ltr'><strong>efficere.</strong></span> <span class='ocrx_word' id='word_1_223' title='bbox 943 2533 973 2595; x_wconf 74' lang='lat'><strong>2.</strong></span> <span class='ocrx_word' id='word_1_224' title='bbox 997 2529 1090 2608; x_wconf 89' lang='lat' dir='ltr'><strong>Quod</strong></span> <span class='ocrx_word' id='word_1_225' title='bbox 1111 2529 1188 2595; x_wconf 94' lang='lat' dir='ltr'><strong>mibi</strong></span> <span class='ocrx_word' id='word_1_226' title='bbox 1209 2530 1321 2596; x_wconf 87' lang='lat' dir='ltr'><strong>videor</strong></span> <span class='ocrx_word' id='word_1_227' title='bbox 1343 2551 1491 2596; x_wconf 89' lang='lat' dir='ltr'><strong>consecu-</strong></span> 
     </span>
     <span class='ocr_line' id='line_1_23' title="bbox 168 2623 1490 2710; baseline -0.002 -18"><span class='ocrx_word' id='word_1_228' title='bbox 168 2636 234 2704; x_wconf 78' lang='lat' dir='ltr'><strong>tns3</strong></span> <span class='ocrx_word' id='word_1_229' title='bbox 257 2646 329 2691; x_wconf 87' lang='lat' dir='ltr'><strong>nam</strong></span> <span class='ocrx_word' id='word_1_230' title='bbox 351 2635 382 2690; x_wconf 93' lang='lat' dir='ltr'><strong>et</strong></span> <span class='ocrx_word' id='word_1_231' title='bbox 399 2623 614 2689; x_wconf 90' lang='lat' dir='ltr'><strong>liberalitatem</strong></span> <span class='ocrx_word' id='word_1_232' title='bbox 637 2631 776 2693; x_wconf 89' lang='lat' dir='ltr'><strong>nostram</strong></span> <span class='ocrx_word' id='word_1_233' title='bbox 791 2633 822 2688; x_wconf 92' lang='lat' dir='ltr'><strong>et</strong></span> <span class='ocrx_word' id='word_1_234' title='bbox 837 2623 977 2690; x_wconf 89' lang='lat' dir='ltr'><strong>animum</strong></span> <span class='ocrx_word' id='word_1_235' title='bbox 996 2634 1068 2688; x_wconf 90' lang='lat' dir='ltr'><strong>sunt</strong></span> <span class='ocrx_word' id='word_1_236' title='bbox 1080 2623 1214 2710; x_wconf 88' lang='lat' dir='ltr'><strong>experti.</strong></span> <span class='ocrx_word' id='word_1_237' title='bbox 1257 2627 1335 2690; x_wconf 88' lang='lat' dir='ltr'><strong>Cum</strong></span> <span class='ocrx_word' id='word_1_238' title='bbox 1349 2623 1490 2690; x_wconf 91' lang='lat' dir='ltr'><strong>omnium</strong></span> 
     </span>
     <span class='ocr_line' id='line_1_24' title="bbox 169 2716 1492 2804; baseline -0.001 -19"><span class='ocrx_word' id='word_1_239' title='bbox 169 2717 414 2785; x_wconf 88' lang='lat' dir='ltr'><strong>bellicosissimis</strong></span> <span class='ocrx_word' id='word_1_240' title='bbox 436 2716 552 2783; x_wconf 86' lang='lat' dir='ltr'><strong>bellum</strong></span> <span class='ocrx_word' id='word_1_241' title='bbox 574 2716 671 2802; x_wconf 79' lang='lat' dir='ltr'><strong>gessi;</strong></span> <span class='ocrx_word' id='word_1_242' title='bbox 693 2717 790 2782; x_wconf 91' lang='lat' dir='ltr'><strong>multa</strong></span> <span class='ocrx_word' id='word_1_243' title='bbox 811 2716 936 2782; x_wconf 87' lang='lat' dir='ltr'><strong>castella</strong></span> <span class='ocrx_word' id='word_1_244' title='bbox 951 2717 1037 2804; x_wconf 90' lang='lat' dir='ltr'><strong>cepi,</strong></span> <span class='ocrx_word' id='word_1_245' title='bbox 1059 2718 1156 2783; x_wconf 90' lang='lat' dir='ltr'><strong>multa</strong></span> <span class='ocrx_word' id='word_1_246' title='bbox 1169 2717 1299 2785; x_wconf 84' lang='lat' dir='ltr'><strong>vastavi.</strong></span> <span class='ocrx_word' id='word_1_247' title='bbox 1341 2720 1410 2783; x_wconf 86' lang='lat' dir='ltr'><strong>Non</strong></span> <span class='ocrx_word' id='word_1_248' title='bbox 1423 2717 1492 2784; x_wconf 90' lang='lat' dir='ltr'><strong>sine</strong></span> 
     </span>
     <span class='ocr_line' id='line_1_25' title="bbox 170 2809 1492 2898; baseline -0.002 -18"><span class='ocrx_word' id='word_1_249' title='bbox 170 2835 263 2880; x_wconf 87' lang='lat' dir='ltr'><strong>causa</strong></span> <span class='ocrx_word' id='word_1_250' title='bbox 288 2813 328 2878; x_wconf 93' lang='lat' dir='ltr'><strong>ad</strong></span> <span class='ocrx_word' id='word_1_251' title='bbox 355 2822 496 2878; x_wconf 88' lang='lat' dir='ltr'><strong>senatum</strong></span> <span class='ocrx_word' id='word_1_252' title='bbox 517 2811 635 2876; x_wconf 84' lang='lat' dir='ltr'><strong>litteras</strong></span> <span class='ocrx_word' id='word_1_253' title='bbox 661 2809 742 2876; x_wconf 90' lang='lat' dir='ltr'><strong>misi.</strong></span> <span class='ocrx_word' id='word_1_254' title='bbox 798 2811 919 2876; x_wconf 78' lang='lat' dir='ltr'><strong>Adiuva</strong></span> <span class='ocrx_word' id='word_1_255' title='bbox 948 2833 1006 2878; x_wconf 91' lang='lat' dir='ltr'><strong>nos</strong></span> <span class='ocrx_word' id='word_1_256' title='bbox 1034 2823 1087 2878; x_wconf 90' lang='lat' dir='ltr'><strong>tua</strong></span> <span class='ocrx_word' id='word_1_257' title='bbox 1113 2811 1280 2891; x_wconf 85' lang='lat' dir='ltr'><strong>sententia;</strong></span> <span class='ocrx_word' id='word_1_258' title='bbox 1313 2809 1492 2898; x_wconf 85' lang='lat' dir='ltr'><strong>quodcum</strong></span> 
     </span>
     <span class='ocr_line' id='line_1_26' title="bbox 169 2902 1529 2993; baseline -0.004 -19"><span class='ocrx_word' id='word_1_259' title='bbox 169 2907 277 2984; x_wconf 79' lang='lat' dir='ltr'><strong>iacies,</strong></span> <span class='ocrx_word' id='word_1_260' title='bbox 299 2928 341 2973; x_wconf 90' lang='lat' dir='ltr'><strong>ex</strong></span> <span class='ocrx_word' id='word_1_261' title='bbox 363 2925 477 2992; x_wconf 77' lang='lat' dir='ltr'><strong>magna</strong></span> <span class='ocrx_word' id='word_1_262' title='bbox 498 2913 588 2993; x_wconf 87' lang='lat' dir='ltr'><strong>parte</strong></span> <span class='ocrx_word' id='word_1_263' title='bbox 610 2907 769 2972; x_wconf 88' lang='lat' dir='ltr'><strong>communi</strong></span> <span class='ocrx_word' id='word_1_264' title='bbox 791 2902 958 2971; x_wconf 89' lang='lat' dir='ltr'><strong>commodo</strong></span> <span class='ocrx_word' id='word_1_265' title='bbox 978 2903 1171 2972; x_wconf 87' lang='lat' dir='ltr'><strong>inservieris.</strong></span> <span class='ocrx_word' id='word_1_266' title='bbox 1501 2925 1529 2969; x_wconf 82' lang='lat' dir='ltr'><strong>as</strong></span> 
     </span>
    </p>
   </div>
   <div class='ocr_carea' id='block_1_6' title="bbox 384 3042 1274 3225">
    <p class='ocr_par' dir='ltr' id='par_1_6' title="bbox 384 3042 1274 3225">
     <span class='ocr_line' id='line_1_27' title="bbox 651 3042 1003 3128; baseline -0.006 -18"><span class='ocrx_word' id='word_1_267' title='bbox 651 3046 682 3110; x_wconf 88' lang='lat' dir='ltr'><strong>v.</strong></span> <span class='ocrx_word' id='word_1_268' title='bbox 732 3042 781 3128; x_wconf 72' lang='lat' dir='ltr'><strong>(A.</strong></span> <span class='ocrx_word' id='word_1_269' title='bbox 807 3046 840 3109; x_wconf 86' lang='lat' dir='ltr'><strong>u</strong></span> <span class='ocrx_word' id='word_1_270' title='bbox 862 3047 895 3109; x_wconf 87' lang='lat' dir='ltr'><strong>c.</strong></span> <span class='ocrx_word' id='word_1_271' title='bbox 916 3042 1003 3128; x_wconf 81' lang='lat' dir='ltr'><strong>rao.)</strong></span> 
     </span>
     <span class='ocr_line' id='line_1_28' title="bbox 384 3155 1274 3225; baseline 0 -1"><span class='ocrx_word' id='word_1_272' title='bbox 384 3163 426 3224; x_wconf 84' lang='lat' dir='ltr'><strong>u.</strong></span> <span class='ocrx_word' id='word_1_273' title='bbox 449 3159 591 3225; x_wconf 82' lang='lat' dir='ltr'><strong>emano</strong></span> <span class='ocrx_word' id='word_1_274' title='bbox 614 3159 645 3223; x_wconf 84' lang='lat' dir='ltr'><strong>s</strong></span> <span class='ocrx_word' id='word_1_275' title='bbox 666 3160 705 3221; x_wconf 88' lang='lat' dir='ltr'><strong>o.</strong></span> <span class='ocrx_word' id='word_1_276' title='bbox 726 3159 763 3222; x_wconf 91' lang='lat' dir='ltr'><strong>n.</strong></span> <span class='ocrx_word' id='word_1_277' title='bbox 785 3155 1015 3222; x_wconf 75' lang='lat' dir='ltr'><strong>sausoure.</strong></span> <span class='ocrx_word' id='word_1_278' title='bbox 1039 3158 1124 3222; x_wconf 80' lang='lat' dir='ltr'><strong>coe.</strong></span> <span class='ocrx_word' id='word_1_279' title='bbox 1144 3160 1274 3225; x_wconf 83' lang='lat' dir='ltr'><strong>nrsre.</strong></span> 
     </span>
    </p>
   </div>
   <div class='ocr_carea' id='block_1_7' title="bbox 171 3252 1606 4770">
    <p class='ocr_par' dir='ltr' id='par_1_7' title="bbox 171 3252 1606 4770">
     <span class='ocr_line' id='line_1_29' title="bbox 257 3252 1606 3366; baseline 0.003 -20"><span class='ocrx_word' id='word_1_280' title='bbox 257 3283 284 3348; x_wconf 92' lang='grc'>1.</span> <span class='ocrx_word' id='word_1_281' title='bbox 315 3283 421 3366; x_wconf 88' lang='lat' dir='ltr'><strong>Lupus</strong></span> <span class='ocrx_word' id='word_1_282' title='bbox 442 3276 602 3364; x_wconf 71' lang='lat' dir='ltr'><strong>familiaris</strong></span> <span class='ocrx_word' id='word_1_283' title='bbox 624 3286 732 3343; x_wconf 88' lang='lat' dir='ltr'><strong>noster</strong></span> <span class='ocrx_word' id='word_1_284' title='bbox 753 3297 824 3342; x_wconf 90' lang='lat' dir='ltr'><strong>cum</strong></span> <span class='ocrx_word' id='word_1_285' title='bbox 846 3297 864 3342; x_wconf 91' lang='lat' dir='ltr'><strong>a</strong></span> <span class='ocrx_word' id='word_1_286' title='bbox 892 3284 923 3341; x_wconf 91' lang='lat' dir='ltr'><strong>te</strong></span> <span class='ocrx_word' id='word_1_287' title='bbox 944 3277 1081 3342; x_wconf 89' lang='lat' dir='ltr'><strong>venisset</strong></span> <span class='ocrx_word' id='word_1_288' title='bbox 1102 3298 1236 3365; x_wconf 89' lang='lat' dir='ltr'><strong>cumque</strong></span> <span class='ocrx_word' id='word_1_289' title='bbox 1256 3285 1374 3346; x_wconf 86' lang='lat' dir='ltr'><strong>Romae</strong></span> <span class='ocrx_word' id='word_1_290' title='bbox 1396 3300 1492 3365; x_wconf 77' lang='lat' dir='ltr'><strong>quos·</strong></span> <span class='ocrx_word' id='word_1_291' title='bbox 1579 3252 1606 3350; x_wconf 64' lang='lat' dir='ltr'><strong>as</strong></span> 
     </span>
     <span class='ocr_line' id='line_1_30' title="bbox 171 3370 1490 3460; baseline -0.002 -19"><span class='ocrx_word' id='word_1_292' title='bbox 171 3375 241 3442; x_wconf 91' lang='lat' dir='ltr'><strong>dam</strong></span> <span class='ocrx_word' id='word_1_293' title='bbox 262 3375 329 3440; x_wconf 87' lang='lat' dir='ltr'><strong>dies</strong></span> <span class='ocrx_word' id='word_1_294' title='bbox 350 3382 619 3448; x_wconf 85' lang='lat' dir='ltr'><strong>commoraretur,</strong></span> <span class='ocrx_word' id='word_1_295' title='bbox 649 3392 708 3457; x_wconf 84' lang='lat' dir='ltr'><strong>ego</strong></span> <span class='ocrx_word' id='word_1_296' title='bbox 730 3393 817 3437; x_wconf 89' lang='lat' dir='ltr'><strong>eram</strong></span> <span class='ocrx_word' id='word_1_297' title='bbox 838 3371 871 3436; x_wconf 90' lang='lat' dir='ltr'><strong>in</strong></span> <span class='ocrx_word' id='word_1_298' title='bbox 892 3370 930 3436; x_wconf 91' lang='lat' dir='ltr'><strong>iis</strong></span> <span class='ocrx_word' id='word_1_299' title='bbox 951 3371 1047 3446; x_wconf 89' lang='lat' dir='ltr'><strong>locis,</strong></span> <span class='ocrx_word' id='word_1_300' title='bbox 1074 3373 1107 3438; x_wconf 92' lang='lat' dir='ltr'><strong>in</strong></span> <span class='ocrx_word' id='word_1_301' title='bbox 1129 3371 1243 3460; x_wconf 88' lang='lat' dir='ltr'><strong>quibus</strong></span> <span class='ocrx_word' id='word_1_302' title='bbox 1264 3377 1401 3439; x_wconf 82' lang='lat' dir='ltr'><strong>maxime</strong></span> <span class='ocrx_word' id='word_1_303' title='bbox 1423 3383 1490 3440; x_wconf 88' lang='lat' dir='ltr'><strong>luto</strong></span> 
     </span>
     <span class='ocr_line' id='line_1_31' title="bbox 171 3464 1529 3552; baseline 0 -18"><span class='ocrx_word' id='word_1_304' title='bbox 171 3491 221 3534; x_wconf 89' lang='lat' dir='ltr'><strong>me</strong></span> <span class='ocrx_word' id='word_1_305' title='bbox 253 3489 322 3535; x_wconf 87' lang='lat' dir='ltr'><strong>esse</strong></span> <span class='ocrx_word' id='word_1_306' title='bbox 349 3465 535 3532; x_wconf 88' lang='lat' dir='ltr'><strong>arbitrabar.</strong></span> <span class='ocrx_word' id='word_1_307' title='bbox 587 3470 635 3532; x_wconf 88' lang='lat' dir='ltr'><strong>Eo</strong></span> <span class='ocrx_word' id='word_1_308' title='bbox 656 3465 772 3532; x_wconf 85' lang='lat' dir='ltr'><strong>lactum</strong></span> <span class='ocrx_word' id='word_1_309' title='bbox 801 3475 861 3541; x_wconf 88' lang='lat' dir='ltr'><strong>est,</strong></span> <span class='ocrx_word' id='word_1_310' title='bbox 897 3474 933 3531; x_wconf 92' lang='lat' dir='ltr'><strong>ut</strong></span> <span class='ocrx_word' id='word_1_311' title='bbox 953 3464 993 3531; x_wconf 89' lang='lat' dir='ltr'><strong>ad</strong></span> <span class='ocrx_word' id='word_1_312' title='bbox 1016 3475 1045 3531; x_wconf 88' lang='lat' dir='ltr'><strong>te</strong></span> <span class='ocrx_word' id='word_1_313' title='bbox 1066 3470 1172 3552; x_wconf 92' lang='lat' dir='ltr'><strong>Lupus</strong></span> <span class='ocrx_word' id='word_1_314' title='bbox 1194 3466 1261 3532; x_wconf 88' lang='lat' dir='ltr'><strong>sine</strong></span> <span class='ocrx_word' id='word_1_315' title='bbox 1283 3467 1360 3533; x_wconf 88' lang='lat' dir='ltr'><strong>meis</strong></span> <span class='ocrx_word' id='word_1_316' title='bbox 1380 3467 1529 3535; x_wconf 81' lang='lat' dir='ltr'><strong>litteris⁸⁰</strong></span> 
     </span>
     <span class='ocr_line' id='line_1_32' title="bbox 171 3558 1490 3645; baseline 0 -17"><span class='ocrx_word' id='word_1_317' title='bbox 171 3562 305 3637; x_wconf 86' lang='lat' dir='ltr'><strong>rediret,</strong></span> <span class='ocrx_word' id='word_1_318' title='bbox 337 3570 542 3628; x_wconf 57' lang='lat' dir='ltr'><strong>cumatameu</strong></span> <span class='ocrx_word' id='word_1_319' title='bbox 571 3569 712 3626; x_wconf 88' lang='lat' dir='ltr'><strong>curasset</strong></span> <span class='ocrx_word' id='word_1_320' title='bbox 739 3568 807 3625; x_wconf 91' lang='lat' dir='ltr'><strong>tuas</strong></span> <span class='ocrx_word' id='word_1_321' title='bbox 834 3558 873 3624; x_wconf 88' lang='lat' dir='ltr'><strong>ad</strong></span> <span class='ocrx_word' id='word_1_322' title='bbox 900 3581 950 3624; x_wconf 93' lang='lat' dir='ltr'><strong>me</strong></span> <span class='ocrx_word' id='word_1_323' title='bbox 979 3559 1192 3645; x_wconf 80' lang='lat' dir='ltr'><strong>perferendas.</strong></span> <span class='ocrx_word' id='word_1_324' title='bbox 1234 3567 1365 3627; x_wconf 85' lang='lat' dir='ltr'><strong>Romam</strong></span> <span class='ocrx_word' id='word_1_325' title='bbox 1386 3574 1490 3629; x_wconf 89' lang='lat' dir='ltr'><strong>autem</strong></span> 
     </span>
     <span class='ocr_line' id='line_1_33' title="bbox 171 3651 1492 3742; baseline 0 -20"><span class='ocrx_word' id='word_1_326' title='bbox 171 3661 241 3722; x_wconf 87' lang='lat' dir='ltr'><strong>veni</strong></span> <span class='ocrx_word' id='word_1_327' title='bbox 264 3677 291 3720; x_wconf 94' lang='lat' dir='ltr'><strong>a.</strong></span> <span class='ocrx_word' id='word_1_328' title='bbox 314 3653 344 3720; x_wconf 90' lang='lat' dir='ltr'><strong>d.</strong></span> <span class='ocrx_word' id='word_1_329' title='bbox 366 3675 400 3720; x_wconf 92' lang='lat' dir='ltr'><strong>v.</strong></span> <span class='ocrx_word' id='word_1_330' title='bbox 421 3653 494 3720; x_wconf 90' lang='lat' dir='ltr'><strong>Idus</strong></span> <span class='ocrx_word' id='word_1_331' title='bbox 515 3654 725 3729; x_wconf 87' lang='lat' dir='ltr'><strong>Decembres,</strong></span> <span class='ocrx_word' id='word_1_332' title='bbox 757 3673 815 3718; x_wconf 91' lang='lat' dir='ltr'><strong>nee</strong></span> <span class='ocrx_word' id='word_1_333' title='bbox 836 3651 931 3718; x_wconf 91' lang='lat' dir='ltr'><strong>babui</strong></span> <span class='ocrx_word' id='word_1_334' title='bbox 975 3652 1124 3740; x_wconf 91' lang='lat' dir='ltr'><strong>uidquam</strong></span> <span class='ocrx_word' id='word_1_335' title='bbox 1145 3653 1318 3742; x_wconf 88' lang='lat' dir='ltr'><strong>antiquius,</strong></span> <span class='ocrx_word' id='word_1_336' title='bbox 1340 3677 1435 3742; x_wconf 88' lang='lat' dir='ltr'><strong>quam</strong></span> <span class='ocrx_word' id='word_1_337' title='bbox 1456 3663 1492 3722; x_wconf 91' lang='lat' dir='ltr'><strong>ut</strong></span> 
     </span>
     <span class='ocr_line' id='line_1_34' title="bbox 171 3675 1490 3836; baseline 0 -21"><span class='ocrx_word' id='word_1_338' title='bbox 171 3754 300 3816; x_wconf 88' lang='lat' dir='ltr'><strong>Pansam</strong></span> <span class='ocrx_word' id='word_1_339' title='bbox 331 3748 434 3814; x_wconf 92' lang='lat' dir='ltr'><strong>statim</strong></span> <span class='ocrx_word' id='word_1_340' title='bbox 466 3748 683 3827; x_wconf 67' lang='lat' dir='ltr'><strong>convenirem</strong></span> <span class='ocrx_word' id='word_1_341' title='bbox 719 3767 851 3834; x_wconf 87' lang='lat' dir='ltr'><strong>exque</strong></span> <span class='ocrx_word' id='word_1_342' title='bbox 880 3767 918 3812; x_wconf 91' lang='lat' dir='ltr'><strong>ea</strong></span> <span class='ocrx_word' id='word_1_343' title='bbox 951 3675 990 3813; x_wconf 62' lang='lat' dir='ltr'><strong>de</strong></span> <span class='ocrx_word' id='word_1_344' title='bbox 1017 3758 1047 3812; x_wconf 94' lang='lat' dir='ltr'><strong>te</strong></span> <span class='ocrx_word' id='word_1_345' title='bbox 1069 3747 1218 3833; x_wconf 84' lang='lat' dir='ltr'><strong>cognovi,</strong></span> <span class='ocrx_word' id='word_1_346' title='bbox 1251 3769 1332 3836; x_wconf 90' lang='lat' dir='ltr'><strong>quae</strong></span> <span class='ocrx_word' id='word_1_347' title='bbox 1353 3748 1490 3815; x_wconf 86' lang='lat' dir='ltr'><strong>maxime</strong></span> 
     </span>
     <span class='ocr_line' id='line_1_35' title="bbox 172 3840 1489 3930; baseline -0.001 -21"><span class='ocrx_word' id='word_1_348' title='bbox 172 3841 327 3930; x_wconf 87' lang='lat' dir='ltr'><strong>optabam.</strong></span> <span class='ocrx_word' id='word_1_349' title='bbox 381 3843 488 3920; x_wconf 87' lang='lat' dir='ltr'><strong>Quare</strong></span> <span class='ocrx_word' id='word_1_350' title='bbox 516 3841 692 3908; x_wconf 87' lang='lat' dir='ltr'><strong>hortatione</strong></span> <span class='ocrx_word' id='word_1_351' title='bbox 714 3850 748 3907; x_wconf 95' lang='lat' dir='ltr'><strong>tu</strong></span> <span class='ocrx_word' id='word_1_352' title='bbox 769 3841 896 3928; x_wconf 87' lang='lat' dir='ltr'><strong>quidem</strong></span> <span class='ocrx_word' id='word_1_353' title='bbox 918 3861 981 3905; x_wconf 92' lang='lat' dir='ltr'><strong>non</strong></span> <span class='ocrx_word' id='word_1_354' title='bbox 1003 3861 1092 3926; x_wconf 82' lang='lat' dir='ltr'><strong>eges,</strong></span> <span class='ocrx_word' id='word_1_355' title='bbox 1126 3840 1153 3906; x_wconf 91' lang='lat' dir='ltr'><strong>si</strong></span> <span class='ocrx_word' id='word_1_356' title='bbox 1175 3863 1215 3907; x_wconf 89' lang='lat' dir='ltr'><strong>ue</strong></span> <span class='ocrx_word' id='word_1_357' title='bbox 1237 3842 1270 3908; x_wconf 91' lang='lat' dir='ltr'><strong>in</strong></span> <span class='ocrx_word' id='word_1_358' title='bbox 1290 3842 1342 3908; x_wconf 91' lang='lat' dir='ltr'><strong>illa</strong></span> <span class='ocrx_word' id='word_1_359' title='bbox 1363 3841 1489 3930; x_wconf 88' lang='lat' dir='ltr'><strong>quidem</strong></span> 
     </span>
     <span class='ocr_line' id='line_1_36' title="bbox 171 3933 1528 4023; baseline 0 -22"><span class='ocrx_word' id='word_1_360' title='bbox 171 3958 223 4010; x_wconf 88' lang='lat' dir='ltr'><strong>re,</strong></span> <span class='ocrx_word' id='word_1_361' title='bbox 259 3957 341 4023; x_wconf 89' lang='lat' dir='ltr'><strong>quae</strong></span> <span class='ocrx_word' id='word_1_362' title='bbox 362 3957 382 4000; x_wconf 88' lang='lat' dir='ltr'><strong>a</strong></span> <span class='ocrx_word' id='word_1_363' title='bbox 402 3945 432 4001; x_wconf 89' lang='lat' dir='ltr'><strong>te</strong></span> <span class='ocrx_word' id='word_1_364' title='bbox 454 3943 540 4021; x_wconf 79' lang='lat' dir='ltr'><strong>gesta</strong></span> <span class='ocrx_word' id='word_1_365' title='bbox 561 3946 608 4000; x_wconf 92' lang='lat' dir='ltr'><strong>est</strong></span> <span class='ocrx_word' id='word_1_366' title='bbox 635 3941 707 4021; x_wconf 91' lang='lat' dir='ltr'><strong>post</strong></span> <span class='ocrx_word' id='word_1_367' title='bbox 728 3933 890 3999; x_wconf 91' lang='lat' dir='ltr'><strong>bominum</strong></span> <span class='ocrx_word' id='word_1_368' title='bbox 911 3935 1094 4000; x_wconf 87' lang='lat' dir='ltr'><strong>memoriam</strong></span> <span class='ocrx_word' id='word_1_369' title='bbox 1116 3935 1267 4013; x_wconf 89' lang='lat' dir='ltr'><strong>maxima,</strong></span> <span class='ocrx_word' id='word_1_370' title='bbox 1297 3938 1528 4004; x_wconf 74' lang='lat' dir='ltr'><strong>hortatorem⁸⁸</strong></span> 
     </span>
     <span class='ocr_line' id='line_1_37' title="bbox 172 4025 1491 4117; baseline 0.002 -23"><span class='ocrx_word' id='word_1_371' title='bbox 172 4029 367 4096; x_wconf 86' lang='lat' dir='ltr'><strong>desiderasti.</strong></span> <span class='ocrx_word' id='word_1_372' title='bbox 409 4033 439 4095; x_wconf 73' lang='grc'>1.</span> <span class='ocrx_word' id='word_1_373' title='bbox 461 4028 540 4094; x_wconf 93' lang='lat' dir='ltr'><strong>lllud</strong></span> <span class='ocrx_word' id='word_1_374' title='bbox 562 4039 666 4094; x_wconf 88' lang='lat' dir='ltr'><strong>tameu</strong></span> <span class='ocrx_word' id='word_1_375' title='bbox 687 4025 827 4093; x_wconf 86' lang='lat' dir='ltr'><strong>breviter</strong></span> <span class='ocrx_word' id='word_1_376' title='bbox 848 4026 1083 4113; x_wconf 79' lang='lat' dir='ltr'><strong>significandum</strong></span> <span class='ocrx_word' id='word_1_377' title='bbox 1100 4028 1238 4104; x_wconf 89' lang='lat' dir='ltr'><strong>videtur,</strong></span> <span class='ocrx_word' id='word_1_378' title='bbox 1260 4031 1411 4117; x_wconf 91' lang='lat' dir='ltr'><strong>populum</strong></span> <span class='ocrx_word' id='word_1_379' title='bbox 1429 4036 1491 4097; x_wconf 89' lang='lat' dir='ltr'><strong>llo-</strong></span> 
     </span>
     <span class='ocr_line' id='line_1_38' title="bbox 171 4122 1492 4209; baseline 0 -21"><span class='ocrx_word' id='word_1_380' title='bbox 171 4145 296 4189; x_wconf 90' lang='lat' dir='ltr'><strong>manum</strong></span> <span class='ocrx_word' id='word_1_381' title='bbox 319 4125 424 4189; x_wconf 91' lang='lat' dir='ltr'><strong>omnia</strong></span> <span class='ocrx_word' id='word_1_382' title='bbox 446 4132 515 4188; x_wconf 89' lang='lat' dir='ltr'><strong>ate</strong></span> <span class='ocrx_word' id='word_1_383' title='bbox 537 4131 720 4208; x_wconf 87' lang='lat' dir='ltr'><strong>exspectare</strong></span> <span class='ocrx_word' id='word_1_384' title='bbox 741 4133 833 4208; x_wconf 89' lang='lat' dir='ltr'><strong>atquc</strong></span> <span class='ocrx_word' id='word_1_385' title='bbox 855 4126 887 4188; x_wconf 90' lang='lat' dir='ltr'><strong>in</strong></span> <span class='ocrx_word' id='word_1_386' title='bbox 909 4129 940 4186; x_wconf 91' lang='lat' dir='ltr'><strong>te</strong></span> <span class='ocrx_word' id='word_1_387' title='bbox 961 4122 1128 4209; x_wconf 88' lang='lat' dir='ltr'><strong>aliquando</strong></span> <span class='ocrx_word' id='word_1_388' title='bbox 1150 4123 1374 4208; x_wconf 88' lang='lat' dir='ltr'><strong>reciperandae</strong></span> <span class='ocrx_word' id='word_1_389' title='bbox 1395 4123 1492 4189; x_wconf 89' lang='lat' dir='ltr'><strong>liber-</strong></span> 
     </span>
     <span class='ocr_line' id='line_1_39' title="bbox 172 4215 1491 4305; baseline -0.001 -23"><span class='ocrx_word' id='word_1_390' title='bbox 172 4216 242 4282; x_wconf 86' lang='lat' dir='ltr'><strong>tatis</strong></span> <span class='ocrx_word' id='word_1_391' title='bbox 273 4238 400 4283; x_wconf 90' lang='lat' dir='ltr'><strong>omnem</strong></span> <span class='ocrx_word' id='word_1_392' title='bbox 429 4238 517 4303; x_wconf 91' lang='lat' dir='ltr'><strong>spem</strong></span> <span class='ocrx_word' id='word_1_393' title='bbox 547 4236 678 4302; x_wconf 88' lang='lat' dir='ltr'><strong>ponere.</strong></span> <span class='ocrx_word' id='word_1_394' title='bbox 720 4221 782 4291; x_wconf 89' lang='lat' dir='ltr'><strong>Tu,</strong></span> <span class='ocrx_word' id='word_1_395' title='bbox 804 4215 831 4281; x_wconf 95' lang='lat' dir='ltr'><strong>si</strong></span> <span class='ocrx_word' id='word_1_396' title='bbox 852 4215 919 4281; x_wconf 87' lang='lat' dir='ltr'><strong>dies</strong></span> <span class='ocrx_word' id='word_1_397' title='bbox 941 4227 1112 4304; x_wconf 87' lang='lat' dir='ltr'><strong>noctesque</strong></span> <span class='ocrx_word' id='word_1_398' title='bbox 1133 4216 1330 4291; x_wconf 88' lang='lat' dir='ltr'><strong>memineris,</strong></span> <span class='ocrx_word' id='word_1_399' title='bbox 1352 4217 1439 4305; x_wconf 88' lang='lat' dir='ltr'><strong>quod</strong></span> <span class='ocrx_word' id='word_1_400' title='bbox 1459 4225 1491 4281; x_wconf 89' lang='lat' dir='ltr'><strong>te</strong></span> 
     </span>
     <span class='ocr_line' id='line_1_40' title="bbox 172 4309 1489 4397; baseline -0.002 -23"><span class='ocrx_word' id='word_1_401' title='bbox 172 4309 276 4376; x_wconf 85' lang='lat' dir='ltr'><strong>lacere</strong></span> <span class='ocrx_word' id='word_1_402' title='bbox 297 4322 384 4378; x_wconf 91' lang='lat' dir='ltr'><strong>certo</strong></span> <span class='ocrx_word' id='word_1_403' title='bbox 402 4310 483 4387; x_wconf 91' lang='lat' dir='ltr'><strong>scio,</strong></span> <span class='ocrx_word' id='word_1_404' title='bbox 506 4322 652 4397; x_wconf 91' lang='lat' dir='ltr'><strong>quautam</strong></span> <span class='ocrx_word' id='word_1_405' title='bbox 671 4331 738 4375; x_wconf 90' lang='lat' dir='ltr'><strong>rem</strong></span> <span class='ocrx_word' id='word_1_406' title='bbox 758 4310 908 4395; x_wconf 83' lang='lat' dir='ltr'><strong>gesseris,</strong></span> <span class='ocrx_word' id='word_1_407' title='bbox 931 4332 995 4377; x_wconf 92' lang='lat' dir='ltr'><strong>nou</strong></span> <span class='ocrx_word' id='word_1_408' title='bbox 1010 4309 1196 4376; x_wconf 88' lang='lat' dir='ltr'><strong>obliviscere</strong></span> <span class='ocrx_word' id='word_1_409' title='bbox 1209 4309 1369 4395; x_wconf 89' lang='lat' dir='ltr'><strong>prolecto,</strong></span> <span class='ocrx_word' id='word_1_410' title='bbox 1392 4329 1489 4396; x_wconf 80' lang='lat' dir='ltr'><strong>quan</strong></span> 
     </span>
     <span class='ocr_line' id='line_1_41' title="bbox 173 4401 1528 4491; baseline 0 -23"><span class='ocrx_word' id='word_1_411' title='bbox 173 4411 221 4469; x_wconf 89' lang='lat' dir='ltr'><strong>tae</strong></span> <span class='ocrx_word' id='word_1_412' title='bbox 244 4404 299 4470; x_wconf 88' lang='lat' dir='ltr'><strong>tibi</strong></span> <span class='ocrx_word' id='word_1_413' title='bbox 330 4406 505 4473; x_wconf 88' lang='lat' dir='ltr'><strong>etiamnunc</strong></span> <span class='ocrx_word' id='word_1_414' title='bbox 529 4403 685 4491; x_wconf 80' lang='lat' dir='ltr'><strong>gerendae</strong></span> <span class='ocrx_word' id='word_1_415' title='bbox 705 4402 777 4469; x_wconf 90' lang='lat' dir='ltr'><strong>sint.</strong></span> <span class='ocrx_word' id='word_1_416' title='bbox 829 4402 861 4467; x_wconf 87' lang='lat' dir='ltr'><strong>Si</strong></span> <span class='ocrx_word' id='word_1_417' title='bbox 882 4402 965 4467; x_wconf 91' lang='lat' dir='ltr'><strong>enim</strong></span> <span class='ocrx_word' id='word_1_418' title='bbox 987 4403 1045 4468; x_wconf 89' lang='lat' dir='ltr'><strong>iste</strong></span> <span class='ocrx_word' id='word_1_419' title='bbox 1066 4403 1260 4491; x_wconf 90' lang='lat' dir='ltr'><strong>provinciam</strong></span> <span class='ocrx_word' id='word_1_420' title='bbox 1282 4412 1389 4470; x_wconf 90' lang='lat' dir='ltr'><strong>nactus</strong></span> <span class='ocrx_word' id='word_1_421' title='bbox 1410 4401 1528 4475; x_wconf 83' lang='lat' dir='ltr'><strong>erit‚⁴⁰</strong></span> 
     </span>
     <span class='ocr_line' id='line_1_42' title="bbox 173 4492 1489 4584; baseline -0.001 -22"><span class='ocrx_word' id='word_1_422' title='bbox 173 4497 223 4563; x_wconf 87' lang='lat' dir='ltr'><strong>eui</strong></span> <span class='ocrx_word' id='word_1_423' title='bbox 245 4497 372 4584; x_wconf 88' lang='lat' dir='ltr'><strong>quidem</strong></span> <span class='ocrx_word' id='word_1_424' title='bbox 394 4519 453 4584; x_wconf 81' lang='lat' dir='ltr'><strong>ego</strong></span> <span class='ocrx_word' id='word_1_425' title='bbox 475 4518 600 4584; x_wconf 88' lang='lat' dir='ltr'><strong>semper</strong></span> <span class='ocrx_word' id='word_1_426' title='bbox 617 4495 733 4562; x_wconf 90' lang='lat' dir='ltr'><strong>amicus</strong></span> <span class='ocrx_word' id='word_1_427' title='bbox 751 4492 797 4560; x_wconf 87' lang='lat' dir='ltr'><strong>lui</strong></span> <span class='ocrx_word' id='word_1_428' title='bbox 818 4504 909 4568; x_wconf 85' lang='lat' dir='ltr'><strong>unte,</strong></span> <span class='ocrx_word' id='word_1_429' title='bbox 932 4517 1026 4583; x_wconf 91' lang='lat' dir='ltr'><strong>quam</strong></span> <span class='ocrx_word' id='word_1_430' title='bbox 1048 4496 1136 4563; x_wconf 89' lang='lat' dir='ltr'><strong>illum</strong></span> <span class='ocrx_word' id='word_1_431' title='bbox 1155 4496 1296 4562; x_wconf 82' lang='lat' dir='ltr'><strong>intellexi</strong></span> <span class='ocrx_word' id='word_1_432' title='bbox 1317 4517 1380 4562; x_wconf 90' lang='lat' dir='ltr'><strong>nou</strong></span> <span class='ocrx_word' id='word_1_433' title='bbox 1393 4495 1489 4562; x_wconf 90' lang='lat' dir='ltr'><strong>modo</strong></span> 
     </span>
     <span class='ocr_line' id='line_1_43' title="bbox 174 4588 1488 4676; baseline -0.002 -22"><span class='ocrx_word' id='word_1_434' title='bbox 174 4601 279 4676; x_wconf 91' lang='lat' dir='ltr'><strong>aperte</strong></span> <span class='ocrx_word' id='word_1_435' title='bbox 301 4593 470 4658; x_wconf 89' lang='lat' dir='ltr'><strong>sedetiam</strong></span> <span class='ocrx_word' id='word_1_436' title='bbox 492 4591 625 4657; x_wconf 89' lang='lat' dir='ltr'><strong>libenter</strong></span> <span class='ocrx_word' id='word_1_437' title='bbox 645 4610 716 4656; x_wconf 90' lang='lat' dir='ltr'><strong>cum</strong></span> <span class='ocrx_word' id='word_1_438' title='bbox 738 4588 919 4674; x_wconf 89' lang='lat' dir='ltr'><strong>republica</strong></span> <span class='ocrx_word' id='word_1_439' title='bbox 941 4589 1057 4656; x_wconf 92' lang='lat' dir='ltr'><strong>bellum</strong></span> <span class='ocrx_word' id='word_1_440' title='bbox 1078 4611 1205 4676; x_wconf 76' lang='lat' dir='ltr'><strong>gerere,</strong></span> <span class='ocrx_word' id='word_1_441' title='bbox 1227 4609 1315 4676; x_wconf 88' lang='lat' dir='ltr'><strong>spem</strong></span> <span class='ocrx_word' id='word_1_442' title='bbox 1334 4588 1488 4675; x_wconf 87' lang='lat' dir='ltr'><strong>reliquam</strong></span> 
     </span>
     <span class='ocr_line' id='line_1_44' title="bbox 174 4680 1489 4770; baseline 0.001 -24"><span class='ocrx_word' id='word_1_443' title='bbox 174 4683 288 4750; x_wconf 89' lang='lat' dir='ltr'><strong>nullarn</strong></span> <span class='ocrx_word' id='word_1_444' title='bbox 311 4685 403 4752; x_wconf 89' lang='lat' dir='ltr'><strong>video</strong></span> <span class='ocrx_word' id='word_1_445' title='bbox 424 4685 541 4752; x_wconf 86' lang='lat' dir='ltr'><strong>salutis.</strong></span> <span class='ocrx_word' id='word_1_446' title='bbox 584 4690 614 4750; x_wconf 80' lang='grc'><strong>3.</strong></span> <span class='ocrx_word' id='word_1_447' title='bbox 637 4681 851 4763; x_wconf 88' lang='lat' dir='ltr'><strong>Quamobrem</strong></span> <span class='ocrx_word' id='word_1_448' title='bbox 866 4691 896 4748; x_wconf 87' lang='lat' dir='ltr'><strong>te</strong></span> <span class='ocrx_word' id='word_1_449' title='bbox 910 4682 1044 4750; x_wconf 89' lang='lat' dir='ltr'><strong>obsecro</strong></span> <span class='ocrx_word' id='word_1_450' title='bbox 1066 4684 1178 4750; x_wconf 90' lang='lat' dir='ltr'><strong>iisdem</strong></span> <span class='ocrx_word' id='word_1_451' title='bbox 1191 4682 1352 4770; x_wconf 91' lang='lat' dir='ltr'><strong>precibus,</strong></span> <span class='ocrx_word' id='word_1_452' title='bbox 1375 4680 1489 4769; x_wconf 85' lang='lat' dir='ltr'><strong>quibus</strong></span> 
     </span>
    </p>
   </div>
   <div class='ocr_carea' id='block_1_8' title="bbox 175 4837 1491 5090">
    <p class='ocr_par' dir='ltr' id='par_1_8' title="bbox 175 4837 1491 5090">
     <span class='ocr_line' id='line_1_45' title="bbox 243 4837 1491 4950; baseline -0.001 -16"><span class='ocrx_word' id='word_1_453' title='bbox 243 4883 270 4934; x_wconf 83' lang='grc'><strong>3.</strong></span> <span class='ocrx_word' id='word_1_454' title='bbox 289 4885 329 4934; x_wconf 73' lang='lat' dir='ltr'><strong>tls</strong></span> <span class='ocrx_word' id='word_1_455' title='bbox 346 4884 385 4936; x_wconf 89' lang='grc'><strong>11.</strong></span> <span class='ocrx_word' id='word_1_456' title='bbox 406 4837 439 4920; x_wconf 39' lang='grc' dir='ltr'><strong>-Ι</strong></span> <span class='ocrx_word' id='word_1_457' title='bbox 455 4886 498 4936; x_wconf 77' lang='grc'><strong>11.</strong></span> <span class='ocrx_word' id='word_1_458' title='bbox 517 4887 662 4950; x_wconf 68' lang='lat' dir='ltr'><strong>quominus</strong></span> <span class='ocrx_word' id='word_1_459' title='bbox 679 4885 730 4944; x_wconf 76' lang='lat' dir='ltr'><strong>Vb.</strong></span> <span class='ocrx_word' id='word_1_460' title='bbox 749 4905 781 4920; x_wconf 89' lang='lat'><em>-</em></span> <span class='ocrx_word' id='word_1_461' title='bbox 799 4884 842 4934; x_wconf 74' lang='lat' dir='ltr'><strong>sin</strong></span> <span class='ocrx_word' id='word_1_462' title='bbox 860 4881 1018 4935; x_wconf 82' lang='lat' dir='ltr'><strong>bamblnus.</strong></span> <span class='ocrx_word' id='word_1_463' title='bbox 1039 4907 1070 4920; x_wconf 88' lang='lat'>-</span> <span class='ocrx_word' id='word_1_464' title='bbox 1088 4885 1133 4935; x_wconf 74' lang='lat'><strong>25.</strong></span> <span class='ocrx_word' id='word_1_465' title='bbox 1151 4885 1231 4950; x_wconf 64' lang='lat' dir='ltr'><strong>{eder</strong></span> <span class='ocrx_word' id='word_1_466' title='bbox 1247 4884 1294 4937; x_wconf 66' lang='lat' dir='ltr'><strong>H:</strong></span> <span class='ocrx_word' id='word_1_467' title='bbox 1312 4884 1402 4949; x_wconf 74' lang='lat' dir='ltr'><strong>{sceris</strong></span> <span class='ocrx_word' id='word_1_468' title='bbox 1420 4883 1491 4933; x_wconf 85' lang='lat' dir='ltr'><strong>ll.-</strong></span> 
     </span>
     <span class='ocr_line' id='line_1_46' title="bbox 175 4949 1489 5018; baseline 0.005 -16"><span class='ocrx_word' id='word_1_469' title='bbox 175 4949 218 5002; x_wconf 80' lang='grc'>119.</span> <span class='ocrx_word' id='word_1_470' title='bbox 236 4954 276 5003; x_wconf 79' lang='lat' dir='ltr'><strong>lu&#39;s</strong></span> <span class='ocrx_word' id='word_1_471' title='bbox 293 4952 331 5003; x_wconf 90' lang='grc'><strong>11.</strong></span> <span class='ocrx_word' id='word_1_472' title='bbox 349 4979 383 4989; x_wconf 89' lang='grc'>-</span> <span class='ocrx_word' id='word_1_473' title='bbox 405 4960 461 5004; x_wconf 81' lang='lat' dir='ltr'><strong>tute</strong></span> <span class='ocrx_word' id='word_1_474' title='bbox 478 4968 518 5006; x_wconf 83' lang='lat' dir='ltr'><strong>me</strong></span> <span class='ocrx_word' id='word_1_475' title='bbox 537 4955 579 5006; x_wconf 77' lang='lat' dir='ltr'><strong>bia</strong></span> <span class='ocrx_word' id='word_1_476' title='bbox 598 4969 637 5006; x_wconf 82' lang='lat' dir='ltr'><strong>me</strong></span> <span class='ocrx_word' id='word_1_477' title='bbox 655 4961 712 5005; x_wconf 82' lang='lat' dir='ltr'><strong>tute</strong></span> <span class='ocrx_word' id='word_1_478' title='bbox 731 4954 761 5004; x_wconf 86' lang='grc'><strong>11.</strong></span> <span class='ocrx_word' id='word_1_479' title='bbox 782 4977 813 4989; x_wconf 96' lang='grc'>-</span> <span class='ocrx_word' id='word_1_480' title='bbox 849 4953 893 5004; x_wconf 78' lang='grc'>31.</span> <span class='ocrx_word' id='word_1_481' title='bbox 913 4955 1034 5004; x_wconf 82' lang='lat' dir='ltr'><strong>ortulum</strong></span> <span class='ocrx_word' id='word_1_482' title='bbox 1053 4967 1094 5018; x_wconf 86' lang='lat' dir='ltr'><strong>pr.</strong></span> <span class='ocrx_word' id='word_1_483' title='bbox 1113 4953 1159 5014; x_wconf 80' lang='lat' dir='ltr'><strong>bl,</strong></span> <span class='ocrx_word' id='word_1_484' title='bbox 1184 4955 1294 5006; x_wconf 71' lang='lat' dir='ltr'><strong>uretur</strong></span> <span class='ocrx_word' id='word_1_485' title='bbox 1311 4967 1382 5006; x_wconf 91' lang='lat' dir='ltr'><strong>corr.</strong></span> <span class='ocrx_word' id='word_1_486' title='bbox 1401 4955 1438 5008; x_wconf 85' lang='lat' dir='ltr'><strong>bl.</strong></span> <span class='ocrx_word' id='word_1_487' title='bbox 1459 4979 1489 4991; x_wconf 94' lang='lat'>-</span> 
     </span>
     <span class='ocr_line' id='line_1_47' title="bbox 175 5021 1168 5090; baseline 0.005 -19"><span class='ocrx_word' id='word_1_488' title='bbox 175 5021 203 5071; x_wconf 83' lang='lat' dir='ltr'><strong>ln</strong></span> <span class='ocrx_word' id='word_1_489' title='bbox 219 5023 267 5072; x_wconf 84' lang='lat' dir='ltr'><strong>tlte</strong></span> <span class='ocrx_word' id='word_1_490' title='bbox 285 5023 386 5087; x_wconf 77' lang='lat' dir='ltr'><strong>quidem</strong></span> <span class='ocrx_word' id='word_1_491' title='bbox 403 5037 430 5075; x_wconf 83' lang='lat' dir='ltr'><strong>re</strong></span> <span class='ocrx_word' id='word_1_492' title='bbox 447 5024 475 5076; x_wconf 88' lang='grc'><strong>11</strong></span> <span class='ocrx_word' id='word_1_493' title='bbox 489 5039 497 5074; x_wconf 77' lang='lat' dir='ltr'><strong>a</strong></span> <span class='ocrx_word' id='word_1_494' title='bbox 516 5024 565 5074; x_wconf 76' lang='lat' dir='ltr'><strong>ille</strong></span> <span class='ocrx_word' id='word_1_495' title='bbox 582 5025 684 5090; x_wconf 79' lang='lat' dir='ltr'><strong>qutdcm</strong></span> <span class='ocrx_word' id='word_1_496' title='bbox 701 5025 731 5074; x_wconf 79' lang='lat' dir='ltr'><strong>tn</strong></span> <span class='ocrx_word' id='word_1_497' title='bbox 747 5037 776 5074; x_wconf 85' lang='lat' dir='ltr'><strong>re</strong></span> <span class='ocrx_word' id='word_1_498' title='bbox 795 5023 824 5075; x_wconf 77' lang='lat' dir='ltr'><strong>R.</strong></span> <span class='ocrx_word' id='word_1_499' title='bbox 846 5045 877 5060; x_wconf 91' lang='lat'><strong>··</strong></span> <span class='ocrx_word' id='word_1_500' title='bbox 912 5022 958 5074; x_wconf 77' lang='grc'><strong>40.</strong></span> <span class='ocrx_word' id='word_1_501' title='bbox 974 5025 1113 5088; x_wconf 76' lang='lat' dir='ltr'><strong>provincie</strong></span> <span class='ocrx_word' id='word_1_502' title='bbox 1129 5024 1168 5076; x_wconf 89' lang='grc'><strong>11.</strong></span> 
     </span>
    </p>
   </div>
   <div class='ocr_carea' id='block_1_9' title="bbox 258 5105 1280 5170">
    <p class='ocr_par' dir='ltr' id='par_1_9' title="bbox 258 5105 1280 5170">
     <span class='ocr_line' id='line_1_48' title="bbox 258 5105 1280 5170; baseline 0 -2"><span class='ocrx_word' id='word_1_503' title='bbox 258 5130 330 5170; x_wconf 73' lang='lat' dir='ltr'><strong>camo</strong></span> <span class='ocrx_word' id='word_1_504' title='bbox 344 5129 364 5170; x_wconf 91' lang='lat' dir='ltr'><strong>r.</strong></span> <span class='ocrx_word' id='word_1_505' title='bbox 383 5130 416 5170; x_wconf 87' lang='lat' dir='ltr'><strong>ru.</strong></span> <span class='ocrx_word' id='word_1_506' title='bbox 1242 5105 1280 5168; x_wconf 88' lang='grc'>13</span> 
     </span>
    </p>
   </div>
   <div class='ocr_carea' id='block_1_10' title="bbox 0 0 1833 5874">
    <p class='ocr_par' dir='ltr' id='par_1_10' title="bbox 0 0 1833 5874">
     <span class='ocr_line' id='line_1_49' title="bbox 0 0 1833 5874; baseline 0 0"><span class='ocrx_word' id='word_1_507' title='bbox 0 0 1833 5874; x_wconf 95' lang='lat' dir='ltr'><strong> </strong></span> 
     </span>
    </p>
   </div>
  </div>
 </body>
</html>
