3662 5908
703 446 775 507 ΗΒ.
798 446 865 508 XV.
907 446 966 508 ΕΡ.
988 447 1018 507 5.
1457 449 1517 514 281

194 601 250 668 sed
268 601 363 666 etiam
385 599 517 684 gloriam
540 644 581 655 -·
603 601 706 667 studui
730 622 824 689 quam
839 601 1036 666 ornatissima
1056 611 1182 669 senatus
1196 602 1371 690 populique
1389 608 1521 671 Romani

193 695 234 762 de
263 715 313 759 me
345 693 461 758 iudicia
489 694 695 760 intercedere.
739 702 845 782 ltaque
872 703 905 760 ct
931 715 1031 780 augur
1061 706 1169 782 postea
1200 697 1266 762 lieri
1297 699 1399 774 volui,
1436 700 1522 786 quod

194 797 284 854 antea
305 789 523 872 neglexeram,
560 798 592 853 et
614 809 686 855 eum
711 789 881 862 honorem,
911 789 966 876 qui
994 810 1013 853 a
1035 799 1144 856 senatu
1166 791 1264 857 tribui
1284 791 1381 858 rebus
1402 792 1522 860 bellicis

194 881 293 957 solet,
330 881 504 966 neglectum
535 903 553 947 a
586 903 636 947 me
669 882 760 958 olim,
796 903 878 948 nunc
907 882 984 947 mihi
1006 883 1216 970 expetendum
1237 896 1324 971 puto.
1369 891 1418 952 tt.
1441 888 1523 953 Huic

194 997 283 1042 meae
316 976 484 1051 voluntati,
520 976 552 1042 in
587 997 648 1062 qua
679 976 760 1041 inest
788 976 961 1063 aliquavis
984 977 1134 1043 desiderii
1155 979 1194 1044 ad
1215 979 1388 1045 sanandum
1409 982 1546 1048 vulnuss

195 1071 344 1143 iniuriae,
373 1078 408 1134 ut
430 1069 535 1135 faveas
557 1070 745 1155 adiutorque
768 1070 825 1144 sis,
859 1070 944 1157 quod
966 1071 1071 1156 paullo
1093 1080 1164 1137 ante
1185 1094 1236 1137 me
1258 1094 1407 1158 negaram
1430 1096 1524 1161 roga-

196 1175 319 1238 turum,
353 1163 557 1230 vehementer
577 1174 608 1228 te
630 1185 730 1250 rogo,
764 1164 900 1238 sedita,
924 1163 950 1228 si
972 1183 1035 1230 non
1057 1165 1197 1231 ieiunum
1219 1167 1280 1232 hoc
1301 1171 1407 1236 nescio
1429 1171 1522 1259 quid,

195 1258 279 1344 quod
302 1281 362 1346 ego
384 1261 482 1344 gessi,
520 1268 551 1324 et
572 1258 833 1324 contemnendum
856 1257 1031 1335 videbitur,
1058 1260 1114 1327 sed
1135 1262 1196 1328 tale
1217 1271 1311 1349 atque
1333 1273 1466 1341 tautum,
1489 1276 1524 1332 ut

196 1353 285 1417 multi
306 1373 503 1439 nequaquam
525 1351 654 1438 paribus
676 1351 772 1418 rebus
794 1353 933 1417 honores
956 1374 1096 1419 summos
1118 1375 1135 1419 a
1158 1365 1265 1421 senatu
1281 1361 1439 1425 consecuti
1454 1359 1523 1426 sint.

195 1444 348 1530 Equidem
366 1448 459 1512 etiam
471 1447 548 1512 illud
569 1447 646 1511 mihi
660 1447 797 1512 animum
813 1446 985 1512 advertisse
999 1447 1165 1514 videor-
1184 1451 1244 1515 scis
1259 1453 1351 1527 enim,
1370 1475 1462 1538 quam
1479 1463 1524 1519 at·
1534 1472 1560 1512 ao

195 1549 279 1606 tante
290 1550 321 1604 te
332 1541 442 1607 audire
454 1542 571 1606 soleam
591 1577 643 1614 -,
666 1549 696 1605 ta
707 1563 772 1607 nou
783 1550 846 1606 tam
860 1563 912 1607 res
924 1552 1026 1627 gestas
1036 1563 1130 1629 quam
1142 1564 1256 1619 mores,
1277 1547 1416 1612 instituta
1430 1558 1523 1635 atque

195 1633 291 1698 vitam
304 1635 529 1719 imperatorum
540 1643 682 1720 spectaro
697 1635 801 1701 solere
816 1635 850 1699 in
864 1634 1015 1701 habendis
1030 1646 1084 1702 aut
1097 1658 1162 1702 non
1173 1636 1324 1704 habendis
1338 1639 1524 1710 bonoribus.

196 1727 289 1806 Quod
304 1729 330 1793 si
346 1733 378 1794 in
393 1749 463 1793 mea
477 1749 569 1794 causa
583 1727 817 1804 considerabis,
843 1729 985 1815 reperies
1000 1751 1051 1795 me
1070 1732 1213 1798 exercitu
1234 1731 1391 1800 imbecillo
1414 1744 1523 1801 contra

195 1831 312 1888 metum
324 1823 452 1888 maximi
464 1820 956 1908 bellifirmissimumpraesidium
964 1823 1109 1889 habuisse
1121 1826 1308 1916 aequitatem
1320 1837 1352 1892 et
1362 1829 1524 1894 contineu-
1617 1807 1643 1906 ί

196 1918 280 1981 tiam.
322 1917 379 1982 llis
400 1938 460 2002 ego
482 1915 628 1982 subsidiis
650 1937 687 1982 ea
709 1938 778 1982 sum
805 1926 1006 1990 consecutus,
1034 1939 1114 2004 quae
1136 1919 1228 1984 nullis
1250 1920 1427 2005 legionibus
1448 1943 1558 1989 con-u

195 2012 286 2096 sequi
316 2011 504 2096 potuissem,
540 2018 577 2074 ut
598 2031 638 2074 ex
660 2010 857 2076 alienissimis
888 2011 982 2076 sociis
1011 2013 1236 2090 amicissimos,
1275 2021 1317 2080 ex‘
1346 2014 1524 2082 infidelissi-

196 2104 255 2169 mis
277 2103 471 2170 hrmissimos
489 2104 666 2179 redderem,
688 2104 871 2191 animosque
892 2125 1046 2170 novaram
1067 2128 1175 2173 rerum
1199 2109 1433 2195 exspectatione
1455 2131 1523 2175 sus-

195 2217 310 2283 pensos
347 2199 385 2264 ad
419 2199 533 2264 veteris
567 2197 694 2284 imperii
723 2196 972 2263 benevolentiam
1005 2200 1213 2267 traducerem.
1274 2207 1324 2268 15.
1347 2203 1409 2269 Sed
1430 2203 1523 2269 nimis

195 2290 273 2356 baec
293 2293 389 2358 multa
411 2293 450 2359 de
472 2315 542 2368 me,
565 2293 750 2380 praesertim
773 2292 812 2359 ad
832 2302 878 2366 te,
901 2315 1005 2381 aquo
1027 2316 1092 2361 uuo
1110 2297 1251 2361 omnium
1266 2298 1425 2364 sociorum
1446 2319 1524 2384 quc·

195 2385 282 2451 relae
303 2386 490 2466 audiuntur;
513 2407 684 2472 cognosces
708 2408 747 2452 ex
770 2386 828 2462 iis,
852 2387 906 2474 qni
922 2387 999 2453 meis
1014 2387 1161 2455 institutis
1176 2411 1210 2454 se
1231 2401 1389 2458 recreatos
1404 2402 1559 2480 putantur

197 2481 337 2565 Cumque
359 2500 468 2545 omnes
490 2501 554 2546 uno
576 2501 676 2567 prope
697 2501 851 2546 consensu
874 2481 914 2547 de
935 2504 986 2547 me
1007 2482 1091 2568 apud
1112 2493 1143 2548 to
1165 2505 1222 2560 ea,
1246 2487 1416 2571 quaemihi
1435 2496 1522 2576 opta-

197 2572 315 2638 tissima
337 2585 425 2647 suut,
463 2574 700 2659 praedicabunt,
736 2585 802 2641 tum
825 2574 906 2642 duae
928 2576 1083 2642 maximae
1104 2578 1265 2645 clientelae
1286 2589 1378 2657 tuae,
1402 2584 1523 2670 Cyprus
1557 2573 1584 2779 )
1622 2602 1637 2634 ν

75 2681 81 2696 ·
195 2666 297 2732 insula
319 2676 351 2732 et
372 2668 585 2755 Cappadociae
606 2691 755 2760 regnum,
793 2678 896 2735 tecum
920 2670 958 2735 de
980 2691 1031 2736 me
1052 2672 1236 2758 loquentur;
1258 2683 1335 2760 puto
1357 2675 1451 2741 etiam
1471 2699 1523 2766 re-

197 2781 268 2847 gem
296 2760 494 2838 Deiotarum,
528 2764 583 2851 qui
610 2765 666 2830 uni
698 2763 755 2829 tibi
784 2771 832 2828 est
852 2765 991 2829 maxime
1012 2765 1217 2833 necessarius.
1270 2770 1358 2845 Quae
1380 2770 1407 2834 si
1429 2770 1521 2835 etium

196 2855 317 2922 maiora
338 2865 411 2921 sunt
432 2866 464 2922 et
485 2856 517 2922 in
538 2857 684 2923 omnibus
705 2857 818 2923 seculis
838 2857 1005 2943 pauciores
1027 2858 1089 2924 viri
1110 2865 1227 2944 reperti
1249 2870 1335 2935 sunt,
1372 2868 1427 2950 qui
1449 2882 1560 2930 suasus

196 2949 398 3034 cupiditates,
421 2971 514 3036 quam
536 2952 591 3039 qui
612 2951 749 3018 hostium
772 2950 877 3038 copias
891 2949 1068 3027 vincerent,
1092 2961 1138 3016 est
1158 2952 1302 3039 prolecto
1324 2963 1428 3032 tuum,
1450 2977 1522 3022 cum

197 3042 237 3108 ad
268 3065 320 3109 res
349 3043 478 3110 bellicas
510 3045 603 3120 haec,
640 3066 721 3132 quae
743 3045 866 3110 rariora
888 3053 919 3108 et
940 3043 1116 3110 difficiliora
1137 3054 1228 3122 sunt,
1262 3067 1378 3132 genera
1399 3048 1523 3115 virtutis

197 3136 395 3212 adiunxeris,
423 3137 508 3223 ipsas
529 3144 622 3203 etiam
644 3139 713 3204 illas
734 3159 786 3204 res
808 3148 909 3223 gestas
930 3135 1079 3202 iustiores
1100 3131 1170 3204 esse
1191 3148 1223 3204 et
1243 3140 1379 3206 maiores
1400 3153 1521 3228 putare.

199 3234 248 3296 16.
270 3236 454 3297 Extremum
475 3232 552 3298 illud
574 3241 640 3307 est,
673 3241 710 3297 ut
730 3230 817 3318 qnasi
839 3228 981 3297 diffidens
1003 3229 1159 3314 rogationi
1181 3252 1270 3298 meae
1291 3234 1521 3322 philosophiam

197 3323 237 3390 ad
265 3333 296 3390 te
326 3326 474 3412 allegem,
507 3348 569 3413 qua
590 3348 649 3393 nec
669 3325 746 3392 mihi
767 3323 873 3389 carior
892 3323 957 3389 ulla
977 3344 1117 3410 uuquam
1139 3345 1191 3390 res
1215 3324 1248 3390 in
1269 3325 1332 3392 vita
1353 3328 1429 3403 luit,
1466 3350 1560 3395 necso

197 3419 360 3486 hominum
389 3421 498 3506 generi
526 3425 626 3487 maius
660 3443 678 3488 a
707 3421 774 3487 deis
807 3439 920 3484 munus
952 3419 1051 3484 ullum
1073 3428 1121 3484 est
1142 3420 1257 3486 datum.
1299 3426 1385 3488 Haec
1404 3423 1522 3510 igitur,

198 3535 278 3601 quae
299 3512 378 3579 mihi
398 3522 501 3580 tecum
523 3515 697 3582 communis
719 3523 783 3589 est,
806 3513 938 3579 societas
960 3512 1136 3579 studiorum
1158 3523 1252 3602 atque
1270 3516 1384 3582 artium
1402 3526 1525 3583 nostra·

198 3628 294 3682 rum,
333 3606 448 3694 quibus
470 3629 487 3672 a
509 3610 644 3694 pueritia
669 3607 765 3674 dediti
798 3628 834 3673 ac
865 3606 1001 3672 devincti
1034 3607 1094 3673 soli
1114 3609 1343 3695 propemodum
1372 3633 1430 3676 uos
1456 3611 1525 3698 pbi-

198 3702 373 3787 losophiam
401 3723 509 3768 aeram
542 3703 629 3769 illam
651 3711 682 3767 et
702 3703 874 3789 antiquam,
906 3723 987 3788 qnae
1009 3700 1194 3789 quibusdam
1216 3703 1275 3768 otii
1296 3725 1365 3769 esse
1386 3725 1422 3770 ac
1444 3703 1526 3770 desi-

199 3796 268 3862 diae
297 3795 436 3871 videtur,
470 3797 503 3862 in
533 3796 638 3863 iorum
671 3807 764 3883 atque
791 3801 824 3861 in
852 3815 921 3860 ram
951 3794 1108 3883 publicam
1137 3805 1230 3882 atquc
1251 3797 1284 3862 in
1305 3798 1404 3886 ipsam
1427 3801 1559 3864 aciemss

199 3910 298 3977 paene
331 3889 535 3968 deduximus,
572 3901 675 3957 tecum
708 3891 774 3975 agit
802 3889 841 3954 de
863 3909 933 3953 mea
950 3889 1067 3964 laude,
1100 3892 1150 3953 cui
1172 3890 1280 3974 negari
1302 3912 1319 3955 a
1342 3897 1457 3959 Catone
1477 3891 1524 3958 las

200 4005 269 4050 esse
300 4005 365 4050 nou
392 3995 479 4072 puto.
533 3983 748 4065 Quamobrem
779 3982 838 4050 tibi
865 3983 909 4048 sic
940 3983 1130 4069 persuadeas
1156 3981 1268 4050 velim:
1313 3991 1339 4050 si
1368 3985 1444 4050 mihi
1472 3993 1525 4050 tna

200 4077 353 4144 sententia
374 4079 511 4145 tributim
532 4078 635 4145 bonos
663 4099 704 4142 ex
733 4077 811 4142 meis
839 4076 951 4143 litteris
973 4077 1089 4155 luerit,
1125 4098 1175 4142 me
1197 4075 1243 4142 sic
1264 4081 1523 4153 existimaturum,

200 4191 272 4235 cum
299 4173 483 4239 auctoritate
511 4182 580 4246 tua,
617 4181 682 4237 tum
710 4169 929 4237 benevolentia
961 4191 1037 4256 erga
1063 4191 1114 4235 ma
1144 4169 1241 4247 mihi,
1279 4171 1365 4260 quod
1386 4171 1524 4237 maxime

200 4265 372 4352 cupierim,
394 4265 571 4351 contigisse.
1530 4279 1558 4318 *υ

695 4422 1038 4509 amcam)

512 4536 578 4636 tu.
601 4547 703 4613 caro
727 4549 758 4611 s.
779 4549 818 4609 n.
838 4549 880 4610 u.
903 4545 1087 4610 atcaaom
1107 4497 1208 4632 mal

287 4664 316 4726 1.
353 4660 446 4738 Quod
479 4669 511 4725 et
536 4679 588 4726 res
614 4657 739 4745 publica
769 4675 819 4720 me
848 4663 878 4720 et
905 4663 1012 4720 nostra
1034 4655 1170 4721 amicitia
1193 4656 1355 4734 hortatur,
1391 4656 1525 4723 libenter

200 4754 299 4829 facio,
321 4762 357 4819 ut
377 4762 462 4820 tuam
483 4753 647 4828 virtutem,
683 4749 912 4822 innocentiam,
935 4747 1126 4835 diligentiam
1147 4753 1304 4835 cognitam
1325 4752 1359 4816 in
1380 4751 1525 4817 maximis

273 4945 317 4995 to.
338 4944 406 4994 illud
422 4944 486 4993 milri
498 4943 544 4995 bl:
563 4941 739 4993 mihtittudtt.
752 4966 781 4977 -
803 4941 846 4991 ld.
868 4954 900 4990 aa
912 4947 1071 5004 pestutum.
1086 4955 1127 5004 pr.
1141 4942 1178 4992 Μ.
1191 4967 1226 4976 —-
1244 4942 1288 4992 28.
1306 4942 1526 4995 tllmsriorashls·

203 5016 306 5067 nutius·
332 5040 362 5051 -
399 5027 451 5064 essa
476 5013 530 5063 del.
553 5013 699 5064 Ernestius.
731 5037 758 5048 -
798 5012 841 5062 3¹.
870 5013 924 5061 deis
949 5009 994 5060 lll:
1021 5011 1073 5060 diis
1091 5011 1121 5062 li.
1169 5013 1213 5062 32.
1241 5027 1373 5062 cmnmune
1391 5020 1427 5062 cst
1445 5013 1525 5064 bl.-

203 5087 248 5138 34.
268 5098 356 5137 aarum
374 5083 447 5136 tuam
465 5083 513 5134 M:
534 5084 607 5134 ittam
625 5097 712 5134 veram
731 5082 761 5132 E.
781 5108 814 5116 -
850 5081 893 5131 to.
915 5080 1051 5146 contigisse
1068 5079 1111 5132 bl:
1131 5082 1276 5148 contigisse.
1317 5083 1385 5134 Vols.
1423 5083 1455 5133 li.
