3666 5874
322 427 449 480 mm

320 576 404 644 nutii
437 573 590 645 doctrina
622 571 890 660 exspectandum·
918 578 1011 660 arat,
1048 575 1177 668 ingenti
1210 573 1394 661 eupiditate
1425 577 1644 664 tenebantur,

319 681 473 750 conuicio
491 699 599 768 prope
618 677 794 747 editionem
813 679 885 746 eius
903 677 1153 770 efflagitabant,
1174 683 1211 746 ut
1228 682 1302 767 ipse
1322 679 1445 749 debere
1458 700 1496 749 se
1510 681 1643 749 studio-

318 789 366 853 sis
385 783 510 852 diutius
536 786 596 850 vix
624 802 726 869 posse
750 782 915 850 fateretur
937 782 1010 850 Lib.
1033 781 1096 850 XL
1124 783 1234 870 Epist.
1249 781 1284 852 9.
1325 781 1398 855 Sed
1427 803 1468 853 eo
1495 786 1577 853 vivo
1600 807 1643 856 ae

317 890 469 976 spirante
501 891 595 976 typis
622 907 690 954 non
722 887 787 954 tuit
819 885 1018 972 descriptus.
1060 885 1134 971 Quo
1168 887 1297 975 quidem
1328 890 1418 957 intra
1447 888 1642 959 decennium

317 993 491 1080 absoluto,
520 1009 633 1060 euram
657 1009 750 1058 suam
774 989 1046 1082 diligentiamque
1067 992 1221 1060 extendit
1242 990 1501 1084 adorationes,
1524 995 1643 1083 quibua

318 1095 525 1164 illustrandis
550 1096 594 1164 ab
621 1115 653 1164 a.
673 1092 906 1163 M.1J.Lxx1.
927 1114 1034 1184 usque
1055 1095 1100 1163 ad
1128 1115 1157 1163 a.
1182 1094 1449 1164 nunnxxm
1474 1098 1642 1168 assiduam

318 1218 452 1288 operam
474 1199 577 1268 dedit.
620 1196 692 1270 Sed
713 1202 849 1285 praeter
872 1201 1140 1267 commentarium
1162 1203 1196 1268 in
1217 1198 1408 1269 Orationem
1426 1220 1489 1289 pro
1512 1203 1643 1273 Archia

316 1323 348 1373 a.
367 1302 618 1373 Muaxxil.
646 1305 847 1392 publicatum
855 1295 924 1388 1Ἀ),
954 1303 1036 1370 nihil
1065 1304 1163 1370 huius
1191 1305 1303 1392 operis
1327 1307 1428 1372 drus
1455 1308 1641 1399 evulgavit.

316 1408 520 1477 absolvisse
539 1418 650 1476 autem
667 1410 834 1499 integrum
857 1408 891 1473 in
910 1425 1024 1475 omnes
1041 1410 1211 1476 orationes
1231 1411 1513 1496 commentarium,
1534 1431 1640 1480 exee-

316 1515 385 1599 ptis
408 1511 538 1580 duabus
559 1532 620 1600 pro
644 1512 782 1600 Ligario
807 1514 842 1578 et
861 1512 1040 1602 lleiotaro,
1076 1507 1250 1579 Manutius
1273 1515 1346 1599 ipse
1365 1515 1482 1582 scribit
1498 1514 1542 1582 ad
1567 1515 1639 1584 Ca-

315 1617 437 1683 millum
452 1616 663 1685 Palaaottum
678 1613 760 1682 xli.
780 1613 858 1682 Kal.
879 1615 984 1683 Mart.
1003 1616 1054 1684 M.
1062 1614 1272 1684 iamin.
1292 1618 1365 1686 Lib.
1377 1617 1458 1686 ΧΗ.
1479 1620 1589 1706 Epist.
1602 1619 1640 1688 4.

315 1719 444 1788 Postea
462 1739 545 1788 vero
570 1724 605 1787 ln
622 1719 685 1788 bas
704 1719 793 1806 quod
812 1719 973 1808 reliquum
992 1724 1066 1787 arat
1082 1723 1307 1788 commentarii
1329 1721 1461 1790 adiecit
1503 1723 1567 1790 llis
1586 1727 1640 1790 tot

314 1825 484 1912 tantisque
501 1824 674 1892 laboribus
693 1823 858 1892 coniectis
880 1841 922 1892 ao
947 1824 1047 1912 piane
1066 1824 1246 1907 absolutis,
1278 1826 1450 1894 ciceronis
1469 1828 1637 1914 interpres

316 1927 589 2019 diligentissimus
612 1931 647 1996 et
672 1928 804 1995 omnino
830 1929 927 1996 bonis
949 1929 1071 1995 litteris
1092 1947 1249 1994 summum
1277 1928 1380 1997 decus
1407 1934 1508 2018 utque
1533 1950 1637 2000 orna-

314 2035 457 2100 mentum
478 2033 575 2100 Vlll.
618 2030 703 2098 Idus
723 2032 833 2119 April.
863 2030 1129 2100 iti-numu
1149 2036 1256 2101 morte
1278 2035 1445 2120 eripitur.»

400 2135 545 2206 Primum
568 2141 681 2204 autem
697 2140 791 2203 totns
804 2135 951 2204 Manutli
965 2131 1228 2204 Commentarius
1242 2140 1275 2205 in
1293 2137 1468 2224 Epistulas
1480 2138 1524 2207 ad
1538 2140 1637 2207 iani-

313 2243 418 2310 liares
433 2241 543 2308 editus
558 2245 611 2309 est
626 2243 659 2306 in
673 2259 795 2330 magna
810 2242 868 2306 illa
884 2259 1019 2326 operum
1042 2242 1333 2310 ciceronisnorum
1354 2243 1517 2330 editione,
1539 2265 1636 2332 qnam

310 2346 468 2415 venetus
496 2346 539 2413 ab
568 2364 599 2412 a.
621 2343 922 2413 lll.l).LXXVIll.
942 2365 1048 2433 usque
1075 2347 1118 2412 ad
1144 2346 1493 2416 o.ni.u.nxxx111.
1520 2348 1634 2418 decem

313 2451 466 2538 partibus
485 2450 593 2516 torma
613 2451 738 2517 maiore
759 2449 893 2517 curavit
921 2450 1034 2517 Aldus
1056 2443 1248 2536 filinam,
1284 2469 1420 2539 quarum
1446 2457 1545 2520 sexta
1571 2456 1634 2521 lam

314 2575 345 2624 a.
359 2555 409 2623 Μ.
418 2554 458 2620 li.
466 2552 631 2623 LXXIX.
652 2557 795 2644 vulgata
820 2554 997 2642 Epistulae
1022 2553 1065 2622 ad
1093 2556 1274 2624 familiares
1294 2551 1636 2644 eontinenturffl).

383 2759 407 2827 ·)
424 2763 524 2814 Renoua
546 2759 621 2825 opud
645 2761 783 2824 losaptosa
808 2761 839 2814 da
856 2759 962 2828 donaba
980 2761 1064 2815 atu.
1079 2760 1189 2813 lxxii.
1218 2762 1246 2814 t.
1291 2762 1344 2816 Sed
1364 2763 1505 2818 Renouard
1523 2778 1551 2829 ii·
1569 2766 1632 2820 tlt.

314 2845 391 2897 alieri
408 2846 507 2896 etlam:
538 2840 579 2893 Μ.
601 2839 682 2894 uultu
701 2839 830 2894 &emonis
849 2841 988 2894 Orationes
1011 2842 1042 2892 io
1057 2841 1098 2894 Μ.
1117 2842 1280 2906 Amanium,
1312 2857 1371 2896 oum
1388 2849 1583 2900 commentariis
1600 2849 1631 2900 Ρ.

313 2925 443 2980 Munatii.
465 2922 585 2976 Vaaattis.
599 2922 638 2974 Μ.
651 2921 686 2972 li.
699 2920 810 2975 lxxii.
830 2921 878 2983 8.;
897 2934 952 2974 nou
972 2927 1059 2974 umen
1072 2922 1141 2975 lasus
1153 2923 1313 2986 editionem,
1333 2930 1362 2976 ut
1376 2925 1460 2987 solat,
1479 2930 1632 2992 paginarum

315 3018 426 3058 numero
451 3003 584 3063 iudicato,
609 3005 757 3055 accuratius
783 3003 928 3063 describit,
954 3005 991 3055 tta
1017 3007 1046 3056 ut
1070 3016 1100 3056 aa
1124 3003 1233 3056 tortasse
1256 3015 1310 3056 non
1333 3011 1416 3058 eraut
1438 3008 1488 3058 nisi
1512 3010 1540 3059 in
1557 3007 1633 3060 Cata-

314 3085 374 3151 ioao
392 3085 482 3150 altono
499 3081 596 3135 lidiuo
614 3094 703 3149 nequa
721 3095 839 3150 unquam
857 3084 995 3148 prodierit.

383 3154 418 3233 ”·)
436 3165 521 3230 Quam
535 3177 584 3218 uos
596 3163 659 3217 aliti
672 3170 780 3228 proptor
793 3163 890 3218 lidum
907 3177 987 3217 arum
1005 3176 1099 3219 ruram
1117 3165 1232 3219 solemus
1249 3169 1384 3230 nanuum.
1420 3165 1519 3220 Notum
1533 3175 1574 3222 est
1585 3183 1632 3222 au-

313 3254 377 3303 tatu,
398 3252 465 3312 quot
477 3247 640 3312 quantisque
655 3244 790 3296 erroribus
804 3245 899 3298 retorta
913 3249 948 3298 ait
960 3245 1052 3299 ultima
1071 3246 1137 3299 usae
1153 3245 1250 3298 Aldina
1268 3247 1367 3309 aditio,
1385 3247 1471 3308 adso,
1489 3255 1632 3302 utromma

312 3329 437 3381 oautioua
466 3329 493 3378 iu
521 3339 552 3378 aa
577 3323 728 3378 adhibenda
749 3338 816 3390 opus
833 3328 877 3377 ait.
919 3323 1043 3379 Attamen
1062 3326 1133 3390 apud
1151 3339 1199 3379 uos
1217 3329 1302 3379 rarior
1320 3333 1368 3380 ast.
1407 3327 1540 3393 Equidem
1560 3334 1631 3384 anim

312 3421 371 3463 eam
389 3407 496 3460 domum
515 3411 575 3469 post
593 3407 708 3469 priorem
726 3419 812 3459 meam
831 3405 977 3459 absolutam
994 3408 1056 3459 satis
1074 3420 1168 3472 magno
1186 3410 1272 3471 pretio
1291 3420 1323 3460 er
1341 3406 1417 3461 ltalia
1433 3415 1526 3462 metus
1543 3424 1614 3464 sum.

382 3482 429 3551 ''*)
448 3485 479 3536 iu
497 3486 612 3539 Manutii
636 3486 764 3550 Epistoiia
781 3498 797 3539 a
814 3487 974 3540 lisnouardo
1004 3487 1081 3540 editis
1107 3485 1220 3550 (Lattara
1238 3487 1266 3538 di
1284 3487 1367 3540 Pooio
1386 3488 1512 3542 nonesto
1529 3493 1631 3554 motata

310 3566 383 3632 sauli
400 3567 535 3633 uutoaruli
553 3567 670 3620 asiatasatt
692 3567 764 3618 ostio
787 3567 925 3619 tititoteeu
947 3566 1134 3619 Ambo-ostona.
1171 3568 1266 3632 Porioi
1283 3565 1362 3620 taut.
1381 3566 1421 3629 Β.)
1447 3569 1512 3620 nibli
1530 3574 1630 3634 raperi-

312 3653 369 3709 tur‚
390 3646 461 3710 oood
479 3646 513 3697 ad
532 3646 713 3700 Tullianarum
730 3648 827 3721 κρίσιν
846 3651 991 3710 pertineat,
1010 3649 1060 3699 ulai
1075 3648 1117 3699 hle
1131 3647 1203 3699 loeus
1218 3650 1244 3698 iu
1259 3648 1370 3711 solemia
1384 3661 1399 3700 a
1411 3648 1490 3701 Patro
1504 3647 1629 3714 Augellro

312 3727 345 3780 ad
362 3728 511 3779 Munatium
529 3729 608 3780 missa
626 3741 653 3792 p.
673 3727 751 3780 araz
781 3727 807 3779 ii
822 3729 940 3790 pedrosa
958 3727 1022 3779 della
1039 3728 1157 3792 Epistola
1180 3729 1312 3794 familiari
1329 3729 1357 3779 dt
1375 3729 1510 3789 Glemona,
1539 3733 1629 3785 sortita

312 3822 331 3860 a
344 3821 450 3872 panau.
469 3807 492 3860 ia
509 3807 584 3872 quoti
602 3809 714 3859 maudut
732 3821 751 3858 o
770 3808 800 3860 l'.
819 3808 865 3870 8.,
883 3808 917 3859 m'
930 3809 965 3858 loo
982 3806 1028 3875 aid
1044 3809 1177 3872 pararetis
1194 3809 1264 3861 ootso
1281 3811 1408 3861 nonesto
1428 3824 1478 3862 ooo
1495 3813 1628 3863 instuartu

312 3887 349 3940 ola'
375 3889 401 3940 to
418 3889 492 3954 attala
510 3886 596 3951 sumtu
611 3889 727 3942 amoma.
762 3891 827 3942 Plau
844 3889 865 3939 u
881 3887 910 3940 ot
928 3889 962 3940 2⁸1
980 3890 1008 3940 dt
1025 3889 1152 3954 Faibroju
1171 3889 1269 3953 1567„
1295 3889 1392 3956 ouibus
1416 3904 1447 3943 aa
1473 3889 1558 3944 serbis
1577 3892 1628 3943 eol-

311 3967 401 4033 ligitur
423 3968 544 4021 Paullum
569 3968 615 4023 ilio
639 3973 718 4022 etiam
743 3975 861 4033 tempore
879 3981 971 4020 aarum
990 3969 1101 4021 Codices
1121 3975 1256 4024 tractasse.
1294 3970 1396 4034 Corpus
1415 3977 1502 4023 autem
1522 3971 1627 4034 Episto-

310 4048 394 4100 iarum
412 4048 563 4101 italicarum
580 4047 690 4112 (letters
706 4049 812 4117 ooloort
828 4050 857 4101 di
873 4049 913 4100 Μ.
936 4049 1016 4101 Poolo
1034 4049 1171 4115 Munatio,
1202 4051 1286 4102 atoue
1308 4052 1339 4102 io
1364 4058 1470 4115 ooottro
1488 4052 1558 4105 libri.
1594 4053 1627 4106 in

313 4126 438 4194 amau,
457 4128 496 4184 Μ.
509 4129 543 4180 D.
556 4129 614 4183 LX.
632 4127 674 4195 8.)
691 4133 807 4185 uanoisri
825 4143 879 4184 nou
896 4131 982 4195 potui.

1816 1463 1818 1598 i
