3656 5868
304 362 347 424 ss
738 311 1200 424 muroumuulosau.

305 517 392 608 quod
419 514 582 583 delinitum
610 513 652 580 alt
672 523 727 582 aut
747 523 888 590 aemam,
909 515 970 580 nisi
992 535 1043 580 me
1064 515 1170 592 vultu,
1200 515 1413 584 taciturnitate
1441 517 1634 604 significasse

306 611 363 678 tibi
384 631 449 676 non
471 631 541 675 esse
568 608 719 686 amicum,
756 606 852 695 idque
882 627 943 695 pro
970 607 1142 684 tribunali,
1170 631 1242 676 eum
1271 609 1390 698 aliquid
1416 623 1578 698 ageretur,
1601 625 1635 680 et

304 703 462 771 nonnullis
488 704 521 768 in
549 701 704 769 conviviis
728 701 860 787 intelligi
890 701 1041 788 potuisse.
1099 705 1168 768 lloo
1188 711 1289 770 totum
1311 703 1389 770 nihil
1411 726 1481 772 esse
1502 727 1631 794 possum

208 815 211 822 ·
303 799 496 884 intelligere;
533 795 589 862 sed
614 817 686 862 eum
711 796 752 862 sit
772 795 866 872 nihil,
900 816 940 861 ne
965 794 1043 882 quid
1064 795 1187 862 diorum
1207 797 1334 883 quidem
1357 797 1509 885 intelligo.
1551 801 1634 867 lllnd

280 894 430 982 squidem
458 893 524 959 seio
551 913 639 958 meos
661 890 776 956 multos
801 898 833 956 et
853 889 991 956 illustres
1017 898 1049 955 et
1070 911 1111 954 ex
1131 891 1297 977 superiore
1317 901 1349 956 et
1370 913 1411 958 ex
1437 915 1541 981 aequo
1560 895 1633 962 loeo

303 1008 466 1055 semones
488 986 610 1052 babitus
637 1003 708 1050 nrm
730 994 784 1050 tua
804 1005 926 1049 sumnia
945 982 1038 1050 laude
1060 993 1092 1049 et
1109 1005 1181 1050 eum
1204 1005 1316 1071 magna
1339 986 1549 1054 sollieitudine
1570 989 1634 1075 sig-

304 1080 491 1149 nificationis
506 1090 631 1147 nostrae
646 1077 865 1145 familiaritatis
886 1076 926 1143 ad
949 1087 979 1142 te
1001 1099 1078 1143 vere
1097 1078 1239 1164 potuisse
1254 1078 1382 1146 deterri.
1425 1085 1523 1156 Nam,
1545 1082 1632 1169 qood

303 1175 484 1261 adlegatos
508 1175 633 1249 attinet,
664 1171 741 1260 quid
773 1193 792 1238 a
825 1191 876 1238 me
904 1171 974 1236 lieri
1000 1172 1104 1258 potuit
1130 1181 1184 1238 aut
1216 1173 1390 1258 elegantius
1421 1183 1474 1242 aut
1501 1176 1632 1253 iustius,

303 1291 398 1358 quam
416 1277 452 1334 ut
471 1277 614 1354 sumptus
637 1266 908 1353 egentissimarum
930 1265 1090 1332 civitatum
1112 1266 1288 1332 minuerem
1312 1267 1380 1334 sine
1401 1267 1466 1334 ulla
1484 1269 1633 1336 imminu-

267 1365 390 1431 ntioue
418 1362 578 1449 dignitatis
612 1369 701 1437 tuae,
737 1360 923 1447 praesertim
953 1360 1031 1446 ipsis
1061 1359 1239 1426 civitatibus
1265 1361 1518 1448 postulantibus?
1554 1367 1633 1430 Nam

303 1457 380 1523 mibi
402 1465 502 1522 totum
522 1475 620 1542 genus
637 1454 829 1540 legationum
849 1463 903 1520 tuo
921 1453 1048 1519 nomine
1065 1453 1328 1541 proficiscentium
1348 1463 1456 1524 nomm
1474 1477 1539 1521 non
1553 1467 1632 1523 erat.

304 1558 459 1640 Apameae
490 1571 563 1616 eum
587 1570 705 1624 essem,
742 1548 912 1614 murltarum
942 1548 1103 1614 civitatum
1124 1547 1284 1635 principes
1308 1548 1349 1614 ad
1373 1571 1425 1614 me
1453 1549 1633 1617 detulerunt

303 1655 445 1732 sumptus
460 1643 587 1711 decerni
603 1643 713 1728 legatis
734 1641 827 1708 nimis
846 1661 992 1728 magnos,
1016 1661 1088 1708 cum
1110 1639 1262 1708 solvendo
1278 1641 1420 1708 civitates
1439 1664 1503 1710 non
1518 1653 1632 1710 essent

303 1745 333 1806 3.
355 1739 415 1806 llic
436 1759 496 1825 ego
517 1738 613 1803 marlia
634 1737 728 1804 simul
748 1736 893 1822 cogitavi.
936 1735 1078 1801 Primum
1093 1744 1125 1800 te
1139 1734 1299 1801 bominem
1312 1756 1377 1801 non
1393 1737 1495 1802 solum
1510 1736 1634 1823 sepien-

267 1842 366 1900 ntem
387 1853 499 1898 verum
521 1831 631 1906 etiam,
667 1839 703 1896 ut
723 1851 806 1897 nane
826 1830 1003 1917 loquimur,
1039 1826 1196 1895 urbanum
1225 1851 1288 1895 non
1317 1828 1494 1896 arbitrabar
1515 1851 1633 1916 genere

302 1927 363 1993 isto
384 1926 576 2012 legationum
597 1924 761 2004 delectari;
783 1924 881 2012 idque
903 1945 954 1990 me
970 1921 1110 1988 arbitror
1123 1923 1275 2011 Synnadis
1296 1944 1356 2010 pro
1378 1923 1528 1990 tribumali
1552 1926 1633 1990 mul

303 2021 343 2086 tis
356 2017 463 2085 verbis
483 2018 704 2104 disputavisse:
728 2019 876 2105 primum,
897 2017 1033 2104 Appium
1052 2017 1217 2083 Claudium
1238 2018 1361 2084 senatui
1372 2017 1554 2106 populoque
1570 2024 1633 2085 lto-

302 2133 412 2188 mano.
445 2133 510 2178 non
531 2111 757 2178 Midaeensium
779 2111 960 2178 testimonio
982 2145 1022 2158 -
1044 2111 1077 2175 iu
1102 2132 1139 2175 ea
1160 2109 1246 2176 enim
1268 2111 1392 2177 civitate
1414 2113 1531 2178 mentio
1551 2113 1631 2178 laeta

303 2219 351 2275 est
371 2243 422 2283 -‚
445 2204 501 2272 sed
528 2227 584 2270 sua
613 2215 725 2291 sponte
754 2227 824 2271 esse
850 2205 1026 2282 laudatum;
1063 2202 1176 2269 deinde
1205 2224 1255 2269 me
1282 2205 1324 2270 ita
1351 2204 1467 2271 vidisse
1488 2206 1632 2280 accidere

264 2300 423 2374 samnitis,
445 2308 614 2364 uteorum
635 2319 728 2364 causa
748 2299 920 2386 legationes
943 2303 1073 2364 Romam
1095 2295 1257 2370 venirent,
1282 2297 1338 2364 sed
1360 2297 1409 2364 bis
1423 2299 1632 2384 legationibus

303 2415 366 2461 non
387 2392 568 2458 meminisse
588 2411 639 2456 me
660 2391 759 2457 ullum
781 2401 904 2480 tempus
924 2390 1072 2458 laudandi
1100 2399 1154 2456 aut
1174 2391 1278 2457 lorum
1305 2391 1393 2472 dari;
1429 2393 1532 2458 studia
1554 2393 1631 2459 mibi

303 2507 415 2553 eorum
436 2485 577 2572 placem,
610 2484 697 2571 quod
725 2484 758 2550 in
779 2493 811 2551 te
832 2484 913 2551 bene
940 2485 1054 2551 merito
1078 2485 1160 2570 grati
1182 2495 1307 2564 essent;
1342 2485 1508 2552 consilium
1530 2496 1632 2552 totum

304 2579 404 2647 videri
432 2578 563 2644 minime
595 2578 818 2645 neeessariam.
874 2580 907 2644 si
928 2586 1032 2644 autem
1054 2577 1169 2644 vellent
1191 2577 1353 2644 declarare
1375 2579 1408 2644 iu
1430 2600 1469 2645 eo
1491 2579 1633 2646 officium

193 2673 196 2680 ’
302 2693 410 2749 suum,
432 2671 631 2738 laudaturum
651 2693 717 2746 me,
747 2671 775 2738 si
796 2672 852 2759 qui
873 2694 932 2738 sao
954 2680 1081 2758 sumptu
1102 2669 1227 2736 moetus
1249 2682 1332 2737 esset
1353 2672 1474 2751 officim
1504 2691 1632 2739 eonees·

264 2787 428 2842 usurum,
461 2766 489 2831 si
516 2765 674 2852 legitimo;
707 2787 771 2832 uon
791 2767 1040 2853 permissmum,
1073 2766 1101 2831 si
1122 2765 1254 2831 infinito.
1309 2765 1394 2844 Quid
1415 2765 1500 2832 enim
1520 2787 1632 2853 repre·

302 2859 396 2926 bendi
415 2867 530 2944 potest,
552 2859 612 2924 uisi
628 2859 715 2946 qood
735 2859 824 2928 addis
845 2860 949 2926 msam
970 2881 1040 2927 esse
1061 2857 1251 2948 quibusdem
1266 2859 1403 2926 edietum
1418 2881 1524 2926 meum
1539 2861 1630 2948 quasi

301 2954 444 3021 oonsulto
467 2952 507 3019 ad
526 2953 601 3018 istas
622 2953 793 3039 legationes
814 2953 1032 3041 impediendas
1058 2973 1128 3020 esse
1156 2953 1446 3020 accommodatum
1479 2958 1544 3019 lam
1566 2974 1630 3020 non

300 3057 418 3114 tantam
447 3045 525 3112 mibi
552 3039 700 3112 videntur
727 3046 875 3114 iniuriam
903 3045 1069 3123 bacereb,
1103 3046 1158 3134 qui
1180 3042 1256 3112 haee
1279 3047 1452 3132 disputant,
1486 3046 1630 3134 quamsi

301 3141 390 3208 ouius
412 3162 505 3207 aures
526 3139 566 3207 ad
587 3137 667 3206 hanc
688 3139 931 3228 disputationem
951 3149 1067 3228 patent
1110 3145 1141 3206 t.
1164 3145 1282 3208 Romae
1297 3141 1461 3228 composui
1476 3139 1630 3218 edietum

264 3235 378 3301 sonibil
399 3233 506 3301 addidi
526 3233 587 3299 nisi
608 3234 695 3322 quod
715 3234 875 3322 publicani
896 3256 947 3300 me
968 3244 1140 3322 rogarunt,
1162 3255 1235 3300 mam
1257 3239 1384 3301 Samum
1406 3233 1447 3300 ad
1461 3255 1512 3299 me
1526 3234 1630 3300 venis·

301 3338 386 3404 sent,
408 3339 444 3394 ut
464 3328 504 3394 de
525 3337 580 3394 tuo
602 3329 706 3395 edieto
728 3328 860 3395 totidem
881 3329 989 3396 verbis
1011 3329 1215 3396 transferrem
1238 3328 1272 3394 iu
1294 3349 1409 3394 meum.
1451 3329 1631 3416 Diligentia-

301 3422 380 3490 sime
401 3423 553 3510 seriptum
573 3432 667 3509 eaput
687 3432 749 3498 est,
772 3423 858 3510 qaod
879 3422 1016 3510 pertinet
1036 3422 1076 3488 ad
1094 3422 1281 3488 minuendos
1294 3432 1437 3509 sumptus
1452 3423 1629 3490 civitatum:

301 3538 366 3603 quo
399 3516 433 3582 in
461 3516 563 3602 eapite
592 3528 664 3582 sunt
691 3517 845 3604 quaedam
872 3538 975 3592 nova,
1008 3517 1156 3584 salutaria
1189 3515 1385 3590 civitatibus,
1419 3517 1536 3604 quibus
1569 3537 1630 3604 ego

302 3630 416 3695 magno
445 3630 543 3697 opere
571 3610 726 3690 delectem
749 3611 810 3676 boe
832 3631 928 3686 vero,
951 3630 992 3675 ex
1021 3631 1085 3698 quo
1114 3610 1252 3697 suspicio
1281 3620 1352 3675 nata
1377 3619 1425 3676 est
1445 3633 1496 3677 me
1517 3610 1630 3697 exqui-

264 3703 379 3772 sesisse
400 3703 537 3790 aliquid,
564 3704 683 3792 inquo
705 3714 736 3771 te
758 3703 970 3779 offenderem,
992 3703 1181 3769 tralaticium
1203 3711 1259 3768 est
1302 3708 1411 3789 Neque
1434 3705 1518 3772 enim
1540 3723 1628 3770 eram

301 3804 365 3861 nm
387 3796 559 3883 desipiens,
595 3807 631 3863 ut
651 3798 791 3885 privatae
824 3797 872 3864 rei
897 3817 992 3864 eausa
1021 3795 1121 3884 legari
1152 3805 1315 3885 putarem,
1352 3797 1408 3884 qui
1429 3808 1461 3863 et
1481 3798 1539 3865 tibi
1561 3819 1624 3862 non

302 3890 424 3978 privato
446 3899 478 3956 et
497 3911 557 3977 pro
579 3911 615 3956 re
637 3913 701 3957 non
722 3889 844 3978 privata
865 3913 941 3968 sua,
964 3891 1021 3958 sed
1041 3891 1185 3979 publiea,
1207 3911 1271 3957 uon
1292 3891 1325 3956 in
1346 3891 1489 3978 privato,
1520 3890 1630 3957 sedin

302 3981 431 4072 publico
453 3983 542 4050 orbis
563 3993 667 4050 terrae
689 3985 839 4060 consilio,
861 3985 983 4062 idest,
1006 3985 1038 4052 in
1061 3997 1184 4060 senam,
1205 3995 1241 4051 ut
1255 3984 1370 4071 gratias
1391 3991 1536 4070 agerent,
1558 3983 1632 4050 mit·

302 4075 457 4143 tebautur.
513 4082 621 4166 Neque
644 4099 715 4144 cum
736 4077 837 4152 edixi,
874 4101 913 4144 ue
936 4078 1007 4167 quis
1029 4078 1151 4144 iniussu
1172 4097 1244 4144 meo
1266 4076 1536 4164 proficisceretur,
1574 4099 1630 4142 ex-

263 4171 381 4238 soclusi
403 4192 475 4247 eos,
508 4170 564 4259 qui
585 4193 635 4238 me
657 4173 690 4238 in
712 4181 813 4237 eastra
836 4181 868 4237 et
888 4172 943 4260 qui
963 4181 1048 4238 trans
1076 4178 1213 4238 Taurum
1234 4171 1383 4258 persequi
1405 4192 1469 4236 non
1491 4178 1629 4257 possent.

371 4382 396 4434 1.
416 4383 551 4448 definiam
568 4382 616 4434 llls
635 4389 684 4434 aas
695 4384 831 4449 delium
850 4383 880 4434 ll.
896 4407 927 4420 -
946 4385 1020 4434 eoba
1037 4388 1062 4433 et
1081 4382 1265 4434 taciturnitate
1277 4381 1436 4432 Lambinus.
1456 4407 1485 4418 -
1506 4381 1534 4432 s.
1554 4376 1629 4446 qaid]

300 4451 373 4504 Fort.
392 4451 447 4518 qni.
467 4452 519 4504 Oa.
542 4479 569 4490 -
591 4453 618 4504 a.
637 4453 811 4506 sollieitudine
830 4454 1030 4520 npnipcotionis
1048 4453 1083 4502 a:
1103 4451 1275 4502 sollieitudine
1293 4453 1482 4518 significatione
1495 4447 1629 4514 (aliquan-

302 4527 359 4572 tum
387 4533 466 4573 eraso
492 4535 518 4573 r.
545 4521 729 4586 soiiidtasdine)
748 4524 794 4585 Μ,
814 4525 1005 4590 sipniltrottone
1023 4523 1053 4574 li.
1074 4548 1103 4560 -
1142 4523 1186 4573 tb.
1205 4519 1284 4585 name]
1303 4536 1365 4572 num
1383 4522 1420 4574 Μ.
1443 4544 1474 4557 -
1512 4522 1554 4572 t't.
1572 4521 1629 4584 pri·

299 4607 371 4643 mom
388 4595 461 4657 apud
478 4593 591 4644 aiodinm
615 4593 654 4644 u.
683 4617 714 4630 -
752 4594 795 4646 18.
820 4595 1010 4646 Midaeensium
1027 4593 1183 4644 Rubenius:
1203 4593 1359 4644 mideoesnrn
1377 4592 1421 4652 lt,
1446 4588 1628 4656 Myndeminm

302 4661 332 4712 li.
364 4685 395 4698 -
431 4665 461 4714 s'n
478 4659 519 4726 eo]
539 4663 570 4714 de
586 4679 617 4714 eo
636 4663 793 4715 Lambinus.
826 4689 854 4700 -
892 4665 935 4715 ti.
963 4665 1005 4714 ito
1030 4663 1110 4715 btsrt.
1130 4663 1260 4724 Laguna:
1287 4665 1342 4712 isto
1360 4661 1421 4712 ΜΕ.
1445 4688 1479 4698 -·
1515 4661 1630 4712 meidere

301 4731 390 4782 manis
407 4733 454 4785 ils
472 4733 561 4784 sanitis
579 4735 694 4784 amidam
711 4733 742 4783 li.
777 4757 806 4772 -
840 4735 885 4784 bt.
904 4735 1104 4785 meminissent
1124 4732 1259 4786 Orellios:
1284 4733 1454 4784 meminissem
1471 4733 1516 4789 m,
1540 4733 1628 4782 mani·

301 4803 369 4850 nisse
387 4803 419 4852 ll.
441 4825 470 4837 -
508 4803 552 4852 22.
572 4800 677 4864 merito]
697 4803 752 4853 Ctr.
773 4803 853 4854 lland
872 4805 952 4855 Ture.
973 4805 1022 4854 lll.
1043 4818 1069 4866 p.
1088 4803 1149 4854 292.
1182 4829 1214 4840 -
1250 4803 1295 4854 li.
1315 4802 1362 4852 Sin
1381 4803 1411 4852 a.
1433 4826 1463 4838 —
1489 4803 1533 4852 25.
1555 4803 1626 4852 Fert.

302 4871 371 4932 Quid
387 4873 417 4922 in
433 4886 472 4922 me
490 4873 532 4924 val
552 4873 621 4936 Quid
638 4887 701 4938 erpo
718 4875 748 4922 in
764 4887 814 4924 sne.
834 4873 885 4926 Oa.
908 4899 938 4910 -
957 4874 1001 4924 28.
1022 4882 1127 4924 tantam
1140 4873 1276 4924 Orellius:
1297 4881 1399 4924 tantam
1420 4873 1465 4932 ll,
1485 4880 1538 4922 tam
1553 4871 1582 4920 lt.
1598 4895 1626 4906 -

301 4941 340 5000 ti,
358 4942 405 5006 qni
423 4941 525 4994 Alduss
544 4943 571 4992 tsi
588 4945 634 5006 qni
650 4942 694 5000 ld,
713 4944 798 5007 siqui
818 4943 847 4994 li.
869 4969 897 4981 -·
936 4945 980 4995 2⁹.
998 4950 1090 5008 paean
1108 4944 1145 4996 a.
1166 4966 1194 4982 ··
1231 4943 1274 4996 dd.
1294 4941 1457 4994 tralatioinsn
1475 4942 1520 4996 ld:
1541 4949 1628 4993 trans·

300 5009 419 5062 minium
437 5011 468 5063 li.
490 5035 520 5048 -
557 5012 601 5063 38.
621 5013 650 5063 id
667 5019 720 5072 esi,
739 5013 769 5063 in
785 5021 879 5064 emoto
895 5015 1007 5066 seclusit
1025 5015 1057 5066 li.
1522 5067 1523 5071 ,
