3666 5874
309 421 351 486 28
739 411 1015 478 lll’lS'l'OLdRUhl
1036 413 1088 474 hl)
1110 413 1200 476 ΕΔΜ.

307 584 438 666 propter
459 575 538 640 hane
558 593 697 646 causam,
727 571 812 660 quod
834 567 965 636 mirifice
987 589 1056 634 sum
1078 568 1246 643 sollicitus,
1269 569 1416 658 quidnam
1439 569 1477 635 de
1499 571 1631 657 provin-

124 729 135 756 .·
179 695 196 718 ἰ
306 672 363 737 ciis
384 670 581 736 decernatur.
598 667 725 735 <Mirum
746 687 797 730 me
820 663 1011 732 desiderium
1032 671 1117 728 tenet
1137 637 1261 772 urbis}
1276 659 1462 730 incredibild
1483 686 1628 731 meonrm

140 734 236 790 ‘N
306 775 398 852 atque
427 761 591 849 inprimis
613 755 833 858 luidpatietas
861 767 965 824 autem
993 747 1211 854 proii'rrciam)
1226 758 1275 822 vel
1298 759 1371 846 quia
1394 757 1538 825 videmur
1559 781 1628 824 eam

305 859 422 926 lamam
449 855 626 929 consecuti,
641 851 695 921 t'ut
723 875 786 918 nou
808 861 870 918 tam
901 853 1039 918 accessio
1069 852 1264 940 quaerenda,
1300 875 1394 940 quam
1415 853 1542 920 fortuna
1563 875 1630 920 me-

133 951 199 1034 vi
282 950 419 1019 stuenda
442 941 498 1031 sit}
522 949 571 1016 vel
593 948 667 1036 quia
688 957 789 1014 totum
809 947 970 1032 negotium
992 966 1056 1012 non
1078 955 1125 1011 est
1143 945 1272 1032 dignum
1287 945 1407 1012 viribus
1422 949 1549 1022 nostris,
1574 949 1628 1036 qui

306 1027 441 1112 maiora·
448 1065 546 1109 onera
567 1043 599 1107 in
621 1063 657 1106 re
679 1041 802 1129 pubbca
824 1040 978 1106 sustinere
1000 1050 1031 1106 et
1051 1041 1169 1127 possim
1191 1051 1222 1106 et
1236 1041 1371 1120 soleam;
1395 1041 1443 1106 vel
1458 1042 1533 1129 quia
1553 1041 1627 1108 belli

305 1139 411 1224 magni
431 1137 526 1203 timor
547 1134 725 1222 impendet,
759 1134 843 1221 quod
865 1131 1011 1200 videmur
1032 1134 1188 1220 effugere,
1212 1135 1238 1200 si
1260 1135 1299 1201 ad
1321 1136 1520 1202 constitutam
1544 1135 1628 1202 diem

306 1231 502 1298 decedemus.
560 1234 589 1294 2.
618 1235 665 1294 lle
686 1227 863 1316 pantheris,
885 1249 944 1314 per
965 1249 1042 1303 eos,
1070 1231 1124 1316 qui
1146 1230 1254 1295 venari
1275 1230 1394 1304 solent,
1417 1229 1520 1316 agitur
1542 1251 1628 1294 man-

307 1325 381 1391 datu
412 1346 483 1390 meo
506 1324 685 1408 diligentem
722 1321 778 1386 sed
799 1321 880 1386 mira
902 1321 1039 1406 paucitas
1061 1333 1126 1397 est,
1158 1332 1190 1388 et
1217 1345 1286 1398 eas,
1318 1333 1507 1410 quaesunt,
1538 1322 1626 1388 valde

270 1439 297 1481 ao
307 1419 394 1484 aiunt
415 1419 520 1504 queri,
543 1417 629 1504 quod
650 1417 726 1482 nihil
740 1417 885 1504 cuiquam
901 1415 1085 1481 insidiarum
1103 1417 1136 1480 in
1149 1438 1219 1482 mea
1231 1417 1392 1503 provincia
1407 1417 1467 1483 uisi
1481 1416 1542 1482 sibi
1558 1417 1627 1494 liat;

307 1513 410 1598 itaque
432 1510 628 1576 constituisse
651 1509 796 1575 dicuutur
818 1511 850 1576 in
873 1509 994 1577 Cariam
1017 1532 1057 1576 ex
1071 1519 1177 1576 nostra
1191 1511 1353 1597 provincia
1369 1509 1532 1575 decedere.
1567 1508 1628 1574 Sed

306 1617 409 1672 tamen
431 1602 541 1671 sedulo
563 1603 613 1677 fit,
636 1613 667 1668 et
687 1604 720 1668 iu
741 1603 851 1690 primis
873 1624 891 1668 a
912 1603 1045 1669 Patisco.
1095 1603 1256 1691 Quidquid
1279 1604 1359 1679 erit,
1383 1603 1440 1669 tibi
1462 1602 1538 1680 erit;
1573 1601 1628 1670 sed

306 1697 382 1786 quid
404 1709 507 1772 esset,
530 1698 621 1784 plane
643 1697 868 1764 nesciebamus.
906 1696 982 1762 lttihi
1003 1695 1181 1763 mehercule
1202 1718 1335 1783 magnae
1357 1719 1452 1763 curae
1474 1706 1521 1762 est
1542 1696 1630 1764 aedi-

305 1791 376 1858 litas
399 1802 465 1856 tua:
488 1791 556 1878 ipse
578 1790 644 1856 dies
666 1813 716 1856 me
739 1788 944 1866 admonebam
967 1790 1079 1876 scripsi
1101 1791 1184 1856 enirn
1206 1791 1283 1856 hacc
1297 1790 1373 1877 ipsis
1387 1789 1628 1876 Megalensibus.

271 1889 354 1950 uTu
376 1885 470 1949 veliin
492 1884 530 1950 ad
553 1906 603 1950 rue
626 1884 665 1950 de
687 1883 772 1950 omni
794 1883 1004 1970 reipublicae
1026 1891 1108 1950 statu
1130 1905 1225 1971 quam
1243 1881 1479 1969 diligentissime
1495 1881 1630 1968 perscri-

306 1977 383 2045 bas:
406 1999 443 2042 ea
465 1978 548 2044 enim
571 1977 744 2044 certissima
765 1975 897 2065 putabo,
920 1999 1000 2064 quae
1023 1999 1063 2042 ex
1086 1987 1116 2043 te
1139 1998 1290 2063 cognoro.

769 2097 1155 2182 mumdum)

508 2208 550 2269 u.
573 2203 717 2269 ereeuo
739 2205 818 2266 me
841 2205 872 2267 s,
895 2207 931 2266 u.
953 2207 994 2267 u.
1017 2203 1161 2268 clauo
1184 2206 1316 2268 auum
1339 2206 1423 2269 cua.

392 2310 420 2371 1.
443 2305 600 2371 Sollicitus
621 2303 767 2392 equidem
789 2325 876 2369 eram
899 2303 937 2368 de
959 2301 1054 2369 rebus
1076 2303 1225 2382 urbanis;
1258 2306 1300 2370 ita
1322 2305 1531 2371 tumultuosae
1553 2327 1629 2371 con

246 2399 426 2473 ¹cotiones,
459 2399 502 2464 ita
535 2397 685 2462 molestae
715 2396 929 2482 Quinquatrus
955 2397 1181 2464 afferebantur:
1215 2421 1285 2464 nam
1315 2400 1461 2464 citeriora
1489 2401 1629 2466 nondum

307 2490 522 2556 audiebamus.
566 2490 627 2556 Sed
650 2497 753 2554 umen
775 2488 852 2554 uihil
873 2511 923 2555 me
945 2491 1044 2576 magis
1066 2491 1268 2566 sollicitabat,
1291 2515 1385 2579 quam
1407 2494 1438 2557 in
1461 2494 1509 2558 his
1531 2495 1630 2559 mole·

307 2585 375 2650 stiis
397 2605 460 2650 nou
481 2605 547 2658 me,
584 2584 611 2648 si
632 2603 713 2670 quae
734 2580 863 2647 ridenda
886 2594 1004 2660 esseut,
1026 2585 1132 2651 ridere
1154 2595 1276 2652 tecum:
1308 2596 1380 2652 sunt
1401 2587 1484 2652 enim
1508 2587 1628 2664 multa;

306 2678 363 2744 sed
385 2699 420 2743 ea
444 2699 507 2743 uon
529 2677 630 2743 audeo
653 2674 802 2743 scribere.
859 2677 938 2743 lllud
959 2680 1090 2746 moleste
1111 2681 1201 2756 lero,
1224 2680 1300 2746 nihil
1323 2702 1373 2744 me
1396 2681 1496 2746 adhuc
1518 2682 1567 2746 his
1588 2681 1628 2746 de

306 2770 402 2838 rebus
422 2770 541 2837 habere
574 2782 697 2837 tuarum
719 2769 903 2836 litterarum.
962 2775 1069 2850 Quare
1092 2775 1165 2847 etsi,
1195 2795 1266 2839 cum
1289 2783 1322 2839 tu
1345 2773 1422 2839 haec
1444 2774 1544 2859 leges,
1568 2797 1627 2860 ego

268 2867 368 2932 esiam
384 2887 522 2932 annuum
536 2886 650 2930 munus
664 2863 847 2939 confecero,
869 2874 972 2931 tamen
994 2865 1106 2933 obviae
1128 2867 1203 2933 mihi
1225 2868 1318 2933 velim
1334 2867 1394 2933 sint
1409 2876 1481 2932 tuae
1497 2869 1628 2942 litterae,

306 2983 387 3048 quae
416 2982 468 3026 me
499 2959 644 3025 erudiant
670 2957 709 3023 de
731 2958 816 3024 omui
845 2960 1045 3047 republica,
1070 2983 1109 3026 ue
1131 2961 1245 3048 hospes
1266 2961 1358 3047 plane
1382 2961 1516 3026 veniam.
1560 2967 1628 3027 Hoc

187 3113 205 3152 q.
305 3057 418 3122 melius
440 3075 534 3140 quam
557 3061 591 3119 tu
612 3053 718 3119 lacere
739 3073 833 3118 nemo
854 3064 967 3140 potest.
1010 3059 1041 3120 2.
1063 3055 1221 3139 Diogenes
1237 3063 1324 3129 tuus,
1348 3054 1442 3152 hQn0
1459 3055 1627 3130 modestus,

305 3171 323 3215 a
346 3171 396 3214 me
417 3170 488 3214 cum
511 3148 640 3214 Philone
662 3146 845 3212 Pessinunte
868 3148 1019 3236 discessit.
1072 3155 1136 3216 lter
1159 3147 1315 3213 habebant
1335 3146 1376 3211 ad
1397 3149 1626 3234 Adiatorigem:

304 3261 494 3330 quamquam
517 3241 622 3306 omnia
645 3261 702 3306 nec
724 3239 858 3325 benigna
881 3233 938 3306 nec
960 3243 1087 3329 copiosa
1110 3250 1293 3325 cognorant.
1338 3240 1475 3316 Urbem,
1499 3241 1626 3316 urbem,

268 3336 348 3402 sumi
370 3335 466 3408 Rule,
503 3336 571 3400 cole
601 3335 691 3398 etin
719 3333 778 3399 ista
799 3336 868 3400 luce
889 3336 970 3401 vive.
1029 3335 1138 3400 Omnis
1159 3335 1373 3420 peregrinatio
1395 3373 1436 3382 —-
1460 3336 1546 3422 quod
1568 3357 1627 3421 ego

305 3428 346 3494 ab
368 3428 577 3494 adolescentia
599 3428 735 3493 iudicavi
758 3467 798 3478 -
820 3427 955 3494 obscura
973 3439 1003 3494 et
1023 3428 1150 3494 sordida
1163 3429 1219 3504 iis,
1243 3449 1379 3516 quorum
1395 3429 1546 3510 industria
1566 3437 1629 3495 lto-

304 3542 376 3588 mae
396 3530 500 3608 potest
520 3521 649 3586 illustris
671 3541 750 3586 esse.
794 3522 888 3599 Quod
910 3543 981 3587 cum
1004 3521 1103 3608 probe
1126 3522 1255 3596 scirem,
1279 3523 1398 3588 utinam
1421 3524 1452 3587 iu
1475 3523 1628 3589 sententia

304 3615 566 3702 permansisseml
600 3619 678 3682 Cum
707 3636 768 3680 una
791 3614 971 3681 mehercule
993 3615 1257 3682 ambulatiuncula
1279 3627 1373 3702 atque
1395 3638 1460 3681 uno
1482 3637 1629 3682 sermone

184 3721 205 3773 .‘
305 3717 414 3773 nostro
436 3728 546 3772 omnes
567 3707 687 3773 fructus
708 3707 891 3794 provinciae
914 3731 976 3773 non
998 3711 1138 3776 contero.
1192 3714 1222 3775 3.
1245 3715 1346 3796 Spero
1370 3731 1419 3774 me
1442 3709 1628 3794 integritatis

267 3789 428 3867 sslaudem
450 3810 663 3866 consecutum.
706 3807 773 3866 Non
796 3811 863 3866 erat
884 3802 990 3867 minor
1007 3824 1046 3867 ex
1062 3804 1305 3878 contemnenda,
1329 3825 1423 3890 quam
1440 3813 1539 3867 estex
1555 3825 1630 3868 caiu-

304 3903 427 3960 servata
449 3894 622 3981 provincia.
666 3899 759 3979 Spem
782 3896 954 3982 triumphi?
976 3897 1090 3983 inquis.
1135 3900 1215 3962 Satis
1237 3897 1374 3980 gloriose
1389 3897 1627 3982 triumpharem.

303 3993 371 4053 Non
394 4009 494 4054 essem
516 3986 644 4074 quidem
667 3988 786 4052 tamdiu
807 3988 839 4052 in
861 3989 1020 4056 desiderio
1042 4013 1149 4056 rerum
1173 3992 1247 4056 mihi
1264 3991 1509 4055 centesimarum.
1556 3990 1627 4062 Sed,

304 4092 339 4149 ut
352 4103 463 4170 spero,
486 4082 671 4169 propediem
686 4093 716 4146 te
732 4082 856 4148 videbo.
878 4089 925 4148 Tu
944 4083 1020 4148 rnihi
1039 4084 1166 4150 obviam
1185 4085 1272 4150 mitte
1291 4084 1440 4170 epistolas
1457 4093 1487 4148 te
1508 4084 1627 4168 dignas.

766 4207 853 4268 auu.
897 4203 945 4286 (l.
973 4209 1005 4270 u.
1028 4209 1059 4271 c.
1082 4211 1166 4288 aot.)

266 4345 293 4386 ω
508 4313 548 4374 u.
572 4311 715 4375 crceuo
737 4311 816 4372 me.
840 4311 870 4372 s.
893 4313 990 4396 mu
1015 4311 1157 4374 clauo
1180 4311 1312 4373 aeoru
1335 4311 1419 4376 cun.

390 4417 417 4478 l.
440 4417 537 4490 Rarus
561 4421 628 4476 tuas
650 4410 777 4497 quidem
795 4447 833 4455 —
847 4409 979 4475 sortasse
1003 4411 1086 4475 enim
1108 4433 1170 4475 nou
1194 4410 1396 4496 perferuntur
1420 4445 1455 4454 -
1481 4411 1536 4476 sed
1557 4432 1630 4477 sua·

304 4529 358 4572 ves
372 4505 493 4592 accipio
508 4506 644 4571 litteras:
668 4505 716 4569 vel
740 4525 818 4590 quas
837 4503 982 4588 proxime
997 4524 1194 4588 acceperam,
1217 4526 1310 4589 quarn
1327 4501 1511 4588 prudentes!
1534 4526 1627 4590 quam

371 4662 399 4711 d.
426 4659 492 4724 tum]
518 4662 573 4710 tum
597 4659 634 4708 Μ.
662 4681 691 4692 -·
729 4657 755 4704 8.
782 4658 910 4706 inundato
935 4671 990 4706 tneo
1011 4657 1177 4706 tanabtnus:
1207 4658 1474 4716 maismacensem,
1502 4659 1628 4707 munidato

304 4743 360 4780 meo
378 4731 409 4780 ll.
428 4731 483 4781 (Ile.
505 4745 552 4794 pro
572 4729 646 4778 Sulla
665 4725 694 4789 ὅ.
714 4727 756 4776 tlh-
777 4751 809 4760 —-
847 4730 889 4776 t‘t.
912 4728 1030 4776 t’ottseteo
1049 4727 1084 4778 Μ.
1107 4729 1177 4776 Fert.
1199 4729 1314 4784 t’uttsto.
1334 4733 1420 4777 otest
1440 4729 1510 4789 equod
1530 4728 1626 4790 Serlpt.

305 4799 372 4848 ltelll
392 4801 467 4850 htux.
488 4817 513 4850 c.
534 4801 649 4850 aton.
680 4823 711 4832 -
747 4797 792 4845 ‘lh
813 4797 1058 4846 tuoetttteraehl:
1079 4797 1308 4847 titteruetuuell·
1340 4823 1372 4832 -·
1410 4799 1454 4847 ⁶28.
1476 4799 1628 4846 Pessinunte

305 4869 383 4920 Mart.
404 4871 468 4932 Lag.
490 4893 523 4908 -
539 4872 575 4920 od
594 4869 772 4930 Adiuton'qem
790 4865 953 4916 Taureltus:
974 4869 1151 4929 urttutorepem
1169 4867 1212 4926 bl,
1232 4870 1268 4916 ud
1286 4869 1438 4918 lleloturum
1457 4881 1539 4931 repom
1556 4869 1584 4916 ll.
1597 4891 1626 4902 -

287 4929 348 4990 'db
367 4942 476 4990 sordido
494 4940 537 4991 M:
569 4939 676 4988 sordido
695 4944 730 4985 est
751 4937 780 4986 E.
814 4961 844 4970 —
882 4939 925 4987 35.
946 4951 1023 5000 spitum
1042 4945 1078 4986 est
1098 4953 1130 4986 eu·
1148 4937 1194 4987 hl:
1226 4953 1304 5002 quum
1322 4953 1354 4986 eu
1373 4937 1402 4986 ll.
1438 4963 1464 4972 -
1504 4939 1547 4986 ³6.
1572 4951 1629 4999 aper

305 5023 377 5059 corr.
397 5009 434 5060 Μ.
458 5035 485 5046 -
509 5011 707 5072 trtunapburem.
726 5007 784 5056 Nou
799 5005 842 5056 ll:
862 5007 1192 5070 trhunptrurem.adnotati.
1209 5033 1240 5042 -
1258 5008 1302 5058 dl.
1313 5009 1452 5070 prudentes
1463 5007 1627 5057 lurubiuus:

303 5081 439 5142 prudentis
458 5079 484 5131 Μ
506 5077 545 5142 (in
565 5093 618 5142 quo
637 5084 676 5127 est
695 5077 839 5126 accusativi
860 5077 956 5138 torena)
977 5080 1006 5128 tl
