3628 5876
297 409 360 473 206
726 405 999 472 EPISTOLARUM
1020 409 1073 470 Al)
1095 409 1186 470 ΕΔΜ.

298 567 379 639 duo,
409 586 491 653 qnae
518 564 655 629 maxima
682 572 755 629 sunt
782 562 910 630 laudum
932 571 1073 640 tuarum,
1105 564 1176 651 quis
1198 573 1252 629 aut
1271 561 1419 630 libentius
1441 586 1535 652 qnam
1556 587 1617 652 ego

298 667 526 726 commemorat
553 667 607 724 aut
637 657 783 744 saepiusl
824 666 854 722 te
887 665 919 722 et
946 679 1010 722 nou
1039 658 1230 744 suscipiendi
1252 657 1326 723 belli
1351 658 1450 724 civilis
1473 659 1618 744 gravissi-

298 777 384 821 mum
417 761 579 819 auctorem
611 751 708 816 luisse
737 760 769 816 et
789 748 1000 817 moderandae
1022 752 1188 831 victoriae;
1211 752 1341 839 inquo,
1376 752 1431 838 qui
1452 752 1531 818 mibi
1551 774 1615 818 non

298 847 519 920 assentiretur,
541 845 647 911 inveni
668 845 837 910 neminem.
881 846 988 922 Quare
1010 845 1110 910 babeo
1132 846 1264 931 gratiam
1285 846 1448 919 Trebatio,
1471 843 1617 931 familiari

277 951 424 1016 anostro,
455 940 509 1027 qui
541 939 618 1005 mibi
651 938 737 1004 dedit
757 958 881 1002 causam
903 937 1014 1004 barum
1036 939 1232 1004 litterarum:
1261 940 1375 1024 quibus
1395 939 1456 1006 nisi
1476 939 1617 1005 credide-

299 1036 359 1109 ris,
383 1034 446 1100 ‘me
468 1034 569 1100 omnis
591 1033 685 1098 otlicii
714 1040 744 1096 et
775 1032 972 1097 humanitatis
994 1043 1156 1119 expertem
1177 1033 1344 1113 iudicaris;
1375 1055 1442 1122 quo
1463 1055 1521 1099 nec
1541 1034 1617 1099 mibi

298 1129 425 1216 gravius
447 1128 618 1214 quidquam
640 1136 833 1214 potestesse
855 1147 913 1191 nec
934 1135 965 1191 te
986 1128 1128 1194 alienius.

739 1298 883 1360 mun.
909 1299 963 1374 (n.
989 1299 1021 1361 u.
1045 1298 1076 1362 c,
1098 1297 1183 1382 ιιι.)

686 1385 704 1520 ζ
725 1411 869 1474 nauus
893 1411 1075 1474 cicenoru
1099 1413 1130 1475 s.
1151 1415 1189 1475 n.

264 1563 288 1604 ιι
385 1538 414 1600 1.
436 1537 578 1616 Magnam
601 1530 791 1616 voluptatem
813 1551 854 1594 ex
876 1529 936 1595 tuis
958 1529 1070 1595 litteris
1091 1529 1179 1617 cepi,
1211 1530 1316 1619 quod,
1339 1553 1433 1620 quam
1455 1553 1614 1620 speraram

299 1639 391 1715 atque
414 1639 571 1714 optaram,
605 1622 722 1689 babere
743 1633 774 1688 te
796 1623 835 1689 dc
857 1643 907 1688 me
930 1623 1111 1710 opinionem
1134 1626 1278 1710 cognovi.
1320 1631 1367 1692 lle
1389 1648 1450 1713 qua
1472 1627 1530 1693 etsi
1552 1649 1616 1694 non

299 1721 499 1795 dubitabam,
532 1727 656 1792 tamen,
688 1718 762 1805 quia
788 1717 916 1782 maximi
948 1716 1167 1792 aestimabam,
1195 1728 1230 1786 ut
1251 1720 1432 1807 incorrupta
1454 1732 1614 1797 maneret,

298 1815 489 1882 laborabam.
546 1813 695 1880 Conscius
724 1821 829 1878 autem
860 1812 938 1876 mibi
970 1833 1056 1876 eram
1088 1812 1167 1877 nibil
1195 1835 1285 1878 ame
1306 1816 1507 1880 commissum
1529 1838 1612 1892 esse,

297 1908 382 1997 quod
404 1907 480 1974 boni
500 1907 683 1995 cuiusquam
705 1905 879 1971 offenderet
901 1906 1049 1971 animum.
1093 1911 1139 1971 llo
1165 1907 1268 1972 minus
1283 1908 1448 1974 credebam
1470 1911 1613 1996 plurimis

264 2014 390 2091 eatque
412 2002 538 2088 optimis
560 2000 680 2066 artibus
702 2008 814 2066 omato
843 1999 900 2065 tibi
922 2009 1040 2064 temere
1063 1999 1232 2087 quidquam
1253 2003 1439 2088 persuaderi
1460 2005 1614 2091 potuisse,

295 2097 481 2185 praesertim
502 2097 535 2160 in
556 2116 650 2182 quem
672 2116 742 2159 mea
762 2114 919 2180 propensa
942 2101 973 2157 et
994 2103 1144 2179 perpetua
1170 2093 1281 2159 luisset
1302 2108 1395 2182 atque
1413 2108 1501 2163 esset
1521 2097 1616 2165 bene·

297 2192 441 2257 volentia.
500 2189 593 2266 Quod
615 2189 782 2274 quoniam,
812 2196 847 2252 ut
869 2186 970 2261 volui,
993 2188 1059 2252 scio
1081 2209 1167 2260 esse,
1189 2189 1389 2275 respondebo
1410 2193 1613 2271 criminibus,

297 2285 411 2372 quibus
435 2294 467 2349 tu
488 2302 547 2368 pro
569 2303 640 2355 me,
662 2291 697 2346 ut
718 2301 775 2366 par
797 2289 864 2345 erat
886 2291 938 2345 tua
961 2281 1111 2365 singulari
1133 2280 1274 2348 bonitate
1296 2293 1328 2348 ct
1342 2285 1477 2352 amicitia
1497 2299 1612 2364 nostra,

298 2399 390 2464 saepe
417 2374 568 2441 restitisti.
625 2379 655 2439 3.
689 2379 768 2438 Nota
798 2374 880 2438 enirn
910 2373 986 2438 mibi
1015 2384 1101 2449 sunt,
1139 2377 1273 2462 quaein
1305 2399 1355 2443 me
1382 2389 1452 2464 post
1474 2383 1614 2447 Caesaris

261 2498 289 2540 ιο
298 2480 432 2538 mortem
454 2468 650 2534 contulerint.
701 2466 785 2533 Vitio
807 2466 883 2531 mibi
906 2467 994 2540 dant,
1028 2467 1113 2553 quod
1135 2480 1269 2535 mortem
1291 2471 1426 2538 bominis
1447 2475 1615 2542 necessarii

297 2565 436 2650 graviter
466 2563 535 2628 lero
563 2571 655 2649 atque
683 2582 773 2634 eum,
807 2581 899 2647 quem
922 2559 1040 2637 dilexi,
1076 2561 1196 2646 perisse
1218 2563 1374 2649 indignor.
1416 2566 1509 2636 Aiunt
1530 2571 1613 2635 enim

296 2658 429 2748 patriam
452 2657 604 2722 amicitiae
625 2654 877 2742 praeponendam
901 2675 985 2728 esse,
1009 2655 1143 2741 proinde
1164 2677 1200 2720 ac
1222 2658 1248 2722 si
1268 2658 1332 2724 iam
1347 2659 1479 2728 vicerint
1493 2664 1614 2732 obitum

297 2753 365 2819 eius
393 2751 442 2817 rei
470 2749 612 2836 publicae
640 2748 738 2814 fuisse
760 2748 878 2814 utilem.
937 2746 998 2814 Sed
1020 2771 1082 2814 non
1104 2770 1194 2834 agam
1216 2760 1326 2817 astute.
1368 2757 1482 2821 Fateor
1502 2780 1553 2824 me
1574 2759 1614 2824 ad

296 2849 390 2914 istum
411 2844 544 2932 gradum
566 2843 734 2930 sapientiae
755 2864 818 2907 non
841 2843 1032 2928 pervenisse.
1075 2847 1181 2930 Neque
1204 2845 1288 2910 enim
1311 2849 1474 2914 Caesarem
1496 2853 1527 2917 in
1551 2852 1614 2918 dis-

261 2942 443 3008 ¹essensione
471 2939 554 3004 civili
582 2959 651 3002 sum
680 2945 821 3010 secutus,
859 2935 912 3001 sed
943 2936 1093 3012 amicum,
1127 2959 1314 3025 quamquam
1341 2961 1377 3005 re
1405 2943 1611 3020 offendebar,

297 3047 485 3101 tamennon
514 3031 656 3110 deserui;
684 3051 787 3116 neque
810 3029 926 3096 bellum
949 3051 1086 3116 unquam
1102 3031 1193 3097 civile
1214 3040 1268 3098 aut
1289 3033 1381 3099 etiam
1404 3057 1528 3102 causam
1551 3038 1614 3104 dis-

297 3129 450 3196 sensionis
471 3125 617 3212 probavi,
647 3146 740 3212 quam
762 3123 855 3188 etiam
876 3133 1053 3188 nascentem
1074 3125 1232 3210 exstingui
1255 3146 1374 3191 summe
1396 3128 1511 3194 studui.
1554 3135 1614 3196 lta·

297 3244 359 3311 que
380 3223 413 3287 in
434 3219 562 3286 victoria
593 3218 729 3284 bominis
750 3218 919 3283 necessarii
939 3237 1042 3303 neque
1064 3216 1193 3283 honoris
1216 3240 1317 3306 neque
1338 3223 1487 3307 pecuniae
1509 3223 1614 3290 dulce·

297 3317 370 3382 dine
392 3335 461 3380 sum
483 3322 606 3398 captus3
643 3310 756 3399 quibus
778 3311 927 3398 praemiis
948 3310 1080 3397 reliqui,
1115 3313 1218 3376 minus
1240 3312 1322 3398 apud
1344 3335 1415 3379 eum
1438 3338 1530 3404 quam
1553 3340 1613 3404 ego

261 3431 370 3475 :locum
390 3416 533 3494 possent,
565 3405 771 3470 immoderate
803 3415 875 3471 sunt
902 3402 1003 3470 abusi.
1055 3411 1156 3490 Atque
1177 3405 1269 3471 etiam
1291 3428 1342 3472 res
1362 3408 1522 3476 familiaris
1543 3432 1612 3477 mea

298 3505 367 3589 lege
389 3499 528 3568 Caesaris
550 3497 709 3564 deminuta
730 3508 795 3574 est,
817 3501 905 3564 cuius
921 3497 1073 3564 beneficio
1096 3499 1258 3586 plerique,
1281 3501 1335 3586 qui
1351 3504 1491 3568 Caesaris
1511 3515 1612 3572 morte

297 3598 465 3668 laetantur,
487 3600 705 3659 remanserunt
725 3591 758 3656 in
779 3592 912 3658 civitate.
964 3591 1091 3658 Civibus
1113 3593 1202 3657 vietis
1223 3603 1257 3658 ut
1278 3606 1478 3680 parceretur,
1513 3621 1612 3687 aeque

298 3712 335 3756 ac
355 3710 414 3776 pro
435 3710 505 3753 mea
527 3687 625 3751 salute
646 3685 798 3750 laboravi.
842 3691 871 3750 3.
893 3690 1023 3750 Possum
1045 3686 1158 3770 igitur,
1181 3687 1235 3774 qui
1257 3708 1366 3754 omnes
1388 3691 1543 3758 voluerim
1566 3695 1613 3759 in-

298 3785 453 3854 columes,
483 3802 572 3854 enm,
604 3799 622 3844 a
643 3799 707 3866 quo
729 3778 761 3843 id
782 3779 981 3865 impetratum
1002 3789 1064 3854 est,
1094 3781 1213 3866 perisse
1243 3803 1306 3846 non
1327 3782 1504 3869 indignari?
1540 3809 1611 3854 cum

264 3876 482 3968 upraesertim
514 3873 608 3940 iidem
637 3872 779 3938 homines
806 3874 851 3939 illi
881 3880 913 3937 et
941 3871 1076 3938 invidiae
1109 3883 1140 3939 et
1169 3875 1267 3940 exitio
1295 3875 1421 3944 luerint.
1463 3881 1612 3948 Plecteris

300 3993 391 4059 ergo,
424 3967 583 4057 inquiunt,
617 3966 765 4054 quoniam
788 3966 902 4033 lactum
928 3975 1069 4032 nostrum
1099 3967 1278 4054 improbare
1303 3969 1410 4037 audes.
1454 3975 1614 4060 Osuper·

299 4066 383 4133 biam
410 4061 594 4135 inauditam,
630 4061 709 4126 alios
731 4060 762 4125 in
784 4060 924 4126 facinore
945 4061 1091 4145 gloriari,
1129 4063 1196 4128 aliis
1218 4083 1257 4127 ue
1279 4062 1386 4130 dolere
1407 4065 1533 4153 quidem
1554 4068 1613 4133 im·

299 4160 406 4248 punite
435 4158 547 4223 liceret
581 4159 620 4220 nt
647 4154 724 4220 baec
751 4155 844 4220 etiam
871 4155 970 4220 servis
997 4175 1123 4241 semper
1149 4155 1249 4221 libera
1276 4155 1414 4232 luerunt,
1450 4161 1610 4238 timerent,

299 4253 487 4341 gauderent,
519 4249 661 4314 dolerent
682 4271 740 4314 suo
762 4249 866 4335 potius
888 4269 981 4337 quam
1004 4249 1130 4314 alterius
1159 4249 1309 4328 arbitrio;
1342 4273 1422 4338 quae
1443 4275 1541 4330 nnnc,
1577 4265 1612 4322 ut

261 4347 426 4433 sequidem
457 4344 507 4410 isti
530 4343 669 4408 dictitant
690 4342 842 4408 libertatis
864 4351 1026 4418 auctores,
1062 4351 1148 4407 metu
1170 4342 1262 4408 nobis
1284 4355 1476 4431 extorquere
1496 4368 1613 4414 conan-

300 4453 360 4506 tur.
404 4439 465 4505 Sed
487 4438 563 4504 nibil
584 4446 689 4522 agunt.
746 4441 777 4501 d.
799 4436 918 4502 Nullius
939 4456 1074 4522 unquam
1098 4436 1229 4521 periculi
1252 4436 1425 4504 terroribus
1447 4438 1486 4505 ab
1508 4443 1611 4507 officio

299 4543 352 4600 aut
372 4531 412 4599 ab
433 4532 623 4598 humanitate
651 4529 836 4610 desciscam3
867 4549 1025 4616 nunquam
1046 4529 1129 4594 enim
1151 4529 1313 4596 honestam
1337 4543 1469 4598 mortem
1491 4532 1613 4618 lugien-

299 4627 390 4702 dam,
418 4647 510 4712 saepe
531 4630 624 4690 etiarn
647 4623 852 4710 oppetendam
875 4623 993 4709 putavi.
1037 4621 1097 4688 Sed
1118 4623 1194 4710 quid
1215 4625 1290 4690 mibi
1314 4636 1508 4702 succensent,
1532 4627 1558 4690 si
1579 4625 1612 4690 id

368 4844 394 4895 6.
414 4858 494 4906 saper
511 4843 548 4894 bl.
570 4867 599 4879 -
637 4841 664 4891 7.
684 4849 708 4892 te
726 4841 768 4892 bl:
788 4856 805 4890 a
824 4848 848 4891 te
867 4842 897 4891 ll.
923 4865 955 4878 -
991 4836 1217 4903 10.quom]cum
1236 4841 1272 4892 tt.
1293 4867 1322 4878 -
1362 4841 1403 4894 17.
1423 4843 1547 4905 quonlam
1565 4841 1609 4892 bl:

300 4915 405 4979 quando
424 4914 454 4962 ll.
475 4937 505 4949 -
542 4913 587 4962 22.
605 4913 711 4975 patriae
727 4912 872 4960 amicitiam
888 4911 1100 4973 praeponendam
1118 4909 1161 4969 Μ,
1177 4913 1284 4973 patriae
1301 4912 1446 4961 amicitiam
1456 4920 1612 4975 postponen-

300 4985 363 5034 dam
381 4983 403 5033 l.
424 4985 467 5033 Fr.
493 4981 654 5032 Gronovius.
677 5005 707 5017 -
743 4981 832 5033 uicerit
851 4981 886 5032 M.
911 5005 938 5015 -
977 4981 1020 5029 36.
1040 4983 1165 5042 quostiam
1183 4980 1229 5031 M:
1248 4995 1326 5044 quum
1345 4982 1373 5030 ll.
1395 5007 1426 5018 —-
1458 4983 1549 5032 audica
1569 4996 1610 5045 pr·

302 5055 338 5106 tt.
361 5077 389 5088 -
426 5051 676 5116 cetmonaeos.
697 5052 768 5116 Llps.
791 5075 819 5087 -
857 5049 900 5100 38.
919 5051 991 5100 Fort.
1010 5051 1136 5113 [mrum.
1155 5056 1185 5100 ut
1203 5051 1332 5102 timerent.
1351 5051 1431 5103 Berr.
