3668 5924
306 443 368 506 aas
408 513 413 526 ,
806 439 863 508 nr.
886 439 937 499 an
960 437 1129 500 a'rrrcnu

307 599 358 664 lex
381 619 399 662 a
420 596 528 662 Flavio
555 595 683 662 tribuno
708 595 751 681 pl.
778 593 980 659 vehementer
1000 591 1175 677 agitabatur
1196 603 1324 658 auctore
1345 595 1511 680 Pompeio;
1545 617 1629 682 quae.

308 691 384 757 nibil
406 691 558 778 populare
581 688 713 755 babebat
727 699 852 775 praeter
873 696 1042 752 auctorem.
1085 691 1132 752 Ex
1147 687 1204 752 bac
1226 707 1285 772 ego
1306 689 1375 771 lege
1396 689 1531 753 secunda
1552 711 1629 754 eorr-

308 787 402 852 tionis
430 785 589 850 voluntate
616 783 719 847 omnia
747 783 799 847 illa
820 780 984 854 tollebam,
1015 801 1096 867 quae
1117 779 1156 846 ad
1177 781 1371 866 privatorum
1392 782 1626 848 incommodum

307 877 520 967 pertinebant;
542 876 713 943 liberabam
735 897 844 962 agrum
867 895 954 950 eum,
976 875 1031 960 qui
1052 879 1084 940 P.
1106 875 1226 950 Mucio,
1249 879 1282 940 L.
1305 875 1472 960 Calpurnio
1493 877 1628 964 eopsgdi·

286 975 369 1040 abus
395 973 539 1060 publicus
571 970 700 1047 fuisset;
738 970 937 1036 Sullanorum
964 968 1125 1034 bominum
1153 968 1366 1054 possessiones
1387 968 1624 1042 confirmabam:

309 1069 533 1134 Volaterranos
555 1073 586 1130 et
606 1069 782 1138 Arretinos,
809 1085 944 1151 quornm
963 1084 1074 1148 agrum
1096 1063 1181 1129 Sulla
1201 1061 1374 1149 publicarat
1394 1085 1494 1149 neque
1515 1052 1627 1128 divise·

307 1171 372 1236 rat,
402 1163 434 1227 in
463 1181 519 1226 sua
547 1158 746 1245 possessione
775 1158 965 1232 retinebam:
997 1179 1092 1225 unam
1113 1158 1267 1223 rationem
1289 1177 1352 1222 non
1373 1156 1568 1232 reiiciebam‚
1592 1167 1625 1222 ut

308 1277 386 1341 ager
413 1255 471 1320 bac
497 1251 671 1318 adventicia
698 1253 829 1338 pecunia
858 1261 1030 1328 emeretur,
1064 1273 1145 1340 quae
1173 1273 1213 1316 ex
1235 1251 1325 1316 novis
1346 1250 1547 1335 vectigalibus
1568 1273 1625 1336 per

309 1347 556 1436 quinquennium
571 1347 776 1433 reciperetur.
818 1346 899 1412 Huic
919 1345 977 1411 toti
998 1345 1113 1410 rationi
1134 1344 1276 1429 agrariae.
1298 1353 1422 1409 senatus
1443 1343 1625 1408 adversaba-

274 1452 379 1518 ntur,
408 1439 566 1527 suspicans
593 1440 744 1526 Pompeio
772 1461 886 1506 novam
911 1439 1065 1529 quandam
1093 1439 1261 1524 potentiam
1288 1437 1408 1523 quaeri.
1460 1438 1625 1524 Pompeius

312 1557 388 1603 vero
415 1535 453 1602 ad
482 1534 672 1600 voluntatem
700 1533 905 1621 perferendae
932 1533 1010 1619 legis
1042 1531 1235 1598 incubuerat.
1287 1535 1354 1616 Ego
1382 1540 1486 1597 autem
1515 1552 1623 1617 magna

309 1651 381 1696 cum
402 1629 598 1714 agrariorum
619 1629 718 1712 gratia
739 1626 959 1694 confirmabam
981 1626 1121 1692 omnium
1141 1629 1336 1711 privatorum
1358 1625 1571 1710 possessiones
1585 1663 1622 1675 -

173 1759 192 1795 .·
311 1727 337 1790 is
364 1725 445 1789 enim
475 1731 523 1788 est
553 1731 661 1788 nostor
687 1723 858 1796 exercitus,
886 1722 1061 1792 bominum,
1090 1729 1125 1785 ut
1150 1727 1215 1784 tute
1245 1719 1321 1793 scis,
1349 1719 1548 1805 locupletium
1571 1743 1624 1794 -;

182 1826 186 1840 ¹
306 1811 428 1904 'populo
456 1825 559 1881 autem
590 1825 621 1880 et
648 1817 860 1903 Pompeio-
882 1838 953 1882 nam
975 1814 1007 1881 id
1029 1835 1154 1901 quoque
1176 1812 1319 1879 volebam
1341 1848 1381 1860 -
1403 1812 1625 1879 satisfaciebam

276 1912 484 1999 acapnum,
515 1931 576 1997 qua
599 1911 764 1977 constituta
793 1909 957 1997 diligenter
985 1918 1016 1973 et
1037 1909 1188 1974 sentinam
1216 1905 1305 1972 urbis
1326 1907 1486 1972 exhauriri
1517 1918 1548 1973 et
1568 1913 1625 1972 lta-

310 2006 370 2071 liae
396 2003 596 2071 solitudinem
625 2001 817 2089 frequentari
846 2024 938 2090 posse
965 2000 1150 2067 arbitrabar.
1194 1999 1255 2064 Sed
1278 1999 1353 2064 baec
1374 2008 1438 2065 tota
1459 2023 1511 2066 res
1533 2001 1626 2066 inter-

310 2099 421 2185 pellata
451 2097 535 2163 bello
563 2096 738 2162 refrixerat.
788 2097 929 2162 Metellus
957 2106 1004 2161 est
1031 2095 1138 2161 consul
1167 2115 1240 2159 sane
1263 2093 1363 2159 bonus
1391 2104 1423 2158 et
1442 2117 1500 2160 nos
1521 2095 1625 2160 aduro-

311 2193 385 2259 dnm
412 2192 523 2277 diligit.
579 2191 634 2257 llle
663 2192 742 2257 alter
769 2191 811 2257 ita
837 2191 914 2257 nibil
945 2201 1009 2266 est,
1036 2201 1072 2256 ut
1102 2190 1206 2277 plane,
1236 2188 1312 2274 quid
1340 2187 1468 2264 emerit,
1501 2188 1625 2254 neseiat.

311 2291 342 2352 5.
361 2290 447 2351 Haeo
468 2293 540 2350 eunt
559 2285 592 2349 in
613 2305 648 2349 re
669 2283 807 2371 publica;
828 2285 888 2350 nisi
909 2285 1001 2349 etiam
1024 2282 1101 2350 illud
1121 2283 1160 2347 ad
1180 2304 1248 2348 rem
1270 2280 1424 2369 publicam
1446 2291 1536 2368 putas
1557 2303 1627 2368 per·

162 2372 171 2470 ]
273 2381 426 2453 attinere,
459 2377 652 2443 Herennium
674 2377 842 2465 quendam,
873 2377 1033 2444 tribunum
1054 2377 1114 2463 pl,
1136 2375 1284 2443 tribulem
1305 2386 1408 2449 tuum,
1432 2395 1506 2440 sane
1528 2375 1628 2440 bomi-

312 2493 382 2538 nem
412 2491 546 2558 nequam
575 2481 668 2558 atque
690 2480 846 2556 egentem,
874 2459 967 2557 saepe
989 2471 1050 2536 iam
1073 2471 1111 2536 de
1132 2475 1165 2536 P.
1188 2470 1297 2536 Clodio
1319 2469 1357 2535 ad
1378 2467 1503 2554 plebem
1524 2469 1627 2536 tradu-

310 2565 411 2630 cendo
436 2585 531 2650 agere
557 2565 715 2651 coepisse;
747 2564 818 2631 buia
838 2564 1020 2651 frequenter
1040 2563 1253 2631 interceditur.
1295 2568 1378 2629 llaec
1399 2572 1485 2638 sunt,
1506 2572 1542 2627 ut
1561 2562 1628 2649 opi·

312 2680 389 2734 nor,
408 2659 440 2723 in
468 2657 663 2744 republica.
716 2663 746 2724 6.
760 2663 827 2744 Ego
852 2668 972 2735 autem,
1005 2673 1039 2726 ut
1060 2660 1155 2726 semel
1176 2665 1334 2725 Nonarum
1355 2659 1478 2724 illarum
1501 2663 1627 2723 Decem-

312 2752 431 2828 brium,
453 2757 590 2818 iunctam
610 2751 725 2818 invidia
748 2773 784 2817 ae
805 2753 974 2819 multorum
996 2755 1183 2830 inimicitiis,
1206 2753 1352 2819 eximiam
1368 2753 1521 2838 quandam
1536 2761 1627 2838 atque

274 2863 302 2902 ⁸³
313 2847 519 2913 immortalem
548 2847 680 2932 gloriam
701 2855 886 2912 consecutus
908 2869 993 2922 sum,
1022 2871 1085 2915 non
1107 2850 1210 2916 destiti
1232 2848 1339 2912 eadem
1361 2847 1456 2912 animi
1479 2846 1628 2931 magnitu-

311 2941 383 3006 dine
409 2945 440 3006 in
469 2961 505 3005 re
533 2937 657 3026 publica
683 2941 804 3006 versari
830 2951 861 3006 et
887 2941 969 3007 illam
998 2943 1167 3009 institutam
1197 2964 1233 3008 ae
1253 2949 1426 3026 susceptam
1450 2939 1627 3025 dignitatem

312 3039 409 3112 tueri;
432 3034 487 3100 sed
508 3043 712 3120 posteaquam
732 3034 868 3121 primum
892 3036 990 3103 Clodii
1012 3035 1207 3102 absolutione
1229 3037 1385 3102 levitatem
1407 3033 1629 3100 infirmitatem·

311 3150 373 3216 que
395 3127 584 3194 iudiciorum
612 3129 773 3214 perspexi,
802 3129 914 3195 deinde
936 3131 1001 3196 vidi
1021 3140 1146 3198 nostros
1167 3129 1349 3217 publicanos
1370 3128 1462 3194 facile
1482 3149 1501 3191 a
1521 3134 1630 3192 senatu

176 3308 180 3321 ³
311 3222 463 3308 disiungi,
488 3241 675 3309 quamquam
692 3243 775 3287 ame
796 3223 866 3309 ipso
887 3245 950 3289 non
972 3225 1209 3298 divellerentur,
1232 3233 1297 3290 tum
1319 3235 1422 3289 autem
1444 3222 1552 3287 beatos
1574 3220 1629 3284 bo·

171 3391 175 3399 ,
274 3317 411 3382 ⁸⁰mines
433 3351 473 3363 -
495 3316 553 3382 bos
581 3315 766 3401 piscinarios
787 3317 874 3392 dico,
908 3319 1024 3384 amicos
1045 3327 1116 3385 tuos
1138 3357 1178 3366 -
1201 3339 1263 3383 uon
1285 3315 1418 3384 obscure
1440 3315 1531 3381 nobis
1552 3313 1631 3380 invi-

166 3405 174 3418 ”
312 3409 411 3483 dere,
431 3404 552 3496 (putavi
582 3409 659 3474 mibi
688 3411 823 3477 maiores
859 3401 1007 3499 quasdam
1036 3434 1113 3499 opes
1140 3423 1172 3478 et
1201 3411 1340 3476 firmiora
1374 3409 1527 3498 praesidia
1561 3429 1629 3473 esse

166 3515 211 3574 ,ζ’
312 3499 509 3590 quaerenda)
557 3506 588 3568 7.
610 3508 717 3590 ltaque
744 3505 881 3590 primurn
909 3527 998 3583 enm,
1027 3507 1081 3594 qui
1109 3505 1240 3571 nimium
1262 3505 1316 3572 diu
1338 3505 1376 3572 de
1398 3505 1493 3571 rebus
1515 3503 1630 3570 nostris

171 3593 192 3606 ”
312 3606 467 3672 tacuerat,
489 3596 688 3682 Pompeium,
710 3597 825 3664 adduxi
848 3599 881 3664 in
896 3621 965 3666 eam
979 3600 1188 3673 voluntatem,
1211 3610 1246 3665 ut
1266 3601 1299 3665 in
1320 3612 1429 3666 senatu
1450 3619 1513 3664 non
1534 3596 1631 3662 semel

312 3690 368 3755 sed
390 3710 482 3776 saepe
505 3689 672 3777 multisque
693 3690 798 3757 verbis
820 3692 912 3759 buius
933 3693 1008 3759 mibi
1033 3693 1163 3759 salutem
1184 3693 1309 3780 imperii
1331 3703 1425 3780 atque
1456 3690 1543 3758 orbis
1567 3700 1630 3755 ter·

277 3805 419 3849 aerarum
449 3781 644 3850 adiudicarit
699 3784 793 3863 Quod
822 3807 884 3853 non
913 3797 975 3853 tam
1003 3786 1143 3854 interfuit
1173 3807 1242 3852 mea
1264 3817 1304 3831 -
1327 3809 1429 3875 neque
1456 3787 1538 3852 enim
1560 3784 1631 3850 illae

312 3899 363 3943 res
392 3885 447 3942 aut
465 3876 508 3942 ita
529 3886 600 3943 sunt
628 3877 793 3953 obscurae,
820 3887 855 3944 ut
875 3881 1102 3954 testimonium,
1135 3890 1188 3945 eut
1207 3881 1249 3947 ita
1271 3880 1402 3958 dubiae,
1425 3889 1460 3946 nt
1479 3878 1631 3946 laudatio·

311 3991 384 4038 nem
412 3968 591 4036 desiderent
610 4005 651 4018 —
672 3991 766 4057 quarn
786 3971 835 4037 rei
856 3971 1016 4057 publicae,
1039 3973 1124 4059 quod
1146 3983 1233 4068 erant
1254 3975 1381 4061 quidam
1401 3973 1554 4060 improbi,
1577 3973 1632 4058 qui

311 4064 542 4132 contentionem
570 4063 641 4131 fore
661 4066 797 4152 aliquam
818 4064 894 4131 mibi
915 4087 985 4132 cum
1006 4068 1156 4154 Pompeio
1178 4089 1217 4133 ex
1238 4090 1347 4134 rerum
1368 4069 1491 4135 illarum
1513 4067 1633 4134 dissen-

312 4158 402 4225 sione
422 4157 660 4225 arbitrarentur.
713 4162 792 4225 Cum
819 4158 879 4224 boo
905 4180 965 4246 ego
993 4182 1044 4226 me
1073 4171 1155 4227 tanta
1176 4161 1383 4230 familiaritate
1405 4162 1570 4237 coniunxi,
1597 4171 1633 4227 nt

275 4261 447 4339 neuterque
474 4257 616 4318 nostrum
643 4252 675 4318 in
702 4273 758 4318 sna
784 4256 907 4318 ratione
934 4255 1084 4320 munitior
1110 4265 1141 4320 et
1168 4255 1200 4321 in
1222 4276 1257 4320 re
1279 4255 1402 4342 publica
1432 4255 1553 4323 firmior
1574 4258 1653 4323 bae

311 4346 531 4413 coniunctione
564 4367 632 4412 esse
663 4346 772 4432 possit.
828 4349 859 4410 8.
890 4345 968 4411 Odia
994 4355 1098 4412 antem
1128 4349 1180 4413 illa
1207 4349 1392 4416 libidinosae
1426 4360 1458 4415 et
1483 4349 1633 4416 delicatae

311 4440 500 4516 iuventutis,
522 4461 603 4528 quae
625 4449 714 4504 erant
734 4439 766 4505 in
788 4459 838 4504 me
859 4438 1002 4512 incitata,
1023 4445 1069 4506 sie
1089 4441 1225 4526 mitigata
1246 4452 1319 4508 sunt
1339 4444 1483 4509 comitate
1498 4443 1631 4531 quadam

381 4644 408 4696 3.
426 4644 476 4694 ille
493 4656 547 4695 orn.
568 4642 607 4702 ll,
627 4647 656 4692 ut
674 4642 755 4692 tacite
772 4641 835 4692 feeit
854 4642 959 4692 Rosius.
978 4667 1013 4676 —
1037 4642 1064 4692 l.
1084 4643 1225 4694 liberorum
1241 4643 1287 4694 nl.
1308 4669 1337 4678 —
1357 4645 1385 4695 8.
1404 4645 1551 4697 Artemisiae
1568 4645 1631 4712 (sic)

312 4715 359 4765 ΙΙ.
391 4739 420 4751 -
459 4713 503 4764 te.
522 4720 547 4764 el
564 4709 696 4775 Pompeio]
723 4712 845 4775 Pompeio
863 4712 901 4775 Q,
920 4712 1091 4776 Pompeioque
1109 4715 1130 4764 1.
1152 4740 1184 4749 -
1221 4714 1264 4764 15.
1284 4717 1393 4766 eebouef
1408 4717 1496 4766 13.-
1530 4719 1573 4768 18.
1592 4720 1631 4768 ai·

312 4784 350 4834 etl
365 4785 407 4834 lto
423 4785 446 4833 1.
469 4807 496 4819 -
533 4779 633 4845 emerit]
651 4784 702 4833 erit
719 4781 764 4832 lil.
786 4807 814 4818 -
853 4781 895 4832 to.
914 4783 1077 4835 illudentem
1095 4784 1116 4832 1.
1141 4807 1167 4817 -
1204 4785 1320 4846 puteal.
1341 4809 1372 4821 -
1409 4786 1453 4835 28.
1473 4787 1544 4838 Haec
1561 4795 1631 4845 wat,

312 4859 343 4904 ct
360 4855 468 4917 opiner,
490 4854 519 4902 ia
536 4867 564 4903 re
580 4852 685 4916 publiea
704 4852 814 4902 seclusit
832 4851 980 4902 Ernestius.
999 4878 1033 4890 -
1067 4854 1111 4904 2³.
1130 4855 1236 4904 illem
1253 4855 1387 4905 Nonarum
1404 4857 1427 4906 1.
1452 4879 1478 4890 -
1513 4859 1557 4909 88.
1576 4861 1632 4908 iun·

313 4929 358 4973 etc
373 4925 476 4974 inuidia
493 4923 520 4980 Ι,
540 4925 658 4974 iunctam
675 4923 790 4973 inuidiae
807 4922 919 4971 decens.
940 4937 980 4986 pr.
998 4948 1031 4962 ·-
1067 4923 1109 4975 38.
1129 4922 1213 4987 boine]
1232 4926 1284 4974 euin
1301 4925 1370 4988 Qlil.
1403 4927 1561 4978 Emendaeit
1578 4929 1633 4978 bla-

314 4992 416 5044 noilus.
437 5019 466 5030 -
504 4993 548 5044 38.
565 5005 606 5042 ree
623 5006 678 5043 om.
699 4993 730 5044 a.
767 5015 793 5025 -
831 4992 874 5041 38.
894 4993 1000 5044 itionem
1019 5007 1104 5044 reem
1124 4994 1143 5045 Ι.
1171 5016 1205 5031 -·
1240 4994 1282 5046 40.
1303 5002 1462 5049 nostramet
1481 5001 1510 5050 ier
1529 5000 1632 5050 Lambi-

315 5075 377 5112 nne.
401 5085 427 5096 -
465 5061 510 5114 88.
530 5062 644 5128 quodem
661 5066 781 5114 comitate
800 5063 821 5114 l.
