3628 5876
649 452 725 516 Llll.
746 454 786 517 X.
828 454 888 516 ΕΡ.
906 452 958 516 22.
979 453 1031 516 Sd.
1428 455 1488 518 tta

160 621 297 699 propter
317 607 497 675 tarditatem
524 609 748 675 sententiarum
769 629 953 696 moramque
974 629 1083 674 rerum
1104 631 1175 676 eum
1197 629 1249 685 ea,
1271 631 1352 696 qnae
1375 631 1488 680 cousu-

161 703 326 778 lebautnr,
362 700 543 768 aderitum
571 723 635 768 uon
656 702 872 789 pervenirent,
904 701 1193 769 commodissimum
1215 701 1291 770 mihi
1311 704 1489 791 Plautoque

161 798 254 876 {ruhi
285 796 387 863 visum
418 804 465 861 est
485 795 532 860 uti
553 815 609 870 eo,
645 795 731 882 quod
763 815 802 860 ue
823 804 933 860 nostro
954 793 1107 861 arbitratu
1128 805 1386 880 componeretur,
1418 798 1489 883 quis

162 891 261 958 luerit
289 888 536 976 impedimento,
570 887 709 955 arbitror
739 897 769 954 te
799 909 840 954 ex
865 888 968 954 Planci
996 889 1109 955 litteris
1136 889 1330 974 cognovisse.
1373 896 1403 956 3.
1426 891 1487 958 Sed

163 985 230 1052 sire
252 985 286 1050 iu
307 993 433 1050 senatus
455 983 598 1050 consulto
620 984 742 1050 sivein
764 988 875 1049 ceteris
896 980 993 1048 rebus
1014 982 1174 1048 desideras
1195 981 1333 1070 aliquid,
1360 983 1406 1050 sie
1431 984 1513 1051 tibia

163 1077 341 1166 persuade,
363 1085 479 1142 tantum
501 1098 570 1141 esse
592 1077 675 1162 apud
691 1099 800 1146 omues
821 1076 922 1144 honos
937 1076 981 1142 tui
1001 1077 1174 1152 caritatem,
1195 1086 1231 1142 ut
1251 1079 1370 1144 nullum
1390 1099 1489 1164 genus

163 1171 374 1258 amplissimae
397 1171 556 1258 dignitatis
578 1172 752 1257 excogitari
767 1171 882 1258 possit,
905 1170 991 1258 qnod
1012 1170 1068 1236 tibi
1090 1191 1154 1236 uon
1174 1180 1317 1257 puratum
1340 1173 1388 1238 sit.
1424 1174 1488 1238 Lit-

162 1275 248 1331 teras
283 1274 353 1330 tuas
388 1265 590 1330 vehementer
625 1274 802 1349 exspecto,
839 1273 871 1329 et
907 1265 1035 1352 quidem
1070 1263 1166 1338 tales,
1205 1264 1313 1351 quales
1351 1267 1489 1332 maxime

162 1367 251 1446 opto.
294 1359 381 1426 Vale.

614 1499 730 1562 nrm.
774 1499 823 1584 (n.
849 1501 881 1564 c.
904 1501 936 1564 c.
958 1453 1066 1643 cusq
1499 1528 1526 1566 n

562 1585 577 1688 l
626 1623 799 1686 russeus
829 1622 1023 1688 crunnum.

251 1739 279 1801 t.
300 1739 464 1819 Nunquam
496 1731 708 1808 mehercules,
745 1733 789 1798 mi
811 1732 936 1807 Cicero,
973 1753 1023 1798 me
1051 1731 1225 1820 poenitebit
1246 1737 1383 1802 maxima
1404 1739 1487 1824 peri·

161 1829 233 1896 cula
255 1849 315 1915 pro
335 1825 436 1914 patria
458 1823 583 1900 subire,
621 1825 712 1902 dum,
749 1824 874 1913 siquid
900 1825 1165 1903 accideritmihi,
1201 1830 1487 1915 arepreheusione

162 1921 348 1988 temeritatis
381 1917 491 1984 absim.
546 1916 721 1984 Couhterer
748 1919 958 2006 imprudentia
984 1941 1035 1984 me
1056 1920 1195 2007 lapsum,
1222 1921 1250 1987 si
1270 1944 1408 2008 uuquam
1429 1929 1487 1990 Le·

161 2016 240 2105 pido
276 2036 318 2080 ex
349 2013 455 2078 auimo
487 2011 700 2079 credidissem.
759 2013 933 2081 Credulitas
964 2014 1047 2078 euim
1079 2035 1172 2082 error
1193 2025 1240 2080 est
1260 2017 1359 2101 magis
1394 2039 1486 2106 quam
1499 2044 1527 2082 is

161 2111 273 2197 culpa;
296 2107 475 2196 etquidem
497 2107 530 2171 in
552 2107 661 2192 optimi
679 2109 832 2196 cuiusque
853 2117 990 2173 mentem
1010 2107 1158 2174 facillime
1179 2109 1301 2196 irrepit.
1344 2111 1406 2177 Sed
1428 2132 1487 2198 ego

161 2226 227 2270 nou
249 2203 310 2269 hoc
330 2201 407 2268 vitio
429 2221 528 2287 paene
551 2222 620 2266 sum
641 2200 806 2288 deceptus;
827 2200 981 2288 Lepidum
1002 2201 1087 2268 euim
1108 2203 1238 2289 pulchre
1259 2224 1381 2270 noram.
1403 2206 1488 2283 Quid

161 2318 242 2383 ergo
264 2302 329 2362 estt
351 2294 458 2360 Pudor
486 2315 552 2366 me,
575 2294 630 2381 qui
650 2295 682 2360 in
704 2295 788 2361 bello
811 2295 947 2360 maxime
977 2303 1024 2360 est
1044 2295 1255 2383 periculosus,
1277 2297 1360 2384 huuc
1380 2320 1486 2365 casum

161 2391 268 2477 coegit
293 2388 410 2456 subire.
464 2393 557 2464 Nasu,
586 2387 646 2454 nisi
666 2411 731 2455 uuo
753 2389 823 2454 loco
846 2409 963 2462 essem,
993 2387 1143 2464 verebar,
1165 2390 1277 2456 necui
1300 2390 1487 2458 obtrectato-

161 2507 236 2550 rum
264 2483 392 2550 siderer
421 2492 453 2548 et
479 2481 612 2546 nimium
640 2482 839 2568 pertinaciter
865 2481 985 2568 Lepido
1015 2482 1154 2548 offensus
1189 2493 1220 2548 et
1246 2505 1314 2549 mea
1340 2484 1527 2570 patientias»

161 2579 258 2644 etiam
288 2577 374 2642 alere
405 2573 534 2641 bellum.
591 2578 621 2639 2.
643 2579 751 2662 ltaque
771 2576 877 2662 copias
895 2596 996 2661 prope
1016 2575 1048 2641 iu
1073 2587 1274 2663 conspectum
1294 2577 1405 2664 Lepidi
1425 2585 1488 2644 llu-

161 2671 305 2757 touiique
333 2667 451 2735 adduxi
483 2667 752 2757 quadragintaque
779 2670 900 2735 milium
933 2690 1081 2755 passuum
1103 2671 1205 2756 spatio
1225 2670 1336 2737 relicto
1357 2671 1486 2738 consedi

161 2787 203 2832 eo
224 2763 372 2838 consilio,
395 2762 501 2828 nivel
523 2761 669 2827 celeriter
689 2762 838 2829 accedere
859 2762 911 2828 vel
932 2761 1110 2828 salutariter
1129 2763 1271 2850 recipere
1287 2784 1338 2828 me
1352 2786 1488 2851 possem.

161 2857 301 2926 Adiunxi
328 2856 406 2922 haec
426 2855 459 2920 iu
479 2855 551 2921 loco
573 2855 736 2940 eligendo,
773 2855 890 2922 llumeu
913 2855 1093 2943 oppositum
1113 2868 1149 2923 ut
1168 2856 1336 2932 haberem,
1368 2858 1401 2922 iu
1423 2879 1488 2944 quo

161 2973 254 3018 mora
275 2950 424 3017 transitus
450 2958 548 3027 esset;
585 2949 733 3016 Vocontii
761 2948 820 3014 sub
842 2970 938 3014 mauu
966 2957 1001 3014 ut
1029 2959 1149 3024 essent,
1184 2970 1242 3036 per
1262 2973 1398 3038 quorum
1419 2953 1528 3020 locans

161 3045 298 3113 fideliter
319 3043 394 3108 mihi
416 3050 538 3128 pateret
557 3041 628 3108 iter.
676 3040 829 3128 Lepidus,
851 3040 1018 3128 desperato
1039 3038 1174 3108 adventu
1195 3063 1284 3117 meo,
1307 3065 1403 3131 quem
1424 3066 1488 3112 nou

161 3137 366 3204 mediocriter
387 3135 544 3223 captabat,
573 3157 606 3201 se
633 3155 705 3201 cum
736 3133 871 3200 Antonio
903 3133 1066 3200 coniunxit
1087 3155 1116 3198 a.
1138 3133 1169 3200 d.
1192 3137 1486 3212 1111.llal.lunias,

161 3229 412 3318 eodemquedie
434 3229 473 3296 ad
494 3251 545 3294 me
567 3237 668 3294 castra
688 3238 870 3307 moverunt3
898 3228 1009 3313 viginti
1030 3227 1117 3292 milia
1136 3248 1284 3314 passuum
1306 3252 1377 3296 cnm
1399 3229 1489 3296 abes-

161 3336 248 3400 sent,
271 3345 323 3390 res
343 3323 421 3388 mihi
449 3323 588 3389 nuntiata
617 3331 675 3388 est.
731 3327 762 3388 3.
793 3321 873 3387 Dedi
892 3342 1022 3409 operam
1047 3320 1141 3388 deism
1165 3320 1369 3408 benignitate,
1401 3333 1436 3394 ιιι
1457 3335 1489 3390 et

161 3419 310 3486 celeriter
329 3438 381 3482 me
405 3417 580 3504 reciperem
608 3423 640 3482 et
664 3416 714 3482 hic
735 3415 889 3482 discessus
914 3415 991 3480 nihil
1015 3413 1108 3500 iugae
1129 3415 1230 3482 simile
1257 3417 1402 3493 haberet,
1425 3439 1527 3492 nou„

162 3515 253 3580 miles
274 3512 373 3585 ullus,
397 3531 460 3576 non
482 3531 595 3598 eques,
617 3531 681 3576 nou
706 3509 876 3598 quidquam
907 3508 1205 3596 impedimentorum
1226 3512 1421 3578 amitteretur
1434 3520 1489 3577 aut
1612 3511 1615 3518 ’

161 3607 202 3673 ab
224 3607 287 3673 illis
308 3603 503 3671 ferventibus
525 3603 701 3671 latronibus
722 3604 973 3690 interciperetur.
1015 3608 1124 3690 ltaque
1144 3604 1248 3691 pridie
1265 3611 1368 3672 Nouus
1381 3602 1488 3672 lunias

161 3723 274 3770 omues
302 3699 409 3787 copias
444 3703 564 3766 Isaram
593 3698 703 3764 traieci
730 3709 921 3786 pontesque,
952 3720 1032 3786 quos
1058 3699 1210 3776 feceram,
1246 3700 1421 3786 interrupi,
1454 3709 1489 3765 ut

161 3796 298 3883 spatium
324 3794 363 3859 ad
396 3793 605 3877 colligendum
630 3814 665 3858 se
701 3791 843 3858 homiues
873 3792 1025 3858 haherent
1050 3802 1081 3858 et
1106 3814 1165 3879 ego
1191 3815 1242 3860 me
1272 3794 1391 3860 interea
1416 3814 1487 3859 cum

162 3889 284 3975 collega
300 3889 542 3973 coniungerem,
579 3907 674 3975 quem
698 3887 820 3962 triduo,
857 3907 928 3952 cum
952 3887 1007 3952 has
1030 3885 1142 3952 dabam
1163 3887 1297 3963 litteras,
1326 3898 1528 3975 exspecta-ss

162 3984 246 4050 bam
302 3985 334 4048 4.
356 3981 534 4047 Laterensis
559 3981 661 4048 nostri
684 3991 716 4046 et
740 3981 834 4046 iidem
858 3991 890 4046 et
910 3981 1047 4046 animum
1070 3981 1261 4067 singidonem
1285 3982 1408 4048 iurem
1430 4001 1488 4068 pu-

162 4076 278 4144 hhcam
307 4096 433 4162 semper
457 4073 591 4141 fatebor.
641 4075 703 4141 Sed
726 4083 812 4140 certe
843 4074 941 4140 nimia
974 4075 1043 4140 eius
1067 4074 1259 4161 indulgentia
1283 4075 1316 4141 in
1336 4073 1488 4162 Lepidum

162 4172 202 4237 ad
230 4171 309 4236 haee
341 4169 481 4256 pericula
502 4169 721 4256 perspicienda
747 4168 822 4234 lecit
846 4189 919 4234 eum
949 4169 1053 4234 miuus
1080 4188 1234 4253 sagacem.
1277 4169 1339 4250 Qui
1361 4168 1489 4257 quidem

162 4286 236 4330 eum
261 4269 294 4329 iu
317 4262 461 4329 fraudem
485 4284 519 4328 se
552 4262 719 4328 deductum
752 4263 890 4338 videret,
926 4285 1051 4338 manus,
1089 4285 1166 4352 quas
1187 4264 1299 4330 iustius
1321 4263 1355 4328 in
1377 4261 1487 4349 Lepidi

162 4358 337 4446 perniciem
360 4366 530 4431 armasset,
553 4356 614 4422 sibi
637 4356 752 4422 afferre
778 4365 908 4422 conatus
928 4367 987 4422 est.
1029 4361 1065 4422 ln
1085 4378 1150 4444 quo
1170 4379 1245 4422 casu
1262 4367 1367 4422 tamen
1391 4356 1528 4425 iuter-so

162 4453 296 4540 peilatus
318 4463 350 4518 et
380 4451 484 4519 adhue
515 4451 594 4518 vivit
620 4461 652 4516 et
675 4451 790 4518 dicitur
810 4452 960 4518 victurus.
1019 4451 1081 4518 Sed
1102 4463 1205 4517 tamen
1230 4450 1269 4517 de
1297 4451 1358 4518 hoc
1376 4471 1486 4536 parum

163 4547 242 4614 mihi
263 4556 386 4614 certum
414 4557 471 4612 est.
529 4551 558 4612 5.
580 4549 694 4631 Magno
717 4565 788 4611 eum
810 4543 922 4612 dolore
943 4545 1171 4632 parricidarum
1196 4545 1320 4632 elapsus
1341 4564 1410 4609 sum
1431 4543 1487 4621 iis;

164 4639 332 4706 veniebant
353 4645 436 4707 enim
459 4638 571 4706 eodem
593 4640 703 4706 lurore
733 4639 765 4704 in
788 4661 854 4712 me,
887 4659 950 4726 quo
969 4639 1001 4704 iu
1023 4639 1170 4726 patriam,
1191 4639 1320 4705 incitati.
1361 4639 1489 4704 Iracun-

233 4833 260 4882 ³.
280 4833 321 4881 crs
338 4831 380 4896 eol
399 4833 535 4884 llaeldlsse
553 4837 665 4884 censam
682 4838 788 4882 senetur
804 4831 921 4881 ιοιιιιιιιο
943 4831 982 4880 Dc
999 4831 1149 4882 franciscis
1168 4837 1195 4881 et
1213 4831 1363 4882 Schittsius.
1413 4831 1487 4882 Fert.

163 4903 250 4953 ntis.
271 4903 300 4952 C.
320 4903 399 4966 quod.
418 4903 469 4954 Οιι.
503 4927 533 4938 -
570 4904 613 4954 19.
632 4904 700 4968 cogit
719 4901 756 4952 Μ.
789 4925 820 4937 -
856 4900 1082 4952 uiaiblauutius:
1105 4903 1128 4952 sl
1154 4901 1214 4954 ΜΕ.
1242 4925 1274 4937 -
1310 4901 1489 4952 mutuare

164 4971 202 5021 Μ.
230 4995 261 5008 ·-
298 4973 513 5024 ddcdccdccc
535 4972 630 5024 meli.
665 4996 695 5009 -
732 4972 776 5022 ³2.
794 4971 943 5036 [sreetthuc
960 4973 1045 5023 Codd.
1064 4973 1177 5036 aliquot.
1208 4995 1238 5008 -
1275 4969 1318 5022 33.
1337 4981 1368 5023 ιιι
1386 4978 1490 5036 stapo-

166 5043 232 5091 tiam
249 5042 335 5092 cmc.
355 5043 467 5106 aliquot.
490 5069 523 5080 -
557 5043 601 5094 at.
621 5040 667 5106 ed]
686 5049 710 5092 et
728 5041 766 5093 Μ.
786 5067 818 5079 -
854 5041 899 5092 db.
919 5055 975 5105 rep.
994 5043 1031 5096 Μ.
1053 5067 1084 5080 ·-
1103 5044 1149 5093 hl.
1165 5057 1263 5107 porum
1280 5043 1344 5092 mihi
1360 5043 1406 5094 hir
1423 5043 1490 5092 arilia·

164 5112 308 5174 pausuli.
332 5137 362 5148 -
398 5115 444 5164 ⁴2.
464 5115 521 5179 Ege
539 5127 635 5179 meque
655 5113 748 5163 ambr.
768 5111 812 5162 15.
1327 5157 1329 5161 .
