3666 5874
277 421 328 476 ιϊ

275 571 480 642 emendatum
502 569 536 663 p.
549 572 656 662 aaa,
676 567 857 660 interdum,
879 569 963 661 quae
984 571 1167 641 afferuntur
1185 563 1354 643 ecodtce·
1367 571 1498 663 Ursini,
1519 565 1592 642 ma'.

273 677 397 744 nitesto
430 684 508 746 runt
539 679 599 746 Pii.
624 678 803 746 Praeterea
832 677 918 744 haud
946 697 1073 764 paucae
1103 679 1265 746 lectiones
1292 677 1355 745 Ed.
1376 678 1589 747 Victorianae

273 783 398 866 primae
427 787 462 849 et
490 783 658 872 Marginis
686 781 934 868 Repetitionum
962 782 1113 865 Lambb,
1152 801 1286 869 querum
1314 785 1409 872 origo
1438 785 1517 849 ante
1538 803 1589 851 ma

272 887 438 974 latuerat,
461 886 573 954 itidem
594 887 690 956 aPio
706 885 909 973 repetendae
922 889 1010 952 sunt.
1052 887 1191 973 Aitquot
1208 885 1454 954 emendationes
1468 887 1589 954 tectio-

274 1009 350 1057 num
378 993 579 1058 anteriorum
613 994 800 1058 etiamnunc
830 991 872 1059 ab
902 992 1051 1057 omnibus
1081 996 1251 1071 retentae,
1286 1009 1395 1084 merae
1426 995 1505 1056 sunt
1539 989 1589 1057 Pit

273 1097 501 1183 contecturae3
523 1093 718 1164 audaciores
737 1114 819 1162 vero
834 1096 1010 1182 plerasque
1030 1098 1064 1162 et
1080 1112 1259 1180 perversas
1274 1095 1453 1161 eliminavit
1474 1113 1589 1164 rursus

272 1199 456 1266 Victorius:
486 1200 693 1267 nihilominus
715 1199 756 1266 ad
778 1199 900 1290 viginti
921 1201 1056 1286 repperi
1078 1217 1150 1266 cum
1173 1200 1206 1264 tn
1228 1200 1299 1264 eius
1321 1202 1495 1283 contextu,
1523 1207 1590 1265 tun

273 1304 307 1368 in
329 1306 580 1389 commentario,
612 1322 697 1391 quae
725 1308 783 1370 aut
810 1321 912 1369 uerae
934 1309 1012 1369 ιιιιιι
1035 1305 1165 1368 omnino
1187 1306 1245 1367 aut
1268 1301 1406 1392 dignae,
1442 1321 1526 1390 quae
1548 1305 1590 1370 ab

274 1405 457 1474 editoribus
472 1412 701 1474 memorentur.
743 1407 814 1475 Nec
828 1425 911 1473 vcro
928 1409 960 1471 in
976 1424 1016 1472 co
1029 1406 1134 1472 iatsus
1144 1425 1232 1488 sum,
1254 1405 1340 1493 quod
1356 1409 1418 1471 inm
1431 1409 1463 1471 tn
1479 1409 1590 1491 priora

273 1508 429 1577 aditione
451 1529 641 1577 censueram
667 1511 911 1602 Hervagianam
933 1509 976 1576 ad
994 1510 1079 1577 hanc
1093 1511 1294 1596 potissimum
1311 1527 1385 1576 esse
1399 1511 1591 1576 conforna-

276 1619 353 1681 tam.
395 1615 551 1682 Ascensit
575 1610 703 1703 quidem
727 1616 836 1681 nutiae
857 1615 929 1681 iere
943 1620 1021 1680 sunt
1038 1619 1151 1700 partes
1167 1614 1199 1678 in
1213 1613 1276 1680 irac
1290 1613 1352 1680 Ed.
1368 1615 1446 1679 anni
1463 1611 1591 1698 caat,

273 1721 336 1784 nisi
359 1717 450 1804 qaod
469 1719 632 1785 refutauit
653 1719 779 1805 aliquot
802 1717 852 1784 Pit
875 1719 1099 1801 contenturos,
1129 1716 1231 1803 alias,
1263 1715 1323 1783 sed
1345 1735 1487 1804 paucas,
1518 1719 1591 1801 ipse

274 1824 491 1912 excogitavit.
534 1819 620 1905 outo
644 1823 811 1890 Danaesio
835 1821 1012 1905 debeatur,
1048 1839 1207 1908 nusquam
1229 1826 1378 1907 apparet.
1420 1819 1460 1887 id
1481 1824 1590 1887 autem

273 1931 398 1993 certum
430 1930 496 2010 est,
527 1945 590 1994 neo
622 1927 735 2013 Pium,
766 1945 873 2014 neque
899 1925 1114 2004 Ascenstum,
1147 1943 1254 2013 neque
1276 1924 1475 1992 Danaestum
1496 1943 1590 1992 usum

273 2048 348 2098 esse
369 2028 473 2098 Codd.
492 2031 634 2098 iamitiac
656 2031 859 2110 Gallicanae.
1016 2103 1024 2121 ,

356 2134 426 2201 lam
446 2153 530 2202 vero
551 2153 624 2203 cum
646 2135 863 2224 Hervagtana
887 2129 1002 2200 1634.
1020 2151 1258 2220 saepenumero
1272 2131 1430 2200 deserens
1445 2125 1591 2200 Cratan-

273 2238 366 2305 drum
397 2238 516 2305 uet‘ad
550 2238 632 2305 Asc.
656 2255 724 2306 aec.
745 2239 918 2306 lectionem
952 2236 1086 2322 redeat,
1119 2238 1176 2302 vet
1206 2238 1359 2303 inanibus
1390 2237 1590 2303 coniecturis

271 2344 400 2428 potius,
436 2344 474 2406 ut
501 2336 783 2428 videtur,'quam
813 2340 968 2409 Codicum
999 2359 1063 2427 ope
1089 2343 1231 2427 priorum
1253 2341 1447 2406 uulneribus
1469 2338 1590 2406 mederi

271 2445 424 2526 studeat,
450 2447 681 2532 praeterquam
705 2444 792 2532 quod
813 2447 892 2511 ante
915 2442 1165 2512 oculoshabuit
1188 2444 1426 2512 Ascensianam
1448 2445 1589 2530 tertiam,

272 2548 431 2615 nonnulis
452 2551 620 2635 recepisse
642 2548 777 2615 videtur
798 2567 816 2616 e
838 2544 943 2615 coda.
958 2548 1100 2630 Italicis,
1121 2550 1235 2634 utique
1256 2548 1481 2633 interpolatis,
1504 2565 1590 2633 quo-

272 2671 343 2718 rum
374 2651 537 2718 lectiones
569 2654 747 2739 acceperat
776 2670 796 2718 a
825 2651 938 2743 Vigiio
967 2651 1158 2718 Zutchemo.
1201 2648 1341 2717 Omnino
1363 2652 1465 2740 longe
1485 2653 1591 2716 minor

274 2754 371 2824 huius
392 2754 557 2822 auctionis
579 2759 633 2823 cst
652 2758 852 2846 auctoritas,
875 2773 968 2842 quam
991 2751 1243 2822 Cratandrinae.

354 2860 497 2927 Multum
520 2861 554 2927 tn
577 2858 791 2928 emendandts
811 2859 976 2946 Epistotts
997 2858 1040 2927 ad
1063 2860 1210 2925 Atticum
1232 2860 1295 2924 iam
1312 2861 1392 2925 ante
1408 2857 1590 2926 Victoriam

272 2965 459 3032 elaboravit
480 2962 686 3031 Benedictus
707 2963 885 3031 Accoitus:
908 2963 949 3030 de
971 2966 1065 3032 cuius
1086 2982 1166 3030 cura
1188 2961 1271 3029 neec
1286 2960 1387 3028 tradit
1409 2962 1457 3029 to.
1471 2962 1590 3030 Franc.

254 3069 392 3137 ztifius
412 3069 446 3134 in
461 3067 615 3154 Epistola
630 3067 672 3134 ad
687 3067 869 3135 victorium
885 3067 998 3133 missa:
1021 3059 1140 3147 (Olor.
1160 3063 1242 3132 itai.
1259 3071 1295 3132 et
1319 3062 1485 3135 German.
1497 3065 1590 3154 Epp.

272 3174 320 3241 od
338 3170 381 3240 P.
412 3171 603 3240 Victortum
625 3172 745 3238 Voti
768 3191 799 3258 p.
825 3163 882 3254 1.)
916 3171 1077 3237 «Thomas
1102 3173 1240 3255 Iuncta,
1272 3170 1381 3255 quiin
1403 3168 1590 3260 purgandis

272 3279 369 3345 bonis
388 3277 599 3361 auctoribus,
633 3296 717 3364 quos
734 3275 971 3361 ¹imprimendos
990 3278 1102 3355 curat,
1131 3274 1193 3338 sibi
1214 3274 1278 3360 ipsi
1300 3291 1464 3360 nunquam
1485 3275 1590 3339 satis-

272 3381 372 3465 facit,
406 3382 483 3466 post
510 3382 721 3446 novissimam
739 3378 973 3466 apostotorum
998 3377 1041 3444 ad
1066 3378 1215 3444 Atticum
1237 3384 1294 3442 tuo
1317 3379 1446 3444 nomine
1468 3376 1589 3443 editam

272 3486 537 3570 impressionem,
565 3487 684 3551 nactus
706 3481 883 3549 earundem
903 3482 1127 3566 Epistotarum
1150 3481 1321 3562 volumen,
1350 3484 1507 3548 accurate
1526 3497 1590 3565 per

271 3585 580 3655 reverendissimum
601 3585 878 3653 Benedictum
902 3584 1134 3660 Accottum,
1164 3582 1349 3651 Ravennae
1371 3584 1589 3671 cardinalem,

272 3693 488 3782 castigatum,
510 3707 560 3756 nte
582 3690 725 3777 impulit,
746 3696 801 3778 ut,
823 3707 907 3775 quae
930 3691 963 3753 in
986 3707 1026 3754 eo
1048 3687 1182 3754 diversa
1203 3705 1223 3752 a
1246 3693 1302 3754 tua
1323 3688 1466 3755 tectione
1488 3706 1590 3773 repe-

272 3797 387 3882 rirem,
408 3795 581 3873 volumtnt,
612 3793 699 3881 quod
721 3811 787 3860 una
809 3810 880 3858 cum
903 3791 955 3857 tris
975 3793 1096 3859 litteris
1117 3789 1158 3856 ad
1181 3793 1323 3878 tamisi,
1353 3791 1589 3860 adscriberem:

275 3898 363 3988 quod
386 3917 427 3965 ca
448 3899 525 3989 lege
539 3899 689 3987 suscepi,
710 3900 827 3962 utnon
843 3894 982 3982 iudicio,
1002 3894 1063 3961 sed
1077 3895 1202 3962 calamo
1219 3896 1420 3982 laborarem,
1443 3899 1589 3992 tantpm-

273 4019 337 4091 que
364 4003 477 4089 abest,
509 4004 557 4067 ut*
573 4005 731 4067 mutatum
759 3998 882 4087 aitquid
910 3998 953 4066 de
980 4003 1036 4064 tua
1058 3999 1201 4066 tectione
1221 4000 1337 4080 veiim,
1368 4005 1406 4064 ut
1427 3998 1469 4066 de
1491 4017 1589 4067 earo

273 4107 441 4198 cogitare,
476 4104 593 4172 nedum
615 4103 761 4173 iudicare
783 4104 952 4170 noluertm.
994 4096 1163 4188 Suscepto
1184 4121 1323 4189 namque
1344 4102 1432 4170 iiiios
1454 4103 1589 4187 codicis,

272 4230 339 4278 non
367 4212 532 4297 perpetua
560 4210 762 4299 singularum
794 4208 1016 4294 Eiptstoiarum
1049 4208 1209 4290 lectione,
1241 4207 1300 4272 sed
1329 4207 1401 4272 sola
1428 4207 1589 4273 linearum

272 4315 478 4382 adiecterum
500 4315 658 4379 comisto
681 4319 737 4378 tuo
761 4313 958 4399 collatione,
984 4310 1071 4399 quod
1094 4330 1161 4376 non
1182 4309 1419 4396 responderet,
1440 4312 1589 4397 apposui.

272 4419 377 4487 'i'uum
405 4435 493 4486 nunc
520 4420 584 4483 erit
613 4421 648 4484 et
674 4417 807 4507 singula
834 4415 1043 4502 perpendere
1071 4421 1104 4480 et
1133 4430 1297 4505 congrua,
1333 4416 1361 4480 si
1390 4433 1454 4500 qua
1476 4418 1589 4496 crunt,

273 4524 478 4610 approbare,
500 4521 599 4608 tdque
620 4525 657 4586 ut
678 4519 878 4588 commodius
900 4522 1073 4605 praestare
1095 4519 1220 4606 possis,
1242 4520 1394 4605 noueris,
1415 4519 1505 4584 titum
1527 4536 1588 4585 ca·
1627 4565 1632 4573 -

272 4624 598 4716 stigatumcodtoem
620 4624 764 4691 Aldinae
786 4625 1010 4708 impressionis
1031 4641 1106 4689 esse
1128 4641 1215 4688 anno
1236 4619 1406 4688 Moxxi.
1428 4639 1588 4708 excusae3

274 4734 309 4796 et
330 4732 570 4820 castigationes
598 4731 633 4794 in
665 4748 704 4795 eo
734 4728 906 4814 appositas
931 4727 1002 4793 fere
1025 4744 1137 4793 omnes
1158 4728 1216 4792 aut
1237 4727 1363 4792 vetusti
1384 4725 1509 4794 codicis
1530 4729 1588 4793 aut

274 4833 313 4900 P.
326 4834 443 4901 literae
465 4837 545 4900 nota
566 4851 641 4900 esso
664 4832 903 4918 praemunitas;
936 4834 971 4897 et
992 4849 1034 4896 ne
1056 4835 1090 4896 te
1112 4829 1274 4897 hactenus
1294 4831 1441 4916 suscepti
1463 4831 1587 4896 taboris

274 4937 462 5025 poeniteat,
484 4939 580 5004 etiam
602 4937 682 5002 titud
704 4936 804 5009 scito,
826 4952 877 5001 me
891 4935 992 5000 mutto
1007 4935 1102 5019 plura
1116 4935 1150 4999 tn
1165 4952 1206 5000 co
1221 4936 1388 5018 correcta,
1410 4950 1494 5020 quae
1509 4936 1587 5000 tuae

273 5041 408 5109 lectioni
429 5043 508 5108 sunt
528 5055 695 5132 congrua,
711 5039 909 5120 invenisse,
940 5057 1036 5125 quam
1057 5055 1142 5125 quae
1163 5039 1326 5136 nunciati
1347 5037 1504 5104 volumini
1527 5055 1587 5122 per
