3656 5868
333 397 393 461 til
755 396 1029 462 EPISTOLARUM
1048 400 1101 463 Ab
1123 401 1214 464 ΕΔΜ.

328 552 415 620 liaris
436 573 534 618 meus.
586 557 616 618 2.
646 552 708 618 sed
728 574 865 640 quonam
886 553 981 618 modo
1002 553 1051 619 ius
1073 555 1164 620 civile
1186 554 1350 631 defendes,
1372 577 1443 623 cum
1465 557 1571 624 omnia
1593 567 1648 624 tua

329 639 421 714 cdusa
435 647 550 723 lacius,
572 669 636 714 non
651 649 787 714 civium?
830 647 887 734 Ubi
908 669 1006 736 porro
1021 648 1073 714 illa
1088 649 1148 714 erit
1161 649 1296 716 formula
1311 651 1460 726 fiduciae,
1483 671 1526 716 vr
1543 671 1647 718 aaran

328 761 438 808 nouos
460 761 544 806 nane
567 761 670 806 aaran
693 759 857 806 oronrnr.
915 742 993 819 Quis
1022 742 1105 807 enim
1134 753 1196 817 est,
1229 743 1283 830 qni
1314 742 1387 808 lacit
1407 744 1483 811 nihil
1505 745 1566 810 nisi
1587 767 1645 812 sua

329 841 441 902 causat
475 834 569 912 Quod
599 835 648 900 ius
674 843 789 900 statues
824 853 978 902 couuvru
1011 855 1226 912 orvrnvuno,
1262 859 1333 902 cum
1368 859 1533 904 commune
1565 839 1644 904 nihil

305 929 428 1018 spossit
457 949 525 993 esse
554 929 635 1014 apud
665 949 734 1000 eos,
767 928 821 1013 qui
842 931 946 995 omnia
974 931 1131 1016 voluptate
1160 953 1216 996 sua
1246 932 1441 998 metiuntur?
1472 932 1642 1010 Quomodo

328 1035 433 1091 autern
461 1022 518 1088 tibi
553 1023 687 1110 placebit
714 1028 824 1088 lovnu
851 1043 1001 1090 unrrnsu
1023 1024 1149 1099 iurare,
1181 1045 1252 1089 cum
1272 1025 1365 1102 scias,
1396 1029 1502 1090 lovem
1526 1025 1642 1091 iratum

328 1141 397 1186 esse
416 1118 533 1184 nemini
554 1125 668 1204 posset
704 1117 788 1195 Quid
809 1117 862 1180 liet
887 1136 985 1203 porro
1013 1117 1131 1203 populo
1154 1117 1328 1192 Ulubrano,
1364 1118 1392 1184 si
1417 1128 1451 1184 tu
1474 1120 1639 1192 statueris,

328 1215 553 1280 πολιτεύεσθαι
581 1233 643 1278 non
673 1217 842 1298 oporteret
876 1212 982 1287 Quare
1012 1210 1038 1276 si
1067 1210 1198 1296 planen
1228 1211 1320 1277 nobis
1352 1211 1473 1288 delicis,
1509 1213 1640 1279 moleste

326 1311 413 1388 lero;
446 1309 494 1373 sin
523 1313 640 1374 Pansae
673 1306 822 1372 assentari
849 1303 1048 1370 commodum
1071 1313 1132 1378 est,
1155 1304 1294 1388 ignosco.
1347 1307 1442 1372 Modo
1458 1307 1561 1374 scribe
1584 1309 1640 1375 ali-

292 1403 453 1490 aequando
475 1402 515 1468 ad
536 1423 610 1486 nos,
632 1401 708 1489 quid
730 1421 802 1486 agas
823 1408 854 1466 et
874 1420 894 1463 a
914 1396 1005 1462 nobis
1026 1397 1102 1484 quid
1123 1397 1193 1462 lieri
1214 1406 1268 1464 aut
1289 1401 1394 1466 curari
1415 1402 1502 1468 vebs.

779 1544 867 1606 sm.
909 1539 959 1622 (A.
986 1541 1183 1619 uo.701.)

704 1667 745 1730 Μ.
769 1663 911 1730 CICERO
935 1664 966 1726 S.
987 1665 1025 1725 D.
1048 1662 1254 1726 TREBATIO.

410 1783 437 1845 1.
472 1777 598 1844 Adeone
627 1797 677 1842 me
705 1776 854 1841 iniustum
881 1794 950 1838 esse
984 1772 1182 1848 existimasti,
1219 1783 1254 1839 nt
1274 1771 1331 1838 tibi
1352 1774 1521 1854 irascerer,
1551 1779 1638 1865 quod

323 1895 434 1960 parum
456 1873 531 1939 mihi
552 1882 696 1939 constans
718 1878 749 1935 et
771 1869 902 1935 nimium
925 1867 1056 1954 cupidus
1080 1865 1250 1932 decedendi
1269 1867 1414 1933 viderere
1437 1871 1479 1935 ob
1505 1893 1637 1960 eamque

289 1979 446 2034 tlcausam
475 1989 525 2032 me
546 1966 738 2032 arbitrarere
761 1964 879 2029 litteras
905 1961 945 2027 ad
966 1971 996 2026 te
1018 1960 1136 2026 iamdiu
1157 1982 1220 2026 non
1242 1961 1385 2027 misisse?
1421 1964 1494 2030 Mihi
1511 1976 1638 2051 pertur-

322 2061 407 2128 batio
435 2061 531 2126 animi
558 2061 618 2140 tui,
655 2081 749 2147 quam
777 2057 887 2143 primis
914 2054 1024 2122 litteris
1050 2053 1291 2140 perspiciebam‚
1328 2056 1502 2123 molestiam
1524 2059 1636 2126 attulit.

320 2161 428 2243 Neque
460 2157 520 2222 alia
548 2155 610 2220 ulla
638 2154 698 2220 luit
725 2173 817 2216 causa
843 2149 1082 2217 intermissionis
1108 2149 1325 2234 epistolarum,
1362 2150 1422 2214 nisi
1444 2151 1544 2236 quod,
1580 2153 1637 2220 ubi

321 2269 420 2322 esses,
449 2249 540 2335 plane
562 2246 748 2312 nesciebam.
805 2245 864 2310 Hic
882 2252 916 2308 tu
936 2263 989 2308 mc
1012 2243 1106 2307 etiam
1127 2241 1287 2307 insimulas
1313 2263 1370 2307 nec
1395 2244 1636 2312 satisfactionem

321 2363 422 2406 meam
444 2341 568 2428 accipis.
621 2339 718 2416 hodi,
754 2344 844 2404 Testa
869 2335 928 2400 mi:
962 2344 1067 2399 utrum
1091 2334 1310 2421 superbiorem
1334 2347 1365 2402 te
1390 2339 1520 2424 pecunia
1546 2339 1635 2416 lacit,

284 2446 360 2498 ²⁰an
382 2434 466 2520 quod
486 2446 516 2498 te
535 2434 708 2518 imperator
736 2431 894 2498 consulit?
926 2428 1060 2503 Moriar,
1093 2427 1141 2503 ni,
1177 2449 1257 2514 quae
1277 2439 1330 2496 tua
1349 2431 1527 2517 gloriaest,
1556 2443 1635 2519 puto

322 2537 351 2594 te
373 2529 464 2593 malle
486 2549 505 2592 a
527 2531 658 2594 Caesare
679 2527 799 2592 consuli
819 2545 913 2613 quam
932 2522 1080 2587 inaurari.
1124 2522 1157 2587 Si
1176 2544 1253 2589 vero
1276 2534 1444 2612 utrumque
1466 2535 1526 2598 est,
1563 2527 1635 2613 quis

321 2633 350 2688 te
372 2621 452 2686 seret
478 2631 604 2707 praeter
630 2641 697 2694 me,
734 2620 787 2707 qui
812 2618 918 2684 omnia
948 2614 1032 2680 lerre
1058 2622 1209 2702 possuml
1262 2622 1293 2684 2.
1321 2619 1398 2691 Sed,
1436 2629 1472 2685 ut
1493 2620 1533 2685 ad
1565 2641 1634 2686 rem

220 2709 223 2716 ’
319 2714 466 2789 redeam,
488 2723 519 2779 te
544 2713 613 2779 istic
630 2714 760 2779 invitum
780 2735 843 2778 non
871 2731 940 2776 esse
963 2709 1164 2776 vehementer
1183 2711 1321 2795 gaudeo,
1345 2721 1392 2786 et,
1414 2721 1449 2777 ut
1471 2712 1635 2778 illuderet

320 2811 503 2886 molestum,
530 2809 574 2874 sic
601 2808 660 2874 hoc
679 2818 727 2874 est
750 2805 932 2873 iucundum.
989 2810 1121 2869 Tantum
1143 2817 1264 2882 metuo,
1294 2828 1334 2871 ne
1358 2806 1522 2874 artilicium
1546 2816 1635 2873 tuum

283 2913 310 2952 *ι
323 2901 380 2968 tibi
399 2922 511 2988 parum
532 2901 642 2989 prosit.
684 2905 774 2975 Nam,
796 2909 832 2965 ut
848 2898 955 2972 audio,
976 2898 1047 2964 istic

445 3027 513 3090 Noa
532 3045 572 3088 ex
592 3027 659 3087 iure
678 3043 803 3087 monum
822 3031 1005 3095 commum,
1027 3025 1077 3086 sed
1096 3043 1182 3105 mage
1200 3025 1284 3105 [erro

442 3123 516 3182 Item
537 3129 679 3202 repetunt.

316 3245 356 3308 Et
376 3247 411 3304 tu
432 3240 514 3305 soles
536 3239 659 3305 adsim
684 3237 860 3304 faciundam
875 3236 1038 3302 adhiberit
1059 3257 1161 3324 neque
1181 3244 1242 3310 est,
1265 3234 1349 3324 quod
1367 3236 1450 3302 illam
1472 3237 1634 3324 exceptio-

318 3357 390 3400 nem
418 3335 451 3400 in
479 3333 644 3399 interdicto
672 3334 892 3419 pertimescas:
931 3350 999 3406 ovo
1022 3351 1067 3396 nv
1089 3349 1192 3395 rnron
1214 3350 1250 3396 vr
1272 3349 1462 3397 nourrunvs
1483 3351 1632 3398 anuarrs

281 3438 386 3495 ⁸⁰rtorr
407 3448 569 3506 vsunnrs3
597 3428 662 3492 scio
691 3427 790 3502 enirn,
822 3435 852 3490 te
884 3445 947 3489 non
976 3445 1044 3490 esse
1072 3444 1236 3510 procacem
1263 3424 1296 3488 in
1317 3424 1506 3491 lacessendo.
1550 3426 1631 3501 Sed,

317 3531 353 3588 nt
381 3544 441 3609 ego
473 3543 599 3609 quoque
627 3530 657 3586 te
689 3519 805 3607 aliquid
838 3519 1021 3583 admoneam
1043 3517 1082 3582 de
1104 3518 1216 3583 vestris
1237 3519 1447 3586 cautionibus:
1484 3520 1632 3585 Treviros

318 3616 395 3682 vites
413 3637 540 3693 cense0;
574 3615 668 3681 audio
689 3615 836 3701 capitales
859 3633 944 3690 csse;
977 3613 1100 3677 mallem
1123 3633 1222 3688 auro,
1252 3633 1345 3688 aere,
1368 3624 1498 3699 argento
1518 3624 1631 3679 essent.

318 3709 380 3774 Sed
409 3709 485 3774 alias
514 3707 697 3775 iocabimur.
740 3715 786 3774 Tu
814 3708 854 3773 ad
881 3729 932 3772 me
959 3707 996 3772 de
1025 3708 1092 3773 istis
1113 3707 1210 3774 rebus
1231 3709 1376 3776 omnibus
1398 3707 1516 3776 scribas
1536 3707 1633 3774 velim

317 3824 412 3890 quam
434 3802 678 3888 diligentissime.
720 3807 758 3868 D.
781 3820 848 3866 1111.
868 3806 947 3866 Non.
969 3805 1058 3866 Mart.

281 3970 309 4012 ε
776 3944 857 4007 rra.
899 3941 948 4026 (a,
975 3945 1006 4007 o.
1029 3944 1060 4006 c.
1083 3941 1168 4028 ror.)

789 4056 931 4122 cronno
953 4056 1159 4121 rhenano.

403 4182 431 4244 1.
454 4176 643 4266 Chrysippus
663 4176 800 4251 Vettius,
823 4175 894 4264 Cyri
916 4175 1075 4240 architecti
1095 4174 1245 4251 libertus,
1267 4176 1358 4250 lecit,
1380 4187 1416 4245 ut
1436 4187 1467 4243 te
1487 4200 1551 4245 non
1572 4179 1630 4246 im·

316 4293 489 4338 memorem
510 4281 651 4358 putarem
672 4263 749 4348 mei;
772 4269 903 4335 salutem
925 4269 1007 4334 enirn
1028 4261 1218 4335 verbis'l'uis
1239 4271 1315 4336 mihi
1338 4273 1502 4340 nuntiarat.
1530 4275 1630 4341 Valde

209 4414 215 4462 .'
316 4369 378 4431 iam
399 4367 501 4432 lautus
523 4387 571 4440 es,
594 4365 648 4453 qui
669 4385 801 4450 gravere
821 4364 939 4430 litteras
961 4363 1000 4428 ad
1021 4385 1071 4429 me
1086 4363 1177 4440 dare,
1200 4364 1320 4430 homini
1333 4368 1517 4451 praesertim
1529 4388 1630 4454 prope

166 4520 174 4532 ,
203 4497 207 4506 -
279 4459 498 4526 odomestico.
550 4458 670 4536 Quodsi
699 4456 837 4523 scribere
866 4456 981 4522 oblitus
1010 4478 1061 4532 es,
1098 4458 1202 4523 minus
1231 4459 1319 4524 multi
1341 4464 1402 4524 iam
1424 4469 1455 4525 te
1477 4461 1629 4527 advocato

384 4633 412 4683 1.
430 4634 510 4697 sactes
527 4633 587 4683 eod.
608 4632 681 4695 Ltps.
714 4657 745 4668 -
781 4631 807 4680 3.
827 4631 898 4682 Fort.
920 4631 982 4694 Quis
1000 4633 1068 4682 mtm
1087 4629 1168 4695 (bene
1187 4631 1276 4696 aget),
1303 4635 1348 4697 qut
1369 4635 1433 4698 [cett
1451 4640 1503 4685 eet.
1524 4635 1575 4687 Οι.
1596 4659 1627 4671 -

315 4701 342 4754 ’1.
361 4703 564 4768 flatporrohl:
590 4715 674 4764 porro
691 4701 734 4768 fiat
753 4699 784 4750 E.
809 4727 837 4738 -
876 4703 899 4750 st
918 4701 1008 4752 subl:
1035 4702 1106 4752 rtE.
1127 4726 1158 4738 -
1194 4705 1221 4754 ll.
1241 4699 1287 4765 est]
1307 4709 1330 4754 et
1349 4704 1387 4754 Μ.
1406 4725 1440 4740 -
1476 4705 1519 4755 to.
1536 4707 1629 4769 prost-

315 4775 364 4821 ms's
383 4787 439 4830 mg.
459 4774 564 4838 llepett.
584 4771 679 4822 hamb.
700 4793 728 4806 -
765 4771 809 4820 25.
828 4777 858 4822 ot
876 4773 957 4821 audio
975 4771 1020 4822 M:
1040 4773 1178 4823 itooudto
1197 4773 1227 4822 li.
1249 4800 1278 4809 —
1309 4773 1352 4823 26.
1373 4789 1447 4839 mage
1465 4774 1626 4825 Lambinus:

315 4847 399 4908 mepta
416 4843 475 4893 ΜΕ.
492 4867 523 4878 -
542 4841 587 4892 28.
604 4843 675 4892 Fert.
694 4840 736 4891 Set
756 4845 785 4888 tu
802 4841 866 4890 soter
883 4866 895 4877 ·
911 4867 921 4878 ·
939 4843 1064 4892 adhiberi.
1085 4843 1135 4894 On.
1152 4869 1181 4879 -
1201 4845 1245 4894 29.
1265 4856 1316 4903 oro
1330 4843 1458 4894 Belerus:
1478 4857 1548 4904 oron
1566 4845 1626 4896 ltlll.

316 4911 371 4964 Cir.
393 4913 522 4963 lluschhii
541 4910 620 4962 Anal.
639 4913 690 4962 litt.
712 4926 738 4975 p.
759 4911 817 4961 152.
846 4934 877 4946 -
913 4911 956 4962 30.
977 4927 1028 4964 sor
1046 4913 1156 4963 seclusit
1174 4913 1203 4963 E.
1232 4940 1261 4950 -
1298 4913 1341 4963 ³1.
1360 4917 1452 4964 eastris
1469 4915 1512 4966 hl:
1531 4918 1629 4966 nostris

316 4982 347 5032 11.
384 4982 440 5036 Clr.
467 4996 527 5032 mox
553 4982 601 5045 Ep.
628 4982 677 5042 18,
697 4983 778 5100 tiz·-
814 4983 919 5032 treotras
936 4982 974 5034 hl.
996 5010 1025 5020 -
1047 4984 1092 5034 31.
1111 4991 1240 5049 argento,
1260 4996 1320 5034 aare
1338 4984 1375 5046 B,
1393 4985 1502 5036 Amhrr.
1522 4986 1549 5036 s.
1570 4985 1626 5047 ts„
