3668 5936
201 533 212 566 J

200 567 205 583 1

192 592 217 627 eq
273 601 278 610 ι

201 630 209 664 Ι

348 383 410 448 tet
828 383 888 446 ΕΡ.
909 385 961 446 dl)
983 383 1154 448 AT'l’lCUbl

349 538 581 610 inambulabam
602 537 705 614 domi,
737 547 772 605 ut
792 539 867 605 olim
892 539 1081 606 candidatus.
1125 545 1219 608 Grata
1240 539 1317 606 baec
1342 551 1374 607 et
1395 561 1507 626 magna
1529 541 1687 628 mihique

348 637 487 704 nondum
508 633 665 700 laboriosa
688 655 728 700 ex
749 635 802 700 illa
821 645 928 701 vetere
949 635 1069 701 militia.
1131 639 1161 702 6.
1189 637 1285 700 Nonis
1306 635 1377 702 Mai.
1398 637 1431 702 in
1453 637 1599 703 Ciliciam
1621 659 1687 704 co-

351 729 502 819 gitabam
537 728 582 794 ibi
610 749 681 794 eum
709 730 832 794 lunium
861 751 999 794 mensem
1027 733 1287 815 consumpsissem
1310 767 1351 778 -
1379 739 1471 816 atque
1494 732 1619 796 aunam
1646 731 1685 796 in

351 828 444 914 pacel
466 843 613 908 magnam
636 823 718 888 enim
740 822 856 889 bellum
878 824 1037 908 impendet
1058 844 1077 888 a
1098 823 1219 889 Parthis
1234 858 1285 896 -,
1309 824 1497 901 Quinetiam
1514 830 1548 890 ia
1563 826 1685 892 reditu

314 960 328 999 2
350 941 479 1008 ponere.
535 922 662 982 donuae
692 917 773 982 enim
796 917 872 983 mibi
895 938 1010 1003 operae
1032 939 1060 983 a.
1082 916 1113 984 d.
1143 937 1195 984 ιιι.
1216 916 1344 984 Kalend.
1367 922 1453 984 Sext.
1476 931 1683 986 emerentur.

350 1019 462 1100 Magna
483 1019 585 1076 autem
607 1011 640 1076 in
662 1032 718 1097 spe
740 1033 808 1077 suna
830 1011 905 1077 mibi
928 1011 1004 1078 nibil
1025 1012 1175 1099 temporis
1197 1021 1400 1097 prorogatum
1414 1013 1464 1077 iri.
1506 1013 1683 1080 Habebam

350 1117 418 1174 aeta
446 1104 566 1171 urbana
592 1125 692 1191 usquc
719 1105 758 1171 ad
787 1110 888 1171 Nonas
914 1105 1053 1178 Martias,
1088 1125 1106 1170 e
1134 1104 1250 1191 quibus
1279 1105 1490 1190 intelligebam
1519 1109 1683 1174 Curionis

351 1200 450 1268 nostri
473 1198 642 1265 constantia
665 1199 769 1264 omnia
790 1199 895 1284 potius
920 1210 1022 1266 aetum
1044 1199 1082 1264 iri
1105 1199 1258 1285 quamde
1285 1199 1465 1284 provinciis.
1506 1205 1614 1286 Ergo,
1637 1212 1682 1267 ut

351 1316 460 1383 spero,
482 1292 666 1381 propediem
686 1302 715 1357 te
731 1291 855 1358 videbo.
897 1297 927 1359 7.
950 1295 1049 1361 Venio
1063 1293 1103 1359 ad
1116 1300 1246 1358 Brutum
1269 1302 1372 1370 tuum,
1395 1295 1491 1360 immo
1507 1305 1678 1372 ιιοεῑιιιιιις

316 1391 396 1468 ,usic
417 1393 498 1455 enim
522 1391 630 1452 mavis.
673 1386 825 1472 Equidem
849 1393 952 1454 omnia
974 1387 1050 1461 leci,
1073 1409 1153 1474 quae
1174 1387 1262 1474 potui
1284 1397 1338 1453 aut
1359 1387 1392 1452 in
1413 1410 1482 1454 mea
1504 1389 1677 1474 provincia

351 1484 503 1572 perficere
525 1491 579 1547 aut
599 1481 631 1546 in
653 1501 752 1566 regno
774 1482 923 1567 experiri.
966 1481 1059 1548 Omni
1070 1481 1165 1566 igitur
1192 1479 1287 1546 modo
1309 1482 1358 1566 egi
1379 1503 1449 1548 eum
1465 1504 1540 1568 rege
1561 1494 1593 1548 et
1608 1503 1676 1569 ago

350 1576 503 1666 quotidie,
546 1595 605 1661 per
632 1575 751 1640 litteras
777 1575 904 1641 seilicet.
946 1579 1052 1662 Ipsum
1074 1579 1157 1640 enim
1178 1573 1317 1640 triduum
1338 1575 1579 1661 quatriduumve
1602 1597 1677 1642 me-

350 1693 421 1738 enm
452 1669 547 1736 babai
568 1667 754 1735 turbulentis
776 1669 808 1734 in
830 1668 941 1744 rebus,
971 1667 1085 1754 quibus
1103 1689 1175 1734 cum
1187 1666 1330 1734 liberavi.
1373 1669 1434 1734 Sed
1449 1680 1481 1734 et
1494 1679 1561 1736 tum
1575 1691 1675 1756 prae·

351 1785 422 1832 sens
445 1776 476 1832 et
496 1772 606 1852 postea
627 1762 829 1830 creberrimis
851 1783 915 1828 non
937 1762 1041 1829 destiti
1062 1783 1176 1848 rogare
1199 1771 1230 1828 et
1251 1773 1359 1848 petere
1380 1785 1449 1828 mea
1465 1785 1574 1839 causa,
1595 1784 1674 1828 sua-

315 1858 428 1938 „dere
450 1868 481 1924 et
503 1857 623 1922 bortari
645 1879 711 1924 sua.
764 1857 894 1922 llultum
917 1855 1054 1942 profeci,
1095 1856 1149 1922 sed
1171 1866 1341 1944 quantum,
1370 1878 1433 1923 non
1454 1858 1561 1944 plane,
1595 1857 1674 1944 quia

352 1955 444 2038 longe
466 1949 593 2026 absum,
615 1951 690 2016 seio.
733 1950 917 2016 Salaminios
938 1960 1042 2016 autern
1063 1985 1104 1996 -
1127 1950 1184 2016 bos
1206 1951 1288 2016 enim
1305 1958 1448 2037 poteram
1464 1961 1613 2018 coercere
1629 1987 1672 1998 —

352 2046 486 2121 adduxi,
522 2056 556 2112 ut
578 2054 677 2110 totum
698 2066 813 2111 nomen
835 2043 958 2130 Scaptio
985 2045 1100 2110 vellent
1120 2045 1260 2122 solvere;
1292 2044 1347 2110 sed
1369 2045 1545 2110 centesimis
1566 2044 1672 2111 ductis

352 2141 536 2227 aproxima
567 2138 694 2225 quidem
726 2139 918 2227 syngrapha,
954 2161 1012 2205 nce
1039 2141 1199 2226 perpetuis
1227 2138 1282 2204 scd
1309 2140 1469 2206 renovatis
1490 2140 1671 2226 quotannis.

352 2233 601 2301 Numerebantur
630 2233 766 2310 nummi;
799 2234 899 2299 noluit
920 2234 1071 2319 Scaptius.
1128 2239 1214 2306 Tun.
1252 2233 1306 2320 qui
1333 2239 1378 2299 ais
1399 2239 1529 2300 Brutum
1551 2253 1672 2318 cupere

314 2361 343 2405 ιο
353 2329 472 2416 aliquid
492 2325 648 2414 perderet
685 2329 860 2404 Quaternas
889 2324 1023 2393 babebat
1051 2327 1083 2392 in
1109 2327 1296 2414 syngrapha.
1337 2327 1421 2393 Fieri
1442 2348 1505 2393 non
1527 2337 1670 2412 poterat;

354 2443 433 2497 nee,
461 2421 487 2486 si
515 2429 636 2507 posset,
669 2419 818 2506 agapeti
848 2439 983 2504 possem.
1040 2419 1141 2487 Audio
1163 2420 1292 2486 omnino
1315 2421 1471 2505 Scaptium
1495 2424 1672 2506 poenitere.

352 2520 430 2582 Nam
451 2512 536 2601 quod
558 2523 682 2579 senatus
704 2512 879 2579 consultam
903 2533 971 2578 esse
994 2513 1135 2589 dicebat,
1165 2525 1198 2581 ut
1219 2516 1267 2580 ius
1289 2536 1330 2581 ex
1351 2515 1527 2604 syngrapha
1549 2514 1674 2580 dicere-

352 2617 419 2681 tur,
442 2627 481 2672 eo
503 2607 633 2674 consilio
654 2607 768 2672 sactum
791 2616 853 2682 est,
880 2606 965 2692 quod
985 2609 1148 2694 pecuniam
1178 2608 1337 2674 Salaminii
1357 2619 1465 2674 eontra
1485 2607 1587 2696 legem
1610 2613 1673 2675 Ga·

353 2699 469 2766 binium
491 2711 697 2787 sumpserant.
746 2699 877 2767 Vetabat
902 2711 1006 2766 autem
1027 2701 1098 2767 Auli
1120 2701 1173 2767 lex
1193 2702 1243 2768 ius
1265 2701 1326 2766 diei
1348 2700 1386 2767 de
1408 2708 1450 2768 ita
1471 2711 1592 2790 sumpta
1614 2723 1673 2788 pe·

317 2795 454 2874 „cunia
503 2796 650 2862 Decrevit
670 2795 765 2881 igitur
786 2804 929 2870 senatus,
964 2805 999 2861 ut
1020 2795 1068 2861 ius
1090 2795 1248 2862 diceretur
1268 2795 1326 2862 istu
1347 2797 1531 2884 syngrapha.
1581 2802 1673 2862 Nunc

355 2889 412 2956 ista
448 2889 540 2956 babet
570 2891 648 2958 iuris
677 2891 775 2963 idem.
812 2888 898 2976 quod
928 2900 1067 2964 ceterae,
1097 2889 1173 2955 nibil
1195 2889 1365 2976 praecipui.
1419 2893 1449 2954 8.
1471 2895 1596 2956 Haece
1618 2912 1671 2956 me

354 2983 464 3049 ordine
486 2983 565 3049 laeta
586 2996 662 3071 puto
684 3005 734 3050 me
756 2991 854 3050 Bruto
879 2983 1102 3070 probatarum
1129 2983 1200 3056 tibi,
1223 2983 1342 3062 neseio;
1365 2984 1473 3050 Catoni
1495 2995 1579 3050 certe
1592 3005 1669 3070 pro·

222 3155 228 3167 .
354 3077 446 3148 babo.
500 3079 562 3144 Sed
582 3079 645 3144 iam
667 3079 706 3144 ad
729 3089 759 3143 te
780 3078 883 3164 ipsum
912 3087 1068 3144 revertor.
1115 3076 1174 3143 Aia
1196 3077 1338 3151 tandem,
1370 3077 1492 3154 Attice,
1524 3077 1669 3156 larudator

354 3173 539 3259 integritatis
561 3181 592 3238 et
612 3172 783 3258 elegantiae
805 3182 944 3238 nostrae:

319 3333 346 3375 aa
521 3305 621 3369 Aaou
642 3325 671 3367 as
692 3305 747 3367 boe
767 3323 806 3367 aa
827 3324 878 3367 ore
899 3293 1011 3368 tuo‘-
1034 3339 1074 3351 -

357 3471 397 3483 -
418 3434 520 3521 inquit
540 3433 658 3507 Ennius
685 3470 726 3482 -
754 3441 790 3499 ut
812 3434 932 3521 equites
962 3433 1087 3520 Scaptio
1109 3432 1147 3498 ad
1168 3433 1331 3519 pecuniam
1354 3433 1525 3518 cogendam
1547 3431 1667 3506 darem,

357 3548 406 3592 mc
435 3532 571 3613 rogaret
602 3549 640 3592 aa
669 3537 702 3592 tu
731 3526 757 3592 si
785 3548 906 3593 meeum
936 3548 1036 3603 esses,
1069 3527 1124 3613 qui
1145 3527 1256 3592 scribis
1279 3528 1418 3592 morderi
1440 3538 1470 3592 te
1492 3527 1668 3600 interdum,

358 3621 443 3708 quod
465 3643 528 3688 non
550 3620 642 3686 simul
664 3621 723 3696 sis,
760 3630 904 3706 peterere
925 3643 976 3686 me
998 3620 1030 3685 id
1053 3620 1176 3696 faeere,
1209 3621 1394 3686 sitellam?
1427 3626 1494 3687 Nou
1516 3620 1667 3708 emplius,

358 3715 478 3801 inquis,
500 3719 733 3800 quinquaginta.
777 3718 853 3782 Cum
875 3719 1023 3801 Spartaco
1045 3714 1148 3780 minus
1170 3715 1259 3780 multi
1280 3716 1383 3801 primo
1405 3714 1540 3780 suerunt
1586 3713 1668 3792 Quid

322 3825 348 3870 aa
358 3806 482 3873 tandem
503 3807 555 3872 isti
576 3807 649 3873 mali
670 3808 703 3873 in
717 3817 779 3874 tam
793 3818 899 3874 tenera
914 3809 1015 3874 insula
1029 3829 1092 3874 non
1107 3807 1277 3874 fecissent?
1304 3813 1373 3874 Non
1385 3808 1530 3874 fecissent
1544 3813 1668 3874 autem?

428 4029 453 4079 1.
473 4027 660 4078 inambulando
676 4026 714 4077 11.
741 4047 774 4064 -
809 4027 837 4075 2.
855 4027 971 4076 nundum
988 4027 1026 4078 11.
1052 4049 1084 4060 -
1119 4028 1145 4078 5.
1162 4024 1269 4091 passere]
1285 4029 1400 4092 ponam
1418 4043 1457 4092 pr.
1477 4029 1514 4080 11.
1542 4053 1576 4066 -
1610 4029 1669 4078 'La

359 4094 673 4164 quibus10uquttuslt,
706 4097 832 4161 equitibus
850 4097 873 4145 1.
900 4121 929 4132 -
966 4097 993 4148 8.
1012 4098 1069 4162 llqo
1087 4097 1099 4146 1
1117 4103 1143 4148 et
1160 4111 1230 4148 corr.
1249 4097 1287 4148 11.
1315 4121 1347 4134 ·-
1383 4101 1426 4150 1⁰.
1443 4101 1520 4163 potua·
1538 4099 1669 4148 autunto

361 4169 413 4220 111.
431 4191 460 4206 -
479 4169 522 4219 11.
537 4176 584 4219 aut
596 4174 659 4218 ante
670 4169 699 4217 iu
718 4181 798 4231 reque
816 4180 870 4218 οιιι.
886 4166 908 4216 l.
930 4193 959 4204 -
988 4169 1105 4230 cuperus
1122 4171 1220 4218 amula.
1239 4169 1326 4233 lqitur
1338 4182 1378 4231 pr.
1393 4169 1429 4230 11,
1449 4170 1667 4232 ecpuiaiomuia.

363 4239 439 4290 Omat
450 4239 533 4303 tpttur
546 4239 567 4288 1.
588 4237 632 4308 (tlt
644 4251 703 4296 nos,
714 4251 784 4288 corr.
795 4237 846 4290 11.)
858 4263 887 4274 -
907 4237 951 4287 12.
962 4239 1030 4287 euim
1038 4239 1206 4301 quatriduum
1215 4253 1261 4288 uec
1271 4252 1368 4288 mamm
1379 4239 1417 4300 11,
1427 4241 1495 4289 euim
1503 4240 1670 4303 quatriduum

363 4323 460 4360 utacum
479 4309 523 4358 ltl.
560 4308 751 4365 tllmeudatum
772 4309 799 4358 la
819 4307 970 4358 Victoriana
990 4305 1043 4371 pr.)
1064 4333 1095 4344 -
1131 4308 1176 4358 13.
1195 4305 1260 4371 tum]
1279 4323 1336 4358 eum
1355 4309 1385 4360 lt.
1404 4335 1436 4346 -
1461 4308 1502 4358 rt.
1522 4309 1670 4358 “mersium

365 4380 395 4436 1,
422 4379 581 4429 araaammu
607 4379 702 4430 tauma
724 4391 739 4428 e
770 4377 836 4428 Cod.
864 4377 961 4428 ruerat
988 4377 1144 4428 Lambinus.
1171 4403 1200 4415 -
1243 4374 1311 4441 meu]
1341 4379 1371 4428 iu
1388 4392 1419 4428 aa
1436 4379 1459 4430 11
1475 4384 1503 4428 et
1521 4392 1561 4441 pr.
1582 4379 1618 4428 bl·
1638 4399 1669 4414 -

322 4496 332 4520 ,
364 4449 407 4501 to.
425 4451 505 4500 seiam
521 4449 582 4500 ata.
603 4471 632 4485 -·
668 4449 810 4498 mtamtnoa
826 4449 864 4500 u.
886 4471 915 4485 -
953 4447 1329 4510 neumasensium·
1366 4449 1408 4498 ts.
1431 4449 1560 4500 Tublltl.
1596 4446 1670 4507 (Car-

363 4525 465 4572 rectum
484 4532 515 4569 er
534 4518 581 4579 x.)
599 4542 626 4554 -
663 4519 708 4568 23.
736 4519 823 4582 quoad
838 4531 921 4581 pecua
938 4517 961 4567 l.
981 4539 1014 4554 ···
1051 4517 1095 4568 21.
1119 4519 1228 4569 Vetudat
1245 4525 1332 4569 autem
1350 4518 1456 4568 tumus
1473 4519 1524 4568 dict
1541 4519 1606 4578 1111,
1626 4518 1670 4568 Vc·

363 4591 438 4641 tabat
463 4589 568 4640 aliamue
592 4589 644 4638 diei
667 4588 690 4637 1.
712 4609 742 4622 -
779 4589 822 4638 25.
842 4589 893 4638 dic.
913 4599 947 4638 eo
968 4589 1022 4638 istu
1039 4589 1191 4652 spuprapbo
1213 4588 1376 4649 Lambinus,
1400 4589 1450 4638 die.
1471 4603 1503 4638 ee
1519 4588 1670 4652 auaqraplu

363 4661 490 4712 Muretus.
517 4683 548 4697 -
585 4658 629 4710 aa.
662 4653 742 4720 llaec]
772 4659 820 4708 bac
846 4657 883 4710 u.
913 4681 942 4695 -
980 4658 1026 4710 28.
1052 4655 1113 4721 Aia]
1132 4659 1191 4708 lam
1209 4658 1230 4707 1.
1250 4683 1282 4696 --
1318 4659 1362 4710 23.
1390 4659 1533 4723 alaqautica
1549 4664 1668 4708 unstrot:

361 4733 444 4782 Ausus
462 4730 474 4779 1
492 4735 518 4779 et
536 4741 607 4779 cerr.
634 4728 678 4779 ll:
709 4727 852 4792 elaquuttaa
879 4733 994 4778 uestrae.
1045 4729 1107 4778 Unus
1134 4743 1175 4792 pr.
1200 4728 1246 4788 ll,
1273 4727 1433 4794 amanum.-
1463 4729 1546 4778 Auaua
1563 4727 1616 4777 uu.
1637 4747 1670 4762 -

361 4801 405 4850 32.
425 4805 550 4864 raperent
569 4800 610 4850 tut
625 4811 723 4848 mecam
742 4811 782 4860 pr.
801 4797 838 4848 11.
863 4819 894 4834 -
930 4798 974 4848 33.
991 4805 1083 4861 patera
1102 4798 1123 4847 1.
1145 4822 1174 4836 -
1212 4798 1257 4848 35.
1275 4799 1362 4849 insutu
1379 4799 1566 4864 confecissent
1584 4803 1670 4846 autam

360 4872 440 4920 imma
458 4883 499 4932 pr·
517 4869 564 4930 11,
587 4869 675 4918 imula
692 4881 746 4918 uau
762 4869 888 4932 seducet.
923 4881 978 4917 uou
993 4869 1109 4932 fecissem
1127 4874 1214 4918 autem
1231 4869 1310 4918 immo
1328 4881 1397 4920 corr.
1417 4869 1462 4929 11,
1480 4867 1578 4918 iusum·
1613 4867 1670 4918 Nau

361 4941 477 5004 factuam
503 4939 612 4991 autem?
641 4938 724 4988 latmo
749 4937 789 4998 a,
819 4935 907 4986 lauda
928 4951 982 4987 uau
1008 4939 1145 5001 [seusam
1180 4939 1264 4990 laumu
1286 4939 1309 4989 1.
1345 4937 1400 4990 Cir.
1429 4937 1509 4990 Hand
1535 4937 1616 4989 Tura.
1646 4935 1668 4987 1.
