3662 5892
329 399 392 466 tto
818 401 878 463 ΕΡ.
913 402 966 462 ΑΙ)
988 399 1161 463 ltt'rlctttt

497 560 610 635 ἄλλοις
631 569 666 624 ἐν
687 565 816 634 ἐσθλοῖς
839 559 924 623 τόνδ’
946 559 1159 623 ἀπωθοῦνται
1181 557 1297 639 ψόγον.

329 680 408 755 Sed,
431 682 514 746 situ
535 679 646 745 melius
668 679 828 766 quidpiam
851 699 978 764 speras,
1006 677 1091 766 quod
1114 687 1145 742 et
1166 678 1255 765 plura
1277 675 1367 742 audis
1389 687 1420 743 et
1441 677 1560 740 interes
1579 695 1664 740 eon-

329 777 422 850 siliis,
455 773 573 840 scribas
601 772 640 838 ed
668 795 719 837 me
749 771 842 836 velim
871 771 1026 858 simulque
1054 773 1187 857 cogites,
1219 770 1294 858 qnid
1316 769 1469 855 agendum
1493 767 1585 834 nobis
1617 767 1660 832 sit

328 889 424 953 super
451 868 605 952 legatione
635 867 749 932 vou‘va.
792 865 944 951 Equidem
973 867 1005 932 in
1032 866 1081 931 bis
1106 866 1183 931 loeis
1209 885 1342 930 moneor
1362 886 1382 928 a
1403 863 1524 937 multis,
1558 883 1599 926 ne
1622 861 1657 926 in

306 971 437 1027 asenntu
459 961 615 1026 Kalendis.
658 961 811 1026 Dicuntur
832 965 915 1024 enim
938 960 1059 1026 occulte
1081 960 1195 1025 milites
1216 959 1342 1024 adeam
1363 958 1446 1022 diem
1469 957 1654 1042 comparati,

217 1142 220 1147 Ι
329 1055 506 1142 etquidem
527 1055 560 1120 in
581 1056 673 1132 istos;
695 1055 749 1142 qni
772 1053 848 1120 mibi
873 1054 1018 1120 videntur
1039 1053 1143 1120 ubivis
1161 1053 1256 1120 tutius
1278 1073 1371 1138 quam
1394 1051 1548 1118 insonatn
1570 1049 1653 1116 lore.

870 1333 1113 1342 *ῆι-...-

814 1900 1183 1985 namucum

803 2051 945 2118 CICERO
972 2051 1116 2117 ATTICO
1146 2054 1177 2116 S.

331 2192 358 2250 1.
404 2165 581 2252 (dsuetum
603 2182 683 2247 male
711 2182 750 2247 de
771 2181 944 2247 Alexionel
980 2180 1164 2246 Incredibile
1193 2191 1255 2258 est,
1289 2193 1402 2268 quanta
1431 2207 1480 2250 me
1510 2188 1647 2254 molestia

294 2279 480 2356 toallecerit;
515 2298 573 2341 nec
600 2277 780 2342 mehercule
803 2297 842 2340 ex
872 2296 909 2339 ea
936 2284 1024 2360 parte
1045 2275 1201 2348 maxime,
1234 2275 1319 2361 quod
1342 2277 1483 2364 plerique
1506 2302 1644 2346 meeum:

327 2372 401 2446 „dd
423 2393 516 2457 quem
539 2371 636 2453 igitur
658 2380 688 2434 te
709 2369 864 2435 medicum
892 2368 1086 2434 consensu*
1129 2367 1213 2445 Quid
1242 2369 1319 2434 mibi
1339 2371 1402 2436 iam
1424 2372 1566 2439 medico?
1595 2384 1647 2440 aut

326 2466 353 2532 si
375 2485 454 2550 opus
477 2473 538 2538 est,
572 2472 655 2527 tanta
676 2463 781 2547 inopia
803 2467 871 2527 est?
904 2469 1052 2526 Amorem
1079 2480 1154 2545 erga
1176 2482 1243 2535 me,
1274 2461 1493 2530 humanitatem
1515 2469 1646 2533 suavita-

212 2636 216 2645 ,
325 2569 452 2644 temque
473 2555 629 2622 desidero.
671 2557 771 2621 Etiam
794 2554 888 2621 illud:
926 2552 1001 2640 quid
1023 2562 1083 2628 est,
1107 2554 1192 2640 quod
1214 2577 1276 2621 non
1299 2559 1581 2642 pertimescendum
1598 2562 1644 2636 sit,

208 2707 213 2717 .
241 2719 243 2726 ,
325 2673 397 2718 cum
418 2651 577 2717 hominem
601 2659 842 2736 temperantem,
876 2667 1032 2714 summum
1061 2646 1217 2714 medicum
1244 2660 1346 2716 tantus
1368 2652 1543 2737 improviso
1565 2676 1647 2721 mor·

189 2750 198 2760 '
291 2747 384 2812 labus
407 2744 621 2831 oppresserit?
651 2744 712 2811 Sed
739 2744 779 2810 ad
808 2741 1010 2808 haecomnia
1032 2762 1095 2806 una
1118 2744 1289 2810 consolatio
1312 2755 1374 2820 est,
1408 2746 1495 2834 quod
1516 2769 1554 2813 ea
1574 2767 1647 2812 eon·

325 2841 448 2906 dicione
470 2840 534 2904 nati
555 2859 678 2914 snmus,
701 2847 736 2905 nt
757 2838 850 2911 nibil,
874 2835 959 2923 quod
981 2835 1100 2901 bomini
1121 2835 1265 2902 accidere
1286 2840 1402 2923 possit,
1425 2861 1574 2906 recusare
1594 2839 1646 2906 de·

323 2934 462 3002 beamus.
505 2936 535 2997 1.
557 2936 604 2996 lle
625 2931 760 2998 Antonio
781 2931 844 2996 iam
865 2938 955 2995 antea
978 2927 1036 2995 tibi
1059 2930 1170 3016 scripsi
1191 2951 1253 2996 non
1276 2954 1345 2998 esse
1367 2954 1440 2999 eum
1462 2955 1480 2998 a
1503 2955 1554 2998 me
1575 2954 1648 3000 eon·

323 3037 461 3096 ventum.
512 3027 604 3094 Venit
633 3025 716 3090 enim
748 3025 918 3100 Misenum,
955 3044 1027 3089 eum
1056 3044 1115 3108 ego
1145 3045 1246 3090 essem
1274 3026 1306 3090 in
1335 3029 1543 3114 Pompeian0;
1576 3026 1647 3093 inde

322 3133 392 3188 ante
421 3119 580 3206 protectus
611 3128 672 3193 est,
710 3139 804 3205 quam
833 3139 891 3203 ego
921 3140 994 3184 enm
1022 3123 1145 3186 venisse
1175 3123 1320 3204 cognovi.
1364 3122 1426 3187 Sed
1455 3143 1547 3197 casu,
1577 3143 1647 3186 cum

286 3215 460 3302 relegerem
491 3223 559 3278 tuas
588 3214 721 3285 litteras,
758 3212 878 3278 Hirtius
907 3223 974 3278 erat
1001 3213 1084 3298 opud
1106 3235 1156 3278 me
1178 3215 1211 3278 in
1233 3217 1419 3293 Puteolano;
1454 3217 1483 3280 ei
1505 3215 1584 3299 legi,
1616 3225 1648 3280 et

322 3310 384 3396 egi.
427 3310 568 3374 Primum
590 3306 676 3393 quod
698 3311 821 3380 attinet,
849 3305 926 3370 nihil
947 3306 1024 3371 mibi
1046 3307 1253 3385 concedebat;
1276 3309 1389 3375 deinde
1412 3309 1451 3374 ad
1473 3331 1645 3382 summam,

322 3403 476 3470 arbitrum
504 3423 554 3466 me
580 3399 734 3466 statuebat
761 3421 824 3465 non
851 3399 948 3466 modo
978 3401 1071 3465 huius
1099 3402 1146 3465 rei
1176 3401 1232 3466 sed
1263 3408 1357 3468 totius
1386 3404 1565 3472 consulatus
1586 3403 1644 3468 sui.

322 3501 399 3564 Cum
421 3495 556 3562 Antonio
578 3506 681 3560 autem
711 3494 756 3558 sio
787 3514 931 3578 agemus,
965 3503 999 3560 ut
1020 3495 1204 3580 perspiciat,
1239 3496 1265 3560 si
1287 3498 1320 3562 in
1341 3518 1381 3562 eo
1408 3499 1535 3582 negotio
1556 3496 1646 3562 nobis

321 3590 529 3664 satisfecerit,
563 3597 662 3654 totum
694 3609 743 3652 me
773 3587 912 3654 futurum
940 3609 1041 3654 suum.
1094 3589 1289 3656 Dolabellam
1323 3613 1418 3678 spero
1451 3592 1539 3657 domi
1568 3612 1645 3656 esse.

283 3703 310 3745 aa
323 3689 350 3748 3.
375 3685 549 3750 Redeamus
571 3682 772 3748 adnostros:
800 3681 840 3746 de
862 3681 976 3768 quibus
997 3692 1033 3749 tu
1053 3683 1169 3749 bonam
1191 3705 1278 3770 spem
1301 3695 1332 3750 te
1353 3685 1508 3770 significas
1530 3684 1645 3752 babere

321 3788 452 3865 propter
473 3777 648 3843 edictorum
671 3775 905 3841 humanitatem.
947 3780 1015 3860 Ego
1037 3787 1141 3842 autem
1163 3778 1329 3863 perspexi.
1352 3801 1424 3845 eum
1446 3801 1463 3844 a
1486 3801 1536 3844 me
1558 3798 1645 3846 xvtt.

321 3871 388 3940 Kal.
422 3871 461 3936 de
488 3872 659 3938 Puteolano
688 3869 850 3955 Neapolim
882 3874 998 3934 Pansae
1033 3870 1239 3936 conveniendi
1270 3893 1363 3938 causa
1396 3873 1646 3959 proficisceretur

321 3967 457 4040 Hirtius,
489 3987 614 4032 omnem
644 3966 712 4031 eius
739 3983 875 4028 sensum.
926 3962 1045 4028 Seduxi
1066 3985 1139 4029 eum
1167 3964 1259 4030 etad
1281 3988 1389 4052 pacem
1412 3989 1481 4032 sum
1503 3967 1646 4033 coborte-

322 4073 382 4128 tus.
435 4067 503 4126 Non
534 4069 657 4147 poterat
685 4058 803 4126 seilicet
832 4077 948 4142 negare
978 4079 1011 4122 se
1039 4058 1118 4123 velle
1146 4080 1274 4144 pacem:
1312 4061 1367 4126 sed
1396 4082 1459 4127 non
1488 4060 1591 4126 minus
1612 4080 1646 4126 se

285 4166 502 4220 tonostrorum
526 4177 612 4219 arma
634 4155 747 4220 timere
770 4173 863 4238 quam
885 4151 1033 4228 Antonii:
1055 4164 1086 4218 et
1109 4165 1211 4218 tamen
1225 4167 1377 4242 utrosque
1394 4176 1457 4221 non
1472 4154 1539 4220 sine
1553 4175 1646 4220 causa

322 4247 515 4334 praesidium
549 4247 681 4325 babere;
715 4269 748 4312 se
775 4257 877 4312 autem
907 4255 1040 4333 utraque
1068 4268 1154 4312 arma
1183 4258 1333 4314 metuere.
1383 4248 1467 4326 Quid
1500 4248 1646 4335 qnaeris?

392 4469 418 4516 1.
438 4458 539 4530 ἅλλοῒς
557 4465 599 4527 ἐν]
618 4482 696 4518 οισιν
714 4467 745 4516 ll.
769 4489 796 4500 -
834 4465 862 4516 1.
882 4467 912 4513 iu
930 4470 955 4514 te
972 4479 1014 4516 res
1032 4465 1053 4514 1.
1078 4489 1105 4499 -
1143 4466 1171 4516 1.
1189 4467 1321 4532 lepnttoue
1339 4471 1425 4518 uottos
1443 4469 1549 4530 quidem
1566 4470 1597 4517 iu
1607 4467 1646 4528 11,

321 4539 453 4600 leputioue
479 4540 565 4586 uottue
594 4537 665 4598 quod
691 4538 721 4585 tn
748 4537 786 4596 tt,
816 4536 961 4600 lepntione.
1005 4535 1114 4585 Vntivoe
1140 4537 1246 4600 quidem
1274 4540 1305 4586 in
1334 4539 1356 4588 l.
1379 4563 1409 4574 —
1445 4551 1553 4588 moveor
1571 4539 1593 4587 l.
1615 4561 1645 4573 -

321 4609 347 4658 5.
367 4608 419 4656 cul.
441 4607 533 4657 abtim.
571 4607 705 4656 Dicuntur
724 4605 751 4666 l,
771 4621 794 4655 c.
815 4607 910 4655 adeun.
947 4605 1084 4654 Dicuntur
1103 4607 1215 4658 decens.
1236 4609 1323 4657 tertia·
1345 4633 1376 4644 -
1413 4611 1566 4672 eorupnrort'
1583 4608 1647 4658 Cor·

322 4679 517 4728 radnauctore
537 4677 695 4727 Schuetzius
715 4679 740 4726 in
761 4677 809 4726 111.
832 4677 896 4726 mai.
927 4697 958 4712 -
996 4678 1038 4725 11.
1058 4682 1156 4726 teom.
1176 4679 1197 4727 l.
1224 4703 1255 4713 -
1294 4679 1337 4728 13.
1357 4678 1478 4730 desidero
1496 4693 1551 4729 om.
1572 4678 1647 4728 1.-

322 4749 365 4796 17.
385 4762 403 4796 a
422 4763 477 4797 om.
499 4762 538 4811 pr.
557 4746 593 4797 tt.
617 4773 645 4784 -
684 4747 727 4796 18.
748 4747 809 4796 luds
828 4761 882 4798 om.
904 4747 925 4795 l.
948 4773 975 4783 -
1013 4749 1057 4797 10.
1078 4748 1191 4808 litteras]
1210 4748 1335 4810 epistolas
1353 4750 1383 4798 tt.
1404 4775 1437 4786 -
1473 4749 1648 4799 lbtteolnnunt

321 4819 353 4866 tt.
376 4843 406 4852 -
444 4819 488 4866 11.
509 4817 667 4867 σοπσοάοὸω
686 4832 725 4880 pr.
745 4819 782 4867 Μ.
816 4841 846 4852 -·
883 4830 1011 4868 surnmum
1030 4817 1081 4868 111.
1103 4844 1132 4854 -
1170 4819 1469 4869 auerterunt·
1507 4819 1648 4869 111110

323 4890 428 4951 »repotia
447 4891 470 4936 st
488 4889 510 4937 l.
531 4914 563 4922 -
600 4889 644 4938 15.
664 4888 695 4936 de
714 4887 808 4948 quibus
826 4886 924 4936 botrum
940 4902 1011 4948 spem
1029 4892 1083 4936 tute
1102 4889 1139 4949 tt,
1168 4889 1261 4950 quibus
1279 4891 1309 4936 iu
1327 4889 1424 4938 bouum
1440 4903 1510 4952 meru
1529 4895 1553 4940 ts
1572 4890 1594 4938 1.
1617 4913 1645 4926 -

323 4958 367 5006 18.
395 4958 488 5008 seduci
517 4971 575 5006 eum
603 4972 658 5018 mg.
690 4959 734 5008 ld:
766 4959 810 5008 sed
833 4959 882 5006 ote
908 4960 976 5004 enim
995 4958 1051 5016 ttt,
1079 4959 1124 5008 sed
1142 4961 1189 5008 oin
1210 4972 1268 5009 eum
1288 4960 1327 5018 tt,
1357 4961 1452 5010 sedunt
1471 4962 1539 5010 euim
1557 4959 1589 5008 1.
1615 4977 1648 4994 -·

323 5027 366 5076 tt.
386 5023 510 5088 metuere]
531 5030 621 5076 timere
638 5029 660 5076 l.
684 5051 711 5063 -
750 5029 879 5090 preceris?
899 5029 1038 5090 (spatium)
1059 5029 1108 5091 Qu.
1129 5029 1158 5079 t'.
1184 5030 1206 5079 l.
