3666 5874
1414 453 1587 516 ,xxm

258 603 397 674 videtur
425 602 524 672 etiam
551 601 780 690 biclariensis,
816 601 871 692 qui
898 603 1028 684 tamen,
1059 603 1225 688 tamquam
1246 601 1334 670 aiter
1354 599 1514 690 Proteus,
1551 601 1587 674 in

260 709 314 776 his
343 709 450 776 teneri
479 727 547 774 non
575 711 705 794 potest,
739 725 812 775 eum
841 707 901 774 vix
927 705 1069 793 septima
1097 705 1184 792 pr.
1208 693 1289 794 pa'rs
1310 707 1344 773 in
1366 725 1407 773 eo
1429 709 1587 794 supersit.

259 811 384 882 Restat
412 813 516 903 igitur
544 830 678 899 semper
705 811 860 902 effugium
888 809 1023 897 aliquod
1052 809 1212 878 latebram
1241 811 1331 894 elus,
1364 810 1453 897 quod
1479 814 1514 878 in
1544 831 1586 880 eo

259 919 420 1004 scriptum
453 933 528 983 esse
560 917 723 1004 potuerit,
754 915 965 1002 quaesituris
1005 913 1079 982 Nec
1110 931 1193 982 vero
1226 915 1275 980 lta
1301 913 1367 982 hoc
1396 913 1586 1005 quisquam,

261 1038 403 1109 quaeso,
423 1021 585 1108 accipiat,
612 1021 706 1108 quasi
728 1039 794 1110 ego
817 1018 930 1086 dedita
953 1035 1056 1106 opera
1076 1020 1136 1084 aut
1156 1019 1269 1086 nescio
1293 1036 1359 1105 qua
1379 1019 1503 1087 stolida
1524 1040 1588 1089 cu.

258 1120 402 1211 piditate
431 1124 552 1194 ductus
579 1124 773 1192 auctoritati
794 1119 854 1192 cd.
871 1122 1083 1190 idriertensis
1104 1125 1138 1188 in
1160 1123 1235 1189 aliis
1257 1122 1430 1191 Ciceronis
1450 1125 1588 1213 seriptis

258 1230 316 1296 vel
337 1229 499 1296 minimum
530 1227 707 1295 detrahere
736 1245 848 1296 coner.
891 1227 1174 1312 circumspectum
1206 1243 1289 1294 sane
1316 1230 1350 1294 et
1381 1229 1588 1298 verissimum

258 1331 413 1401 iudicium
435 1332 476 1400 de
495 1336 682 1401 ceterorum
697 1331 870 1417 librorum,
895 1350 979 1418 quos
994 1331 1243 1416 complectitor,
1264 1330 1372 1397 lorma
1386 1349 1427 1400 ac
1441 1333 1588 1402 lectione

259 1437 336 1502 tulit
362 1436 579 1504 Wunderea:
611 1435 700 1502 unde
728 1438 850 1503 scimus
879 1452 953 1502 eum
980 1436 1015 1501 ln
1042 1436 1118 1502 aliis
1147 1436 1301 1521 optimum
1332 1453 1424 1524 esse,
1456 1439 1491 1502 in
1512 1439 1589 1508 allia

256 1541 366 1606 minus
386 1545 630 1627 praestantem,
651 1539 687 1606 id
707 1537 796 1626 qnod
817 1539 1010 1606 necessario
1031 1559 1095 1605 usu
1115 1540 1234 1606 venire
1251 1539 1365 1606 debuit
1378 1541 1413 1605 in
1428 1540 1589 1608 eiusmodi

257 1642 454 1729 (iudicibus,
486 1663 624 1731 quorum
646 1643 766 1712 scribis
790 1640 824 1707 id
847 1643 1052 1728 propositum
1075 1645 1181 1730 esset,
1215 1647 1252 1708 ut
1274 1635 1430 1726 σῶμαῆ
1452 1645 1589 1734 aliquod

258 1747 431 1814 edicerent
455 1745 658 1814 'lballtuoom
681 1763 776 1834 quam
800 1748 939 1812 maxime
958 1747 1145 1832 perlectum
1159 1750 1261 1833 atque
1274 1746 1472 1816 absolutum.
1513 1749 1590 1817 Ar-

256 1850 409 1937 ripienda
430 1853 534 1942 igitur
554 1855 652 1918 erant
673 1849 892 1937 exemplaria,
915 1868 1001 1936 quae
1021 1849 1143 1938 ubique
1162 1851 1304 1936 reperiri
1326 1855 1499 1939 poterant,
1521 1855 1588 1936 ita,

257 1956 296 2020 ut
324 1972 365 2022 ea
392 1956 427 2020 in
457 1973 496 2022 re
524 1955 661 2022 fortuna
689 1955 882 2040 plerumque
915 1952 1158 2041 dominaretur3
1191 1951 1279 2021 unde
1311 1957 1456 2038 pessima
1482 1975 1587 2044 saepe

257 2059 452 2127 consociata
473 2061 553 2126 sunt
570 2061 605 2126 et
619 2057 840 2126 mediocribus
854 2061 889 2123 et
905 2058 1002 2124 bonis
1017 2057 1052 2123 et
1067 2058 1215 2145 optimis,
1237 2059 1328 2124 nullo
1344 2065 1438 2127 certo
1453 2059 1588 2129 delectu

256 2164 421 2230 instituto.
463 2159 562 2246 Quod
585 2160 714 2250 quidem
738 2159 936 2242 συναγωγῶν
967 2175 1094 2252 genus,
1127 2163 1191 2227 nisi
1221 2165 1330 2228 omnia
1362 2181 1414 2230 me
1446 2163 1587 2252 fallunt,

257 2271 409 2334 exortum
439 2273 492 2333 est
521 2267 633 2352 paullo
661 2269 741 2334 ante
768 2267 939 2333 inventam
962 2264 1240 2356 typographiam,
1273 2283 1347 2338 cum
1368 2269 1588 2356 antiquissimi

257 2373 378 2460 quique
407 2369 490 2437 cdd.
513 2371 647 2460 singola
676 2369 850 2436 dumtaxat
880 2371 1023 2459 scripta,
1058 2370 1115 2435 vel
1148 2368 1311 2436 simillima
1339 2388 1489 2460 quaeque
1521 2370 1587 2438 dno

254 2477 365 2542 triave
385 2476 627 2562 amplexentur.
669 2473 840 2542 Habemus
861 2479 970 2541 autem
992 2472 1178 2540 huiusmodi
1203 2477 1339 2559 praeter
1352 2473 1586 2543 Hriurtensem

256 2575 482 2646 (ixonlensem
503 2578 543 2655 ψ.
566 2575 600 2644 1.
621 2579 654 2656 β.
676 2579 753 2645 anni
779 2576 913 2664 1447.;
935 2575 1148 2663 eiusdemque
1169 2577 1332 2644 formulae
1354 2582 1452 2646 erant
1473 2579 1588 2647 illem-

254 2683 354 2748 miani
382 2681 429 2748 ilii
456 2682 626 2763 Lambini,
662 2679 704 2748 de
733 2682 851 2767 quibus
880 2681 942 2748 Vir
969 2699 1113 2747 summus
1134 2680 1219 2749 haec
1240 2682 1348 2748 refert
1368 2684 1404 2748 in
1425 2683 1585 2752 Lucretio

254 2804 331 2852 suo:
354 2785 521 2852 micenae
540 2783 665 2854 teto.
687 2781 811 2871 Proef.
833 2805 913 2873 pop.
938 2782 1024 2853 16..·
1054 2781 1158 2851 «mibi
1178 2821 1199 2838 -
1219 2821 1241 2839 ·
1261 2787 1492 2874 iampridem
1514 2793 1588 2856 tria

254 2893 493 2958 octtaatteetmo
522 2880 583 2972 (ut
604 2890 634 2955 is
654 2890 784 2957 scilieet
805 2888 975 2956 iudicabat
997 2905 1040 2955 ex
1069 2889 1159 2955 iliius
1187 2891 1311 2956 aetatis
1339 2882 1460 2972 more]¹
1482 2897 1587 2982 atque

254 2993 541 3061 emcadottsetmo
562 2997 747 3060 omnium
766 2986 819 3059 M.
841 2991 951 3060 lieilii
972 3011 1113 3078 opertum
1135 2992 1354 3081 camapiorto
1368 2993 1463 3060 uitro
1480 2993 1586 3061 dcto-

252 3097 339 3165 ltatt.
382 3096 485 3164 'lalcs
506 3114 589 3188 ergo
610 3095 693 3164 cdd.
714 3098 749 3162 in
771 3093 989 3164 Orationibus
1011 3098 1142 3186 egregii
1164 3113 1240 3163 esse
1263 3101 1407 3183 possunt
1430 3092 1586 3184 omnique

253 3199 354 3268 laede
375 3199 487 3291 digni,
516 3202 551 3266 in
573 3200 736 3288 Epistolis
759 3199 953 3286 interpolati
976 3202 1010 3265 et
1032 3200 1203 3267 erroribus
1222 3199 1357 3288 referti,
1379 3205 1418 3266 ut
1440 3205 1493 3268 est
1516 3200 1588 3267 Hr-

254 3305 425 3372 lurtensts.
468 3304 539 3392 iam
565 3305 868 3392 circumspiciamus
897 3304 1035 3370 similem
1062 3305 1204 3391 aliquam
1232 3305 1522 3388 interpolationem
1551 3307 1588 3374 in

253 3409 341 3496 ldpp.
362 3408 406 3475 ad
427 3407 633 3476 Familiares.
675 3407 747 3476 Nec
776 3426 859 3474 vero
890 3407 947 3473 diu
969 3411 1033 3474 erit
1055 3405 1258 3494 quaerenda,
1300 3407 1434 3474 Etenim
1456 3409 1587 3478 iliarsire

253 3512 410 3600 proiecto
440 3515 513 3579 eius
541 3515 591 3579 rel
619 3514 804 3599 exemplum
835 3513 974 3598 praebet
1002 3509 1080 3579 Lib.
1099 3509 1161 3578 Xl.
1192 3509 1264 3599 Ep.
1293 3509 1376 3596 13,
1406 3512 1481 3602 ubi,
1513 3531 1587 3581 eum

253 3617 295 3684 li.
313 3617 441 3683 Brutos
461 3617 670 3702 scripsisset:
693 3615 853 3683 Hirtium
865 3620 998 3705 perisse
1012 3615 1227 3682 nesciebam:
1252 3611 1403 3683 Caesari
1417 3635 1489 3684 non
1507 3635 1587 3686 cre-

253 3720 394 3810 debam,
416 3721 532 3788 neseio
556 3738 620 3807 quo
643 3718 863 3806 amplificandi
886 3719 1001 3786 lurore
1022 3721 1172 3786 instincti
1193 3720 1342 3806 Hittorp.
1359 3725 1393 3787 et
1411 3720 1533 3788 liresd.
1550 3717 1587 3790 3.

252 3827 301 3891 iia
322 3822 503 3890 dederunt:
536 3821 696 3892 Hirtium
717 3829 849 3912 perisse
870 3823 1086 3912 nesciebam,
1119 3823 1275 3910 Aquilam
1298 3825 1428 3910 perisse
1449 3826 1587 3892 nescie-

252 3929 345 4016 bam3
368 3923 518 3995 Ooeaort
538 3947 609 3995 non
631 3927 831 3995 credebam:
865 3927 964 4014 idque
987 3929 1050 3993 iam
1072 3925 1221 3996 eraevio
1243 3927 1421 4012 probatum
1441 3946 1587 4014 recepe-

251 4035 331 4099 runt
359 4030 523 4116 Weiske,
558 4030 779 4116 Benedictus,
812 4026 1014 4099 Schuetzloa
1039 4034 1075 4096 in
1101 4030 1166 4098 111.
1192 4033 1282 4122 mai,
1318 4029 1587 4098 Luenemannua.

252 4136 323 4203 lam
345 4136 376 4202 si
396 4131 546 4225 Aqoatiae
567 4137 766 4202 mentionem
788 4135 904 4203 iacere
920 4135 1087 4200 voluisset
1100 4135 1246 4222 Brutus,
1267 4134 1366 4202 aliter
1380 4153 1463 4202 sane
1478 4135 1585 4203 uerba

253 4239 503 4323 constituisset,
526 4255 589 4306 nec
610 4241 677 4304 tam
700 4241 818 4326 puerili
840 4242 876 4306 et
897 4237 1021 4328 frigida
1043 4241 1245 4325 repetitione
1267 4257 1349 4305 usus
1372 4242 1479 4306 esset:
1506 4237 1585 4326 sed,

252 4347 290 4409 ut
313 4344 449 4429 opinor,
469 4343 601 4410 Hirtius
621 4342 819 4410 sufficiebat.
861 4339 990 4410 Similia
1008 4345 1118 4428 antem
1134 4343 1329 4410 emblemata
1343 4359 1585 4428 saepenumero

252 4450 457 4532 attingemus
478 4447 514 4512 in
536 4447 754 4513 adnotatione
781 4447 898 4514 critica
919 4464 952 4511 v.
971 4463 1000 4512 c.
1018 4445 1048 4528 l,
1074 4441 1115 4528 7,
1139 4445 1174 4512 8.
1198 4446 1232 4532 I,
1255 4444 1294 4532 9,
1319 4445 1382 4513 11.
1402 4447 1438 4530 1,
1460 4437 1498 4510 9.
1521 4441 1585 4514 23.

253 4554 321 4618 cet..
360 4549 432 4617 Nec
455 4553 562 4616 minus
584 4551 814 4617 memorabiles
836 4549 994 4615 babemus
1011 4551 1043 4614 in
1060 4549 1198 4635 reliquis
1212 4549 1342 4618 duabus
1360 4561 1584 4638 συναγωγαῖς

252 4655 359 4720 veluti
381 4655 429 4720 od
453 4653 493 4739 Q.
512 4653 575 4721 iar.
601 4653 622 4721 1
633 4705 643 4744 ,
666 4653 705 4721 4.
728 4655 762 4720 in
790 4653 854 4718 iine
882 4671 926 4719 aa
955 4659 1105 4720 cessaria
1132 4656 1317 4740 scripserat
1342 4655 1470 4722 Cicero.
1512 4649 1585 4722 Sed

252 4759 350 4824 simili
378 4757 519 4825 audacia
549 4775 590 4826 ao
618 4762 736 4824 nostro
765 4759 799 4824 in
827 4758 903 4824 loco
925 4753 1010 4825 cdd.
1032 4754 1121 4822 baud
1142 4759 1257 4842 pauci:
1292 4775 1337 4823 me
1359 4762 1508 4826 cessarie
1529 4777 1585 4826 me

250 4998 544 5138 mztfflobc'eatm
559 4999 642 5058 Attia.
665 5003 700 5068 2,
719 5004 763 5064 1.‚
791 5015 887 5067 corpau
904 5001 937 5056 ad
955 5001 1028 5057 iam·
1045 5001 1082 5068 b,
1101 5001 1153 5066 ta,
1178 4999 1224 5066 1,
1253 5013 1349 5066 eorpus
1366 5003 1451 5056 onata
1468 5003 1584 5059 nomam

374 5093 399 5139 ιι.
444 5115 455 5150 a
509 5115 517 5137 .
