3662 5908
711 394 986 464 celsrotntrtnt
1006 402 1060 466 AD
1081 403 1172 468 ΕΔΜ.

739 561 811 624 111.
853 560 906 640 (A.
932 561 965 626 o.
987 561 1019 626 c.
1042 562 1132 642 roe.)

768 703 910 770 CICERO
931 703 1062 769 BRUTO
1085 707 1116 768 S.

366 843 396 906 1.
417 836 485 904 ntia
505 833 638 922 epistola
658 835 866 901 communiter
887 833 1104 900 commendavi
1132 832 1188 900 tibi
1208 833 1328 920 legatos
1348 837 1543 924 Arpinatium
1566 845 1602 904 ut

276 937 365 1021 potui
398 930 653 1016 diligentissime;
690 927 747 994 bac
778 929 944 1015 seperatim
972 931 1010 1006 Q.
1032 927 1202 1002 Fufidium,
1234 950 1371 1015 quocum
1392 931 1468 996 mibi
1490 953 1601 998 omnes

254 1024 523 1095 necessitudines
552 1031 639 1099 sunt,
670 1023 847 1109 diligentius
869 1021 1072 1098 commendo,
1101 1043 1165 1090 non
1185 1032 1221 1090 ut
1241 1025 1358 1112 aliquid
1380 1024 1420 1090 de
1442 1026 1494 1092 ille
1515 1019 1602 1094 com·

277 1121 476 1190 mandatione
496 1119 689 1193 deminuam,
721 1117 776 1183 sed
808 1125 843 1182 ut
870 1116 908 1184 ad
937 1116 1016 1183 banc
1042 1116 1165 1184 addam.
1219 1122 1294 1184 Nam
1317 1131 1349 1186 et
1369 1121 1531 1207 privignus
1553 1131 1600 1188 est

276 1223 317 1286 Μ.
340 1215 457 1290 Caesii,
480 1213 542 1279 mei
564 1212 700 1277 maxime
723 1210 936 1278 etfamiliaris
959 1222 989 1278 et
1011 1212 1197 1286 necessarii,
1220 1222 1251 1278 et
1272 1213 1331 1280 luit
1352 1215 1384 1280 in
1407 1215 1512 1282 Cilicis
1535 1237 1599 1280 me·

276 1331 348 1378 cum
370 1307 514 1374 tribunus
536 1307 687 1386 militum;
727 1326 792 1392 quo
813 1306 845 1370 in
867 1327 999 1372 munere
1020 1305 1062 1371 ita
1083 1327 1117 1372 se
1140 1307 1295 1382 tractavit,
1327 1316 1363 1374 ut
1384 1309 1539 1396 accepisse
1559 1307 1599 1374 ab

277 1425 317 1472 eo
338 1401 524 1469 beneficium
545 1400 686 1477 viderer,
708 1421 771 1466 non
793 1399 927 1466 dedisse.
984 1405 1014 1468 2.
1036 1405 1091 1466 Est
1112 1409 1273 1486 praeterea
1298 1437 1335 1450 —
1358 1403 1444 1489 quod
1465 1401 1547 1489 apud
1568 1411 1599 1468 te

242 1499 360 1564 novales
379 1497 551 1585 plurimum
572 1529 612 1542 -
646 1494 801 1561 anostris
823 1493 934 1560 studiis
955 1515 1019 1561 non
1040 1493 1225 1560 abhorrens.
1283 1497 1390 1573 Quare
1411 1496 1505 1562 velim
1527 1517 1599 1562 eum

277 1615 371 1680 quam
392 1589 608 1658 liberalissime
629 1589 837 1675 complectare
859 1609 1052 1674 operamque
1074 1587 1144 1663 des.
1172 1597 1208 1655 ut
1221 1588 1252 1654 iu
1268 1609 1305 1654 ea
1319 1589 1483 1676 legatione,
1506 1609 1600 1676 quam

276 1685 413 1772 suscepit
446 1691 555 1750 contra
585 1703 676 1748 snum
703 1681 920 1757 commodum,
957 1692 1082 1749 secutus
1115 1682 1330 1749 auctoritatem
1352 1705 1473 1757 mecm,
1507 1703 1600 1770 quam

277 1780 412 1848 maxime
442 1779 510 1844 eius
541 1777 674 1844 excellat
702 1775 864 1843 industria.
921 1777 995 1844 Vult
1027 1776 1128 1852 enim,
1164 1775 1196 1842 id
1224 1775 1309 1863 quod
1337 1777 1457 1863 optimo
1485 1777 1600 1862 cuique

277 1883 387 1941 natura
418 1871 568 1938 tributum
597 1880 659 1946 est,
697 1890 790 1957 quam
817 1870 985 1936 maximam
1015 1870 1138 1937 laudem
1169 1891 1240 1936 cum
1261 1892 1279 1936 a
1301 1869 1413 1946 nobis,
1451 1871 1599 1959 quicum

242 1968 477 2056 ¹*impulimum
511 1975 576 2033 tum
598 1986 616 2029 a
639 1962 810 2050 municipio
832 1964 1002 2051 consequi;
1035 1965 1121 2051 quod
1142 1965 1173 2030 ei
1194 1964 1370 2052 continget,
1392 1965 1420 2032 si
1453 1963 1511 2032 bac
1530 1984 1601 2032 mea

276 2059 546 2129 commendatione
569 2068 657 2124 tuum
680 2079 759 2146 erga
780 2079 814 2126 se
835 2059 972 2128 studium
993 2058 1054 2126 erit
1075 2067 1270 2126 consecutae.

740 2229 828 2293 sm.
871 2229 920 2310 (A.
946 2231 978 2293 u.
1002 2229 1033 2292 c.
1056 2226 1141 2312 ros.)

762 2369 905 2434 CICERO
927 2369 1058 2434 BRUTO
1080 2371 1112 2433 S.

361 2505 397 2568 L.
421 2497 601 2567 Castronius
622 2502 750 2574 Paetus,
778 2496 873 2582 longe
894 2497 1040 2584 princeps
1061 2497 1222 2586 municipii
1243 2499 1414 2574 Lucensis,
1437 2508 1485 2566 est
1504 2499 1601 2567 bone·

239 2604 358 2669 metue,
390 2593 510 2681 gravis,
547 2591 657 2679 plenus
690 2591 799 2666 officii,
835 2590 938 2658 bonus
969 2592 1061 2678 plane
1093 2597 1144 2658 vir
1170 2602 1201 2658 et
1223 2613 1294 2658 cum
1320 2591 1500 2666 virtutihus,
1535 2603 1600 2661 turn

278 2688 371 2754 etiam
393 2685 535 2762 fortuna,
573 2685 601 2752 si
622 2685 699 2773 quid
720 2685 781 2751 boc
803 2684 841 2751 ad
863 2707 931 2752 rem
953 2685 1107 2773 pertinet,
1137 2697 1281 2766 ornatum
1319 2708 1407 2754 meus
1429 2697 1532 2754 autem
1554 2695 1601 2752 esl

277 2780 552 2856 familiarissimus,
574 2780 619 2846 sic
640 2799 788 2866 prorsus,
810 2787 844 2843 ut
867 2779 965 2844 nostri
988 2778 1109 2846 ordinis
1130 2777 1278 2846 observet
1299 2780 1454 2845 neminem
1471 2781 1601 2866 diligen-

278 2877 349 2942 tius.
399 2879 506 2954 Quare
542 2882 578 2940 ut
608 2883 639 2939 et
675 2895 780 2939 meum
813 2872 949 2938 amicum
972 2885 1002 2940 et
1025 2883 1077 2940 tue
1099 2874 1226 2959 dignum
1248 2873 1400 2950 amicitia,
1438 2874 1493 2941 tibi
1516 2897 1601 2940 com-

278 2969 403 3036 mendo.
448 2968 522 3042 Cui,
555 2967 793 3056 quibuscunque
818 2965 914 3033 rebus
943 2967 1210 3044 commodaveris,
1243 2967 1298 3034 tibi
1328 2967 1470 3056 prolecto
1492 2969 1601 3037 iucun-

240 3085 268 3126 m
278 3064 372 3140 dnm,
394 3060 471 3129 mibi
493 3071 578 3130 certe
600 3061 660 3128 erit
680 3069 815 3150 matum.
858 3061 944 3129 Vale.
1260 3073 1267 3088 ·

724 3231 805 3294 mr.
848 3230 902 3312 (A.
928 3233 960 3296 u.
984 3233 1016 3298 c.
1038 3233 1128 3314 ros)

762 3372 905 3436 CICERO
927 3371 1057 3437 BRUTO
1079 3373 1111 3438 S.

168 3570 173 3582 ,
365 3507 393 3569 1.
416 3507 451 3569 L.
472 3501 555 3568 'litio
577 3499 750 3574 Strabone,
787 3500 892 3590 equite
920 3505 1061 3566 Romano
1082 3500 1114 3566 in
1136 3502 1245 3588 primis
1267 3501 1399 3570 honesto
1422 3514 1453 3571 et
1474 3515 1598 3582 ornato,

162 3604 163 3608 ’
278 3597 519 3664 familiarissime
550 3605 634 3662 ntor.
690 3594 800 3660 Omnia
822 3594 898 3658 mibi
921 3615 991 3658 cum
1015 3615 1054 3659 eo
1075 3593 1271 3663 intercedunt
1297 3597 1365 3664 iura
1386 3620 1526 3664 sommae
1548 3621 1601 3664 ne-

241 3689 484 3764 mcossitudinis.
537 3689 618 3756 Huic
645 3689 678 3754 in
707 3697 760 3753 tna
788 3687 949 3774 provincia
972 3693 1136 3774 pecuniam
1165 3688 1257 3755 debet
1274 3695 1307 3757 Ρ.
1335 3692 1508 3758 Cornelius.
1557 3697 1600 3758 Ea

279 3807 330 3851 res
352 3805 369 3848 a
391 3783 547 3858 Volcatio,
582 3783 636 3869 qui
658 3787 775 3848 Romae
802 3781 852 3846 ins
874 3779 962 3857 dicit,
991 3782 1106 3847 reiecta
1125 3783 1157 3848 in
1181 3785 1310 3851 Galliam
1334 3796 1390 3853 est.
1433 3791 1463 3852 2.
1485 3790 1600 3853 Petoa

279 3888 309 3944 te
333 3879 392 3944 boc
413 3876 608 3962 diligentius,
638 3897 731 3964 quam
754 3875 780 3940 si
802 3895 871 3939 mea
892 3896 944 3940 res
966 3883 1064 3951 esset,
1088 3897 1151 3962 quo
1174 3888 1221 3942 est
1243 3879 1402 3945 honestius
1424 3880 1463 3946 de
1485 3881 1599 3947 emico-

278 3995 350 4040 rum
378 3971 509 4058 pecnnia
541 3967 685 4036 laborare
715 3991 808 4057 quam
830 3968 870 4034 dc
893 3990 962 4044 sua,
998 3979 1034 4036 ut
1054 3971 1214 4056 negotium
1241 3973 1469 4040 conficiendum
1491 3996 1599 4050 cures,

278 4073 345 4154 ipse
367 4065 534 4152 suscipias,
570 4065 723 4150 transigas
745 4084 938 4150 operamque
960 4062 1031 4139 dos,
1062 4063 1166 4150 quoad
1188 4065 1244 4131 tibi
1267 4089 1402 4153 aequum
1431 4079 1462 4135 et
1479 4078 1598 4135 rectum

241 4159 451 4234 audebitur,
488 4166 642 4246 utquam
674 4158 927 4225 commodissima
955 4156 1139 4222 condicione
1170 4158 1301 4225 libertus
1326 4160 1509 4236 Strabonis,
1545 4163 1599 4248 qui

279 4255 347 4320 eius
368 4257 414 4318 rei
437 4273 529 4318 causa
550 4254 663 4318 missus
685 4261 747 4327 est,
777 4252 937 4338 negotium
959 4250 1102 4318 conficiet
1131 4252 1170 4318 ad
1200 4275 1406 4341 nummosque
1429 4257 1599 4342 pervoniat.

277 4350 312 4416 ld
334 4358 365 4413 et
387 4347 463 4414 mibi
491 4347 700 4432 gratissimum
724 4345 784 4410 erit
811 4355 842 4411 et
861 4355 894 4411 tu
916 4345 983 4432 ipsc
1004 4349 1039 4410 L.
1061 4346 1177 4410 'litium
1202 4368 1373 4432 cognosces
1395 4351 1530 4416 amicitia
1548 4358 1599 4416 tue

278 4443 505 4527 dignissimum.
559 4440 652 4520 Quod
675 4449 710 4508 ut
735 4439 792 4506 tibi
820 4461 914 4505 curae
943 4439 998 4514 sit,
1030 4447 1066 4505 nt
1087 4440 1192 4507 omnin
1214 4441 1315 4507 solent
1335 4463 1423 4519 esso,
1451 4465 1531 4532 quae
1550 4463 1600 4510 me

278 4537 360 4602 velle
381 4536 461 4612 scis,
485 4545 515 4601 te
537 4535 739 4602 vehementer
760 4535 853 4601 etiam
875 4544 968 4621 atque
990 4531 1083 4598 ctiam
1105 4555 1196 4620 rogo.

348 4757 375 4808 d·
395 4757 542 4808 dentosum
560 4755 606 4807 nt:
634 4757 806 4806 comminuam
827 4755 857 4805 tt.
887 4779 918 4792 -
953 4763 982 4805 ut
1000 4755 1036 4804 ed
1053 4756 1121 4805 tanc
1138 4756 1183 4806 llis
1205 4763 1235 4806 ut
1254 4757 1322 4807 benc
1339 4757 1370 4808 tt.
1425 4759 1496 4810 Fert.
1517 4766 1547 4808 ct
1564 4759 1601 4810 cd

278 4827 353 4878 tllcm
383 4829 460 4880 benc.
489 4827 569 4878 ltarr.
601 4851 634 4862 -
669 4826 714 4876 111.
741 4839 836 4888 prorue
861 4824 899 4876 Μ.
930 4849 953 4860 -
994 4825 1040 4876 il.
1071 4827 1288 4878 commendaveris
1305 4827 1343 4882 Μ.
1378 4851 1406 4863 -
1443 4829 1487 4880 28.
1508 4829 1600 4880 titione

278 4897 317 4950 Μ.
338 4923 369 4936 -
405 4899 450 4950 30.
469 4897 541 4950 debet
556 4896 672 4962 pupillum
686 4895 813 4947 remelius
830 4895 868 4946 Μ.
889 4917 920 4931 -
956 4893 1000 4945 ³1.
1018 4895 1135 4947 oulcccte
1153 4897 1191 4948 Μ.
