3656 5868
303 423 365 488 102
727 421 1002 488 EPISTOLARUM
1021 423 1073 488 AD
1095 423 1184 488 ΕΔΜ

302 601 410 658 cansa,
446 601 527 669 quae
548 589 637 646 tuum
659 588 781 666 tempus
802 579 993 666 postulabat,
1026 601 1090 648 non
1111 581 1213 646 solum
1235 601 1275 646 ex
1297 580 1439 646 oratioue
1461 583 1619 656 Caesaris,

303 695 383 762 quae
404 695 479 740 sane
500 674 604 740 mollis
625 683 656 739 et
676 673 815 740 liberalis
836 674 911 749 luit,
934 674 990 739 sed
1012 675 1105 740 etiam
1128 696 1168 742 ex
1190 675 1291 740 oculis
1312 683 1344 740 et
1360 675 1463 751 vultu,
1486 697 1527 742 ex
1540 676 1621 742 mul·

302 769 340 836 tis
361 778 524 855 praeterea
555 768 665 854 signis,
697 790 777 856 quae
797 768 919 834 lucilius
946 769 1126 854 perspicere
1146 769 1235 855 potui
1257 789 1350 854 quam
1371 767 1526 845 scribere,
1564 770 1623 834 bec

303 863 451 949 opinione
487 863 630 939 discessi,
667 873 702 929 ut
727 863 804 930 mibi
830 873 883 928 tua
911 863 994 928 salus
1016 862 1110 928 dubia
1135 884 1198 929 non
1221 872 1312 928 esset.
1354 867 1384 928 3.
1407 862 1622 940 Quamobrem

281 956 351 1022 elac
372 957 478 1023 animo
499 978 612 1043 magno
633 957 771 1046 fortique
789 958 846 1030 sis,
869 966 914 1033 et,
937 957 963 1024 si
980 957 1192 1023 turbidissima
1206 958 1362 1044 sapienter
1375 955 1515 1032 serebas,
1538 967 1621 1022 tran·

303 1051 449 1139 quilliora
484 1051 563 1117 laete
590 1052 682 1118 ieras.
730 1057 797 1138 Ego
826 1063 929 1118 tanmn
951 1052 1012 1118 tuis
1043 1051 1139 1117 rebus
1169 1051 1214 1117 sio
1240 1053 1336 1118 adero
1357 1059 1394 1116 ut
1416 1051 1620 1126 difficillimis,

304 1167 405 1233 neque
428 1145 552 1212 Caesari
573 1146 674 1212 solum
696 1149 751 1212 sed
773 1147 866 1212 etiam
888 1147 995 1211 amicis
1017 1147 1084 1212 eius
1105 1145 1266 1220 omnibus,
1302 1166 1382 1232 quos
1403 1144 1479 1210 mibi
1501 1144 1623 1210 amicis-

305 1239 401 1306 simos
423 1260 492 1306 esse
514 1241 667 1326 cognovi,
690 1262 749 1327 pro
771 1251 821 1316 te,
844 1240 925 1306 sicut
945 1239 1046 1306 adbuc
1066 1239 1142 1316 leci,
1162 1239 1366 1306 libentissime
1388 1237 1580 1325 supplicabo.

774 1383 837 1445 xv.
881 1380 930 1465 (a
956 1384 988 1446 u.
1011 1385 1043 1447 c.
1066 1379 1151 1466 710.)

269 1530 295 1572 so
785 1504 927 1570 CICERO
948 1505 1089 1569 BASILO
1111 1505 1143 1568 S.

390 1615 459 1683 Tibi
481 1614 639 1701 gratulor;
662 1614 738 1679 mibi
759 1614 896 1700 gaudem
918 1624 948 1680 te
970 1635 1057 1694 amo;
1079 1623 1132 1681 tua
1152 1623 1261 1694 tueor;
1284 1635 1302 1680 a
1323 1622 1354 1680 te
1375 1614 1474 1681 amari
1495 1613 1624 1701 etquid

306 1731 379 1798 agas
400 1709 536 1798 quidque
558 1717 683 1794 agatur,
705 1709 822 1775 certior
843 1707 913 1774 lieri
934 1710 1018 1776 volo.

768 1853 847 1916 nu.
891 1851 940 1935 (Α.
966 1854 998 1917 n.
1021 1853 1053 1916 c.
1075 1849 1160 1936 710.)

692 1924 948 2064 (emmens
972 1976 1156 2041 oronnotu
1177 1977 1209 2040 s.
1236 1963 1247 2045 t

270 2110 297 2151 ss
391 2084 424 2151 Si
453 2085 528 2150 mibi
557 2094 659 2150 tecum
687 2105 751 2150 non
779 2093 811 2150 et
842 2085 956 2151 multae
986 2095 1018 2150 et
1046 2086 1145 2151 iustae
1173 2105 1284 2150 causae
1305 2083 1457 2150 amicitiae
1477 2084 1624 2170 privatim

306 2189 422 2254 essent,
444 2188 619 2266 repeterem
640 2179 727 2244 initia
748 2178 902 2244 amicitiae
926 2200 964 2243 ex
986 2179 1168 2266 parentibus
1187 2178 1318 2256 nostris;
1341 2179 1426 2265 quod
1447 2176 1624 2244 laciendum

305 2272 345 2336 iis
367 2272 527 2348 existimo,
564 2272 619 2359 qui
650 2281 812 2358 paternam
840 2273 1006 2338 amicitiam
1035 2273 1127 2338 nullis
1149 2272 1208 2359 ipsi
1230 2272 1339 2338 officiis
1360 2271 1520 2357 prosecuti
1541 2281 1624 2338 sunt.

307 2370 413 2451 ltaque
435 2375 598 2433 contentus
620 2386 676 2432 ero
698 2375 804 2430 nostra
830 2365 971 2451 ipsorum
999 2366 1150 2440 amicitia,
1186 2367 1275 2431 cuius
1302 2365 1414 2431 fiducia
1441 2375 1514 2452 peto
1536 2387 1555 2430 a
1575 2375 1622 2443 te,

308 2467 344 2524 ut
365 2457 524 2523 absentem
545 2479 615 2535 me,
644 2457 881 2546 quibuscunque
903 2460 933 2524 in
956 2459 1052 2525 rebus
1073 2479 1154 2546 opus
1174 2459 1286 2536 luerit,
1308 2469 1433 2537 tueare,
1455 2466 1481 2526 si
1503 2462 1624 2528 nullum

272 2552 444 2618 mollicium
465 2562 552 2618 tuum
574 2552 657 2640 apud
677 2573 728 2617 me
748 2553 1019 2620 intermoriturum
1040 2553 1209 2619 existimes.

761 2697 858 2758 nun.
901 2691 949 2778 (A.
975 2696 1008 2759 u.
1031 2697 1063 2759 e.
1086 2692 1170 2779 710.)

769 2818 912 2884 CICERO
933 2817 1158 2882 BITHYNICO.

397 2932 425 2994 1.
448 2931 525 2994 Cum
547 2936 723 2994 ceterarum
743 2948 852 2993 rerum
873 2948 967 2994 causa
988 2929 1080 3014 cupio
1102 2949 1170 2994 esse
1191 2927 1358 3015 aliquando
1379 2929 1625 3016 rempublicam

311 3022 524 3098 constitutam,
547 3031 613 3087 tum
634 3022 727 3088 velim
749 3021 825 3087 mibi
847 3023 956 3088 credas
978 3023 1126 3088 accedere
1141 3022 1173 3088 id
1195 3023 1303 3098 etiam,
1327 3043 1390 3110 quo
1411 3025 1509 3108 magis
1530 3044 1626 3111 expe-

274 3125 388 3192 sstam,
420 3115 609 3203 promissum
637 3125 741 3191 tuum,
776 3137 839 3203 quo
860 3121 893 3182 in
914 3116 1025 3183 litteris
1046 3118 1154 3182 uteris.
1198 3115 1314 3182 Scribis
1337 3117 1434 3192 enim,
1457 3117 1484 3183 si
1505 3117 1548 3182 ita
1569 3118 1624 3193 sit,

311 3221 341 3276 te
363 3230 485 3276 mecum
505 3231 573 3274 csse
594 3209 759 3275 victurum.
808 3214 839 3275 2.
863 3211 1042 3277 Gratissima
1064 3210 1140 3274 mibi
1162 3218 1213 3275 tua
1235 3210 1377 3276 voluntas
1398 3219 1460 3285 est,
1487 3211 1625 3298 lucisque

311 3305 387 3370 nihil
408 3305 542 3368 alienum
562 3303 789 3369 necessitudine
821 3311 927 3369 nostra
949 3304 1134 3391 indiciisque
1155 3303 1252 3390 patris
1282 3303 1327 3369 tui
1348 3304 1387 3369 de
1409 3324 1474 3381 me,
1511 3305 1624 3372 summi

217 3409 239 3487 fs
311 3398 381 3480 viri.
432 3403 508 3462 Nam
530 3397 575 3462 sic
595 3396 724 3472 babeto,
760 3395 984 3462 beneficiorum
1013 3397 1221 3483 magnitudine
1249 3418 1320 3472 eos,
1357 3397 1411 3484 qui
1433 3398 1626 3485 temporibus

219 3486 235 3504 ”’
312 3493 495 3566 valuerunt,
518 3499 553 3556 ut
574 3490 709 3565 valeant,
732 3491 962 3556 coniunctiores
984 3499 1086 3557 tecum
1109 3511 1284 3575 essequam
1306 3513 1377 3568 me,
1400 3492 1626 3557 necessitudine

172 3655 190 3690 r
199 3623 237 3690 2,
276 3585 478 3654 soneminem.
530 3583 744 3662 Quamobrem
754 3563 858 3674 (prata
886 3585 963 3648 mihi
984 3593 1031 3674 est
1051 3594 1083 3650 et
1103 3583 1254 3650 memoria
1279 3593 1333 3650 tna
1353 3597 1478 3652 nostrae
1499 3586 1628 3652 coniun-

313 3679 422 3745 ctionis
443 3687 475 3745 et
495 3678 563 3745 eius
583 3678 677 3744 etiam
698 3677 856 3764 augendae
876 3676 1046 3762 voluntas.)

759 3822 872 3884 sun.
915 3820 963 3903 (a.
990 3822 1023 3885 n.
1045 3823 1077 3885 c.
1100 3819 1184 3901 roe.)

809 3941 951 4008 CICERO
973 3943 1133 4006 LEPTAE.

401 4059 430 4120 1.
452 4053 551 4120 Simul
571 4053 675 4140 accepi
696 4073 715 4118 a
737 4053 869 4118 Seleuco
891 4063 945 4118 tuo
967 4051 1099 4128 litteras,
1122 4052 1223 4118 statim
1252 4055 1391 4139 quaesivi
1413 4076 1432 4121 e
1452 4054 1549 4121 Balbo
1570 4077 1629 4141 per

279 4149 491 4223 sscodicillos‚
513 4147 589 4234 quid
610 4157 691 4215 esset
711 4148 744 4214 in
764 4147 843 4233 lege.
887 4147 1056 4233 Rescripsit
1077 4168 1146 4222 θος,
1177 4151 1231 4234 qui
1252 4147 1390 4214 lacerent
1410 4155 1628 4236 praeconium,

315 4245 415 4310 vetari
437 4262 505 4308 esse
525 4243 558 4307 in
580 4240 816 4319 decurionibus;
839 4241 893 4328 qui
915 4240 1073 4316 iecissent,
1097 4261 1159 4306 non
1180 4242 1288 4306 vetari.
1332 4247 1438 4321 Quare
1458 4243 1543 4310 bono
1563 4245 1630 4309 ani·

173 4358 214 4394 ⁴-ae
315 4359 369 4405 mo
390 4338 449 4422 sint
472 4345 502 4400 et
522 4335 568 4400 tui
590 4346 620 4402 et
641 4335 703 4400 mei
723 4334 909 4414 familiares;
939 4356 1042 4421 neque
1064 4335 1147 4400 eninr
1169 4343 1236 4399 erat
1256 4334 1435 4412 serendum,
1465 4359 1552 4414 cum,
1575 4341 1629 4424 qui

316 4433 409 4500 bodie
431 4429 660 4516 haruspicinam
680 4429 833 4502 lacerent,
869 4428 901 4493 in
933 4439 1072 4494 senatum
1094 4434 1210 4495 Romae
1238 4428 1432 4515 legerentur,
1469 4453 1539 4506 cos,
1576 4431 1630 4518 qui

316 4524 482 4614 aliquando
504 4524 705 4610 praeconium
726 4522 885 4595 iecissent,
908 4522 941 4586 in
962 4521 1138 4608 municipiis
1160 4522 1344 4588 decuriones
1363 4545 1432 4590 esse
1446 4545 1509 4591 non
1523 4525 1629 4592 licere.

386 4727 412 4776 3.
439 4727 488 4776 buc
506 4725 627 4787 opinions
654 4721 736 4773 Codd.
765 4722 868 4786 aliquot
884 4725 954 4787 apud
976 4723 1173 4774 bentivolium:
1204 4723 1271 4774 isone
1291 4725 1438 4787 opiniomm
1455 4725 1500 4786 Μ,
1518 4726 1631 4775 boneio

318 4798 466 4859 opinionem
484 4795 515 4845 E.
536 4818 566 4830 —
604 4795 647 4843 to.
666 4793 766 4843 Basilio
784 4793 822 4844 Μ.
843 4817 873 4830 -
910 4794 953 4844 17.
972 4795 1011 4843 bis
1029 4793 1066 4844 Μ.
1088 4818 1119 4829 -
1148 4795 1213 4857 ipris
1229 4793 1266 4844 Μ.
1288 4817 1319 4830 -
1354 4795 1398 4845 te.
1420 4795 1491 4845 Fert.
1514 4795 1629 4854 tuearis,

318 4866 419 4916 nulium
437 4893 452 4905 -
470 4895 485 4904 -
502 4890 513 4901 ·
529 4867 690 4915 existimem.
709 4863 790 4914 Barr.
820 4887 850 4899 -
886 4864 930 4914 2⁹.
949 4865 1104 4923 uoluerunt,
1130 4872 1160 4915 ut
1176 4864 1282 4914 nobum
1300 4863 1342 4915 ll:
1366 4865 1505 4914 votuerunt
1524 4863 1630 4929 (deletis

319 4943 350 4985 ut
366 4932 482 4996 nouom)
502 4934 540 4994 E,
569 4935 707 4985 ooluenmt
725 4939 774 4982 out
790 4933 877 4983 uolent
895 4934 944 4984 lid.
964 4933 1075 4985 bladini.
1095 4939 1122 4984 et
1140 4935 1291 4986 smarnos.
1312 4957 1340 4968 -
1378 4935 1422 4985 et.
1441 4934 1523 4984 Simul
1540 4950 1571 4985 oc
1589 4949 1631 4984 oc·

320 5007 374 5068 cept
390 5005 436 5064 Μ,
456 5005 538 5054 Simul
556 5011 632 5068 atquc
649 5004 735 5066 accept
752 5001 808 5060 Vb,
827 5002 911 5053 Simul
926 5011 956 5054 ut
974 5007 1061 5068 occepi
1078 5005 1238 5057 Cratander.
1257 5023 1290 5041 ··
1325 5003 1370 5056 38.
1388 5011 1507 5056 sesamum
1526 5005 1631 5056 Lambi-

322 5081 499 5126 nosemiata
516 5073 576 5125 ΜΕ.
