3666 5874
321 403 362 468 ra
750 397 1024 496 errsronsauu
1044 400 1097 462 so
1120 399 1210 462 ssu.

318 559 546 634 contriveram,
568 555 763 642 repentinam
784 555 851 622 eius
873 553 1087 620 defensionem
1103 553 1243 630 Gabinii,
1265 575 1359 640 quem
1374 554 1528 642 proximis
1547 575 1640 641 supe·

317 652 454 720 rioribus
472 649 583 718 diebus
596 650 749 716 acerrime
767 657 994 736 oppugnasset,
1017 657 1136 723 minen,
1158 648 1185 713 si
1204 649 1271 712 sine
1286 647 1348 712 ulla
1366 670 1434 714 mea
1448 649 1639 714 contumelia

317 747 520 834 mseepisset,
542 743 698 810 tulissem:
720 742 790 817 sed,
813 763 884 808 cum
902 763 952 808 me
966 741 1174 828 disputantem
1189 762 1252 807 non
1270 742 1470 808 lacessentem
1488 742 1641 820 laesisset,

317 841 423 908 exarsi
449 861 512 906 non
534 839 636 904 solum
657 837 829 924 praesenti,
852 837 962 910 credo,
985 835 1145 902 iracundia
1169 871 1207 882 -
1231 858 1301 902 nam
1323 857 1360 901 ca
1387 846 1450 901 tam
1471 835 1641 902 vehemens

296 935 451 1002 sfortasse
471 955 536 999 non
555 932 665 998 finisset
685 967 725 978 -
747 927 816 1006 sed,
838 950 910 994 cum
928 929 1081 995 inclusum
1103 927 1179 996 illud
1200 929 1307 996 odium
1329 930 1497 996 multarum
1516 929 1584 996 eius
1607 931 1640 996 in

319 1049 369 1096 me
388 1025 586 1100 iniuriarum,
607 1024 695 1113 quod
715 1045 775 1109 ego
795 1022 942 1088 elludisse
957 1043 1007 1088 me
1029 1043 1122 1088 omne
1140 1022 1330 1098 arbitrabar,
1353 1023 1515 1089 residuum
1536 1035 1640 1090 tamen

317 1122 465 1189 insciente
487 1141 538 1186 me
559 1119 685 1194 luisset,
705 1139 799 1184 omne
820 1125 951 1203 repente
973 1116 1125 1204 apparuit.
1170 1119 1242 1195 Quo
1262 1115 1389 1203 quidem
1408 1125 1551 1203 tempore
1571 1119 1640 1204 ipso

317 1215 445 1304 quidam
466 1213 626 1288 homines,
649 1222 681 1278 et
700 1211 796 1277 iidem
817 1210 878 1284 illi,
901 1231 981 1297 quos
1001 1231 1095 1296 saepe
1113 1210 1336 1296 significatione
1356 1211 1496 1296 appello,
1520 1233 1591 1277 eum
1605 1233 1639 1276 se

318 1309 490 1377 maximum
510 1307 647 1374 fructum
667 1305 786 1392 cepisse
807 1303 948 1369 dicerent
965 1325 1006 1370 ex
1028 1303 1173 1371 libertate
1194 1325 1262 1370 mea
1282 1325 1394 1392 meque
1416 1312 1482 1369 tum
1503 1302 1638 1390 denique

282 1403 377 1471 resibi
399 1423 468 1468 esse
487 1401 590 1468 visum
606 1400 655 1466 rei
676 1399 835 1486 publicae,
858 1397 958 1484 qualis
977 1397 1120 1474 fuissem,
1142 1399 1338 1473 restitutum,
1361 1417 1495 1484 eumque
1512 1418 1549 1461 ea
1564 1417 1638 1462 eon-

316 1499 414 1565 tentio
435 1495 511 1562 mibi
534 1515 680 1580 magnum
704 1493 797 1559 etiam
826 1493 905 1560 loris
927 1491 1063 1560 lruetum
1093 1493 1230 1567 tulisset,
1266 1490 1402 1576 gaudere
1432 1511 1466 1555 se
1496 1489 1640 1557 dicebant

316 1592 392 1658 mibi
412 1601 445 1657 et
469 1589 556 1656 illum
585 1587 746 1653 inimicum
772 1596 803 1652 et
835 1608 906 1662 eos,
942 1585 995 1673 qui
1020 1585 1052 1652 in
1075 1586 1185 1652 eadem
1204 1606 1297 1651 eausa
1320 1593 1443 1660 essent,
1476 1605 1635 1672 nunqnam

194 1730 199 1742 ·
259 1691 262 1698 '
315 1685 433 1753 amieos
449 1683 582 1750 futuros.
626 1683 770 1760 Quorum
788 1680 889 1768 iniqui
907 1700 1068 1746 sermones
1084 1679 1210 1746 eumad
1227 1701 1277 1744 me
1300 1699 1358 1765 per
1379 1678 1520 1744 homines
1540 1679 1636 1744 bone·

183 2235 194 2272 f

166 2281 188 2341 ι.

315 1779 466 1846 ctissimos
480 1774 696 1863 perferrentur
705 1775 843 1860 'cumque
858 1774 1026 1860 Pompeius
1043 1773 1085 1840 ita
1106 1773 1328 1847 contendisset,
1351 1781 1385 1839 ut
1404 1771 1480 1838 nibil
1500 1781 1638 1858 unquam

281 1870 428 1957 ramagis,
450 1881 485 1938 ut
497 1890 569 1936 cum
589 1873 702 1936 Crasso
723 1867 861 1934 redirem
881 1867 1074 1952 ingratiam,
1098 1871 1272 1954 Caesarque
1295 1887 1352 1952 per
1367 1865 1485 1933 litteras
1501 1867 1638 1932 maxima

315 1987 349 2032 se
371 1963 513 2030 molestia
528 1985 569 2028 ox
589 1963 641 2028 illa
663 1961 861 2029 contentione
881 1960 1026 2027 allectum
1049 1959 1249 2027 ostenderet:
1271 1959 1367 2026 habui
1382 1981 1445 2025 non
1460 1969 1638 2046 temporum

315 2060 418 2126 solum
434 2057 587 2125 rationem
605 2077 763 2132 meorum,
786 2056 842 2122 sed
861 2055 954 2120 etiam
971 2063 1117 2130 naturae,
1141 2059 1351 2140 Crassusque,
1372 2065 1407 2122 ut
1425 2055 1515 2142 qnasi
1530 2062 1639 2120 testata

314 2153 433 2240 populo
455 2158 596 2218 Romano
617 2159 699 2216 esset
724 2159 831 2214 nostra
853 2147 976 2233 graue
999 2168 1098 2235 paene
1116 2169 1135 2212 a
1158 2149 1237 2214 meis
1256 2147 1374 2214 laribus
1396 2149 1428 2213 in
1445 2147 1638 2234 provinciam

308 2249 364 2312 ”est
381 2245 551 2332 proiectus.
572 2249 659 2318 Nam,
680 2263 753 2308 cum
770 2240 846 2306 mibi
863 2241 1066 2315 condixisset,
1090 2241 1233 2308 coenavit
1247 2242 1329 2328 apud
1344 2263 1395 2306 me
1410 2242 1441 2306 in
1457 2240 1518 2306 mei
1528 2239 1637 2400 qen-eri

277 2336 507 2422 soCrassipedis
535 2337 645 2403 bortis.
697 2333 910 2414 Quamobrem
931 2335 1000 2400 eius
1021 2355 1167 2411 causam,
1200 2335 1285 2423 quod
1312 2347 1342 2401 te
1362 2334 1473 2400 scribis
1494 2356 1534 2400 au
1557 2333 1637 2407 isse,

315 2450 429 2516 magna
453 2429 540 2496 illius·
566 2428 834 2496 commendatione
861 2437 1054 2515 susceptam,
1090 2427 1215 2494 delendi
1239 2429 1271 2494 in
1300 2437 1427 2504 senatu,
1465 2428 1544 2494 sicut
1570 2448 1641 2492 mea

316 2522 394 2589 lides
420 2543 478 2610 pos
542 2522 605 2588 bat.
659 2525 710 2588 21.
745 2521 914 2607 decepisti,
944 2521 1058 2609 quibus
1083 2521 1179 2590 rebus
1208 2522 1359 2589 adductus
1390 2541 1546 2610 quamque
1572 2539 1641 2584 rem

315 2637 502 2702 eaummque
552 2615 740 2691 elenderim‚
776 2616 893 2704 quique
921 2637 1010 2682 meus
1038 2614 1070 2682 in
1098 2615 1280 2703 republica
1308 2616 1348 2682 sit
1377 2637 1437 2702 pro
1460 2637 1529 2680 mea
1551 2623 1641 2701 parte

315 2709 504 2796 capessenda
524 2719 631 2776 status.
673 2715 721 2774 De
744 2730 807 2797 quo
830 2709 874 2776 sic
894 2709 989 2776 velim
1012 2721 1142 2786 statuas,
1164 2731 1214 2775 me
1239 2709 1317 2776 haee
1342 2710 1451 2776 eadem
1475 2729 1641 2774 sensurum

279 2804 427 2880 aluisse,
449 2803 477 2870 si
499 2802 575 2869 mibi
596 2803 717 2888 integra
738 2803 843 2870 omnia
861 2825 898 2868 ao
915 2803 1014 2869 libera
1037 2803 1176 2871 subserit.
1219 2809 1297 2868 Nam
1314 2825 1416 2890 neque
1439 2801 1640 2889 pugnandum

315 2897 489 2964 arbitrarer
516 2906 625 2962 contra
654 2907 753 2962 tantm
782 2917 858 2983 opes
889 2919 991 2984 neque
1016 2897 1201 2972 delendum,
1233 2897 1354 2962 etiamsi
1374 2896 1406 2960 id
1426 2895 1496 2962 lieri
1514 2904 1639 2982 posset,

230 2993 235 3006 '
309 3011 511 3058 vsummorum
532 2991 648 3058 civium
670 2991 876 3078 principatum
898 3011 956 3056 nee
977 2991 1222 3077 permanendum
1245 2990 1277 3055 in
1298 3011 1360 3056 una
1378 2990 1543 3063 sententia,
1565 3010 1639 3054 con·

315 3087 420 3152 versis
438 3083 534 3151 rebus
560 3104 598 3150 ac
629 3081 787 3152 bonorum
819 3083 1029 3152 voluntatibus
1055 3083 1196 3160 mutatis,
1232 3083 1286 3150 sed
1316 3083 1510 3170 temporibus
1535 3102 1639 3148 assen-

317 3177 465 3246 tiendum.
514 3184 679 3266 Nunquam
706 3177 791 3244 enim
816 3177 1043 3265 praestantibus
1070 3178 1112 3244 in
1127 3200 1163 3244 rc
1190 3177 1313 3264 publiea
1334 3177 1536 3263 gubernanda
1565 3177 1639 3244 viris

280 3272 440 3339 solandata
462 3284 509 3338 est
533 3271 566 3336 in
588 3294 650 3337 uua
673 3273 827 3339 sententia
852 3282 1005 3360 perpetua
1026 3271 1223 3358 permansio,
1246 3270 1318 3347 sed,
1354 3280 1388 3338 ut
1410 3272 1443 3337 in
1467 3271 1640 3356 navigando

316 3364 490 3453 tempestati
520 3364 653 3453 obsequi
689 3365 763 3432 artis
789 3374 851 3440 est,
884 3365 1003 3431 etiamsi
1034 3375 1160 3450 portum
1191 3371 1298 3429 tenere
1325 3386 1388 3432 non
1420 3387 1533 3453 queas:
1568 3385 1639 3430 cum

316 3480 395 3525 vero
416 3458 449 3524 id
469 3458 570 3544 possis
592 3467 707 3525 mutata
735 3457 941 3524 velificatione
965 3458 1102 3544 assequi,
1125 3457 1252 3524 stultum
1278 3471 1325 3524 est
1347 3481 1419 3525 eum
1438 3469 1547 3524 tenere
1568 3479 1639 3522 cum

317 3551 459 3638 periculo
480 3572 624 3628 cursum,
654 3573 748 3640 quem
770 3551 909 3639 ceperis,
936 3552 1041 3638 potius
1066 3573 1159 3638 mam
1190 3573 1229 3617 eo
1260 3561 1450 3618 commutato
1473 3572 1536 3640 quo
1561 3551 1639 3617 velis

318 3654 421 3711 tamen
443 3645 623 3731 pervenire:
657 3645 717 3720 sic,
754 3667 825 3710 cum
848 3643 993 3712 omnibns
1015 3643 1105 3711 nobis
1132 3645 1165 3710 in
1187 3645 1430 3712 administranda
1451 3667 1487 3711 re
1515 3644 1639 3733 publica

282 3738 514 3826 aspropositum
531 3759 601 3804 esse
622 3739 734 3805 debeat
756 3737 802 3815 id,
825 3739 910 3826 quod
928 3760 1010 3803 ame
1025 3738 1206 3826 saepissime
1223 3739 1340 3805 dictum
1363 3749 1425 3816 est,
1448 3761 1520 3806 cum
1539 3739 1638 3824 digni-

318 3842 382 3899 tate
401 3833 518 3908 otium,
540 3853 603 3897 non
623 3832 708 3899 idem
734 3853 859 3919 semper
880 3833 1006 3909 dicere,
1043 3833 1099 3898 sed
1128 3832 1211 3898 idem
1231 3855 1356 3921 semper
1381 3843 1522 3921 spectare
1544 3831 1638 3897 debe-

318 3945 399 3994 mus.
448 3924 675 4005 Quamobrem,
703 3935 738 3993 ut
760 3926 863 4012 paullo
888 3926 1087 4013 anteposui,
1110 3927 1137 3992 si
1159 3936 1262 3992 essent
1286 3927 1391 3994 omnia
1416 3926 1494 3992 mibi
1515 3925 1638 3992 solutis·

319 4019 413 4095 sima,
435 4026 538 4085 tamen
560 4019 592 4086 in
612 4041 649 4086 re
670 4018 795 4107 publiea
816 4041 880 4085 non
901 4020 980 4086 alius
1003 4041 1105 4086 essem
1126 4030 1219 4108 atque
1241 4042 1324 4086 nunc
1345 4042 1425 4087 sum.
1467 4024 1546 4087 Cum
1561 4040 1638 4085 vero

318 4112 353 4178 iu
380 4111 463 4178 bunc
489 4132 615 4178 sensum
643 4122 674 4178 et
705 4113 824 4179 alliciar
851 4111 1011 4180 beneficiis
1046 4114 1209 4180 hominum
1240 4122 1271 4178 et
1299 4114 1469 4199 compellar
1497 4113 1638 4188 iniuriis,

283 4205 411 4272 olatile
431 4205 535 4291 patior
556 4227 594 4272 ea
615 4227 664 4272 me
686 4206 726 4273 de
747 4227 783 4272 re
805 4205 930 4293 publica
951 4208 1067 4272 sentire
1089 4229 1125 4272 ac
1148 4208 1269 4284 dicere,
1303 4228 1384 4294 quae
1410 4208 1546 4274 maxime
1567 4228 1638 4273 cum
1698 4271 1699 4278 ,

320 4298 399 4366 mibi
418 4307 484 4366 lum
502 4301 594 4366 etiam
609 4301 658 4366 rei
675 4300 818 4388 publicae
833 4298 1006 4368 rationibus
1020 4310 1126 4387 putem
1141 4301 1327 4368 conducere.
1370 4301 1515 4388 Aper-tius
1535 4310 1638 4367 auteur

321 4392 398 4461 baec
415 4412 475 4478 ago
497 4414 533 4459 ac
547 4395 687 4481 saepius,
710 4393 796 4482 quod
817 4402 849 4458 et
870 4393 1022 4472 Quintus,
1044 4394 1142 4486 ira—ter
1163 4416 1268 4470 meus,
1291 4395 1410 4479 legatus
1425 4404 1472 4460 est
1487 4394 1638 4468 Caesaris,

321 4495 353 4553 et
373 4486 491 4553 nullum
513 4508 618 4553 meum
639 4487 803 4568 minimum
824 4486 955 4564 dietum,
989 4508 1053 4553 non
1074 4489 1170 4554 modo
1196 4488 1326 4564 lactum,
1357 4508 1417 4573 pro
1438 4491 1570 4555 Caesare
1592 4487 1639 4552 in·

320 4582 481 4658 tercessd,
514 4580 599 4668 quod
626 4579 680 4646 ille
701 4580 828 4646 nonita
855 4579 969 4648 illustri
990 4581 1088 4666 gratia
1117 4583 1295 4668 exceperit,
1330 4591 1366 4648 nt
1387 4601 1447 4667 ego
1469 4602 1541 4648 eum
1563 4579 1638 4646 mibi

388 4781 416 4831 7.
433 4781 540 4846 liqueat
558 4778 598 4830 ll.
618 4803 649 4816 -
685 4778 712 4829 8.
730 4780 919 4845 apetifieutione
937 4779 1069 4832 Orelliusr
1093 4783 1331 4848 “gnificattoaeque
1349 4797 1392 4846 pr.
1411 4783 1456 4842 ld,
1475 4789 1542 4832 nutu
1558 4783 1639 4847 riq*

320 4849 489 4915 llmttenaqaa
514 4863 588 4900 tcum
613 4863 683 4900 cerr.
711 4861 750 4900 re.
773 4849 814 4907 M)
844 4849 875 4899 ll.
897 4874 928 4886 -
964 4851 1007 4902 rc.
1034 4866 1074 4902 me
1092 4866 1147 4902 om.
1169 4867 1209 4916 pr.
1228 4853 1266 4904 ld.
1284 4877 1312 4888 -
1350 4853 1394 4903 27.
1421 4867 1467 4904 nac
1491 4865 1562 4902 corr.
1591 4851 1637 4902 Ma

320 4933 400 4983 neque
426 4919 468 4979 Ε,
498 4933 554 4971 om.
581 4933 622 4983 pr.
651 4918 688 4971 tt.
711 4943 739 4954 —
776 4919 821 4968 28.
847 4922 956 4970 mutatis
981 4920 1028 4972 M:
1059 4923 1204 4972 immutatis
1229 4923 1259 4972 Ε.
1287 4948 1317 4960 -
1354 4923 1399 4973 ³3.
1418 4924 1529 4985 coeperis
1547 4922 1584 4974 bl·
1607 4943 1635 4956 -·

320 4987 523 5041 detestandis
544 4989 649 5040 meam
667 4987 697 5038 ll.
718 5012 749 5024 -
767 4987 1201 5056 dt.miltitora]multumpr.bl,
1218 4994 1283 5043 aulai
1299 4993 1409 5044 multura
1420 4992 1634 5044 curramus-

321 5058 366 5109 42.
385 5055 447 5123 eqo]
465 5071 512 5122 epo
529 5059 595 5110 Cod.
615 5057 704 5108 Guell.
725 5057 859 5110 lleindort
873 5059 907 5109 ad
928 5060 1021 5111 llornt.
1041 5061 1095 5113 Sat.
1115 5077 1142 5126 p.
1162 5063 1224 5114 206.
