3668 5924
709 448 782 510 Lis.
814 450 838 511 l.
880 449 939 512 ΕΡ.
964 449 1028 510 tti-
1457 449 1519 514 393

201 614 284 680 tuta,
314 612 356 670 nt·
375 623 486 690 spero,
516 605 580 679 via,
611 624 704 691 quam
725 601 782 670 tibi
809 605 921 670 litteris
943 603 1017 670 satis
1045 604 1202 690 explicare
1223 625 1286 671 non
1307 624 1451 690 possum,
1479 606 1520 672 si·

200 697 398 786 gnificatione
427 716 523 783 perra
552 697 713 764 ostendam
741 707 855 764 tamen.
908 702 984 764 Utor
1004 696 1424 784 Pompeio-familiarissime.
1466 704 1520 766 vi-

200 794 278 868 deo,
311 791 388 879 quid
414 790 510 856 dicas.
560 788 701 868 Cavcbo,
730 813 811 879 qnae
839 800 910 858 suut
936 791 1089 866 cavenda,
1120 812 1157 857 ac
1177 789 1312 857 scribam
1333 791 1409 856 alias
1429 791 1468 858 ad
1489 801 1520 860 te

201 888 240 954 de
270 885 349 952 meis
379 883 518 952 consiliis
546 885 752 972 capessendae
779 886 827 951 rei
855 885 998 972 publicae
1023 886 1123 972 plura.
1182 889 1232 950 11.
1254 885 1421 951 Lucceium
1441 887 1520 952 scito

201 981 397 1048 consulatum
418 978 536 1045 habere
557 979 589 1044 in
611 979 715 1045 animo
736 980 839 1046 statim
859 992 983 1067 petere;
1007 981 1070 1046 duo
1092 981 1174 1045 enim
1196 981 1256 1046 soli
1277 979 1422 1045 dicuntur
1442 981 1543 1066 peti-³

200 1076 274 1142 turi.
324 1078 438 1141 Caesar
463 1093 534 1140 cum
557 1093 596 1140 eo
617 1073 702 1140 coire
722 1095 781 1160 per
801 1075 927 1140 Arrium
948 1075 1082 1160 cogitat,
1112 1082 1144 1140 et
1164 1073 1292 1140 Bibulus
1313 1093 1383 1138 cum
1405 1071 1466 1138 boc
1486 1093 1521 1139 se

201 1176 291 1256 putat
312 1188 370 1254 per
391 1171 425 1232 C.
446 1167 591 1233 Pisonem
612 1187 704 1252 posse
725 1168 883 1254 coniungi.
930 1168 1046 1235 Ridesi
1081 1173 1149 1234 Non
1177 1177 1249 1234 sunt
1275 1167 1353 1233 baec
1373 1165 1520 1242 ridicula,

200 1260 279 1328 mihi
309 1260 415 1326 crede.
473 1258 557 1337 Quid
588 1259 672 1324 aliud
699 1259 834 1327 scribam
860 1261 900 1328 ad
920 1269 976 1328 tel
1012 1262 1112 1349 quidi
1153 1263 1248 1329 llulta
1278 1269 1369 1341 sunt;
1402 1260 1457 1327 sed
1487 1261 1521 1326 in

201 1354 287 1420 aliud
317 1363 449 1440 tempus.
499 1359 542 1420 Te
570 1353 596 1418 si
618 1355 793 1440 exspectari
814 1356 906 1432 velis,
939 1377 1050 1432 cures,
1071 1365 1106 1423 nt
1126 1357 1230 1423 sciam.
1271 1362 1336 1430 lam
1356 1354 1434 1421 illud
1454 1375 1521 1421 mo·

200 1438 278 1504 leste
300 1458 396 1523 rogo,
430 1437 515 1526 qnod
535 1436 672 1504 maxime
693 1439 803 1526 cupio,
831 1449 866 1508 ut
894 1462 987 1528 mam
1015 1442 1153 1529 primum
1177 1441 1294 1508 venies.
1343 1439 1556 1506 Nonislic-to

200 1531 391 1600 cembribus.

648 1675 760 1740 urin.
802 1673 853 1758 (A.
879 1679 910 1741 u.
933 1679 965 1741 o.
987 1675 1073 1764 cas.)

681 1799 822 1864 CICERO
843 1799 987 1864 ATTICO
1011 1803 1042 1864 S.

285 1914 315 1976 1.
335 1907 417 1974 Nihil
436 1907 514 1975 mihi
534 1927 617 1974 nunc
637 1907 715 1974 seito
738 1916 799 1974 um
820 1908 931 1974 deesse
957 1931 1051 1996 qnam
1076 1909 1236 1976 bominem
1263 1930 1353 1984 eum,
1383 1929 1518 1996 quocum

199 2002 323 2078 omnia,
357 2021 436 2090 qnae
457 2024 508 2068 me
530 2024 606 2069 cura
628 2002 731 2088 aliqua
753 2003 903 2078 efficiunt,
925 2024 987 2069 una
1008 2005 1251 2078 communicem,
1274 2003 1329 2090 qui
1350 2024 1399 2068 me
1421 2010 1517 2078 amet,
1530 2016 1555 2055 ¹³

200 2099 255 2182 qui
276 2095 394 2182 sopiat,
417 2095 544 2182 quicum
566 2116 627 2181 ego
648 2096 671 2176 †
693 2095 786 2162 etiam
808 2096 937 2182 loquar,
959 2096 1036 2162 nihil
1056 2097 1189 2183 lingum,
1212 2096 1286 2163 nibil
1308 2097 1517 2171 dissimulem,

200 2189 279 2256 nihil
299 2189 455 2274 obtegam.
496 2188 592 2256 Abest
613 2189 697 2259 enim
717 2189 815 2254 irater
836 2193 1055 2272 ἀφελέστατος
1076 2200 1108 2256 et
1127 2190 1367 2257 amantissimus.
1409 2190 1432 2270 †
1453 2194 1519 2258 lle-

199 2282 291 2349 tellus
312 2319 354 2330 -
376 2285 444 2350 Non
464 2286 571 2359 domo,
592 2285 643 2348 sed

325 2441 362 2453 -
388 2437 427 2450 -
451 2407 524 2470 litus
544 2416 632 2489 utque
652 2416 707 2470 air
727 2416 754 2470 et
774 2408 902 2471 solitudo
922 2411 1024 2471 mmo!

199 2532 246 2592 Tn
268 2536 388 2602 autem,
410 2525 464 2614 qui
487 2526 669 2613 saepissime
690 2548 796 2593 curam
819 2537 1019 2613 clangorem
1041 2529 1136 2595 animi
1157 2531 1220 2594 mei
1242 2549 1385 2595 sermone
1399 2537 1431 2595 et
1444 2541 1554 2595 con-²⁰

198 2620 270 2685 silio
298 2619 406 2686 levasti
437 2630 509 2693 tuo,
542 2619 595 2706 qui
617 2619 692 2686 mihi
723 2623 806 2686 etin
828 2619 951 2708 publica
972 2642 1008 2686 re
1030 2625 1133 2687 socius
1163 2632 1193 2688 ct
1214 2623 1246 2687 in
1268 2622 1396 2709 privatis
1418 2622 1519 2688 omni-

198 2711 258 2778 bus
291 2713 434 2779 conscius
462 2724 492 2779 et
524 2713 663 2779 omnium
692 2735 836 2781 meorum
868 2735 1048 2780 sermonum
1079 2725 1109 2779 ct
1137 2714 1340 2781 consiliorum
1362 2715 1518 2804 particeps

199 2829 268 2873 esse
300 2807 402 2881 soles,
438 2805 565 2871 ubinam
594 2813 654 2872 esi
689 2812 734 2872 lta
766 2830 835 2873 sum
867 2806 905 2872 ab
935 2807 1079 2874 omnibus
1112 2808 1297 2882 destitutus,
1334 2819 1368 2874 ut
1399 2819 1518 2876 tantum

197 2899 348 2986 requietis
385 2897 536 2973 babeam,
574 2909 723 2986 quantum
751 2922 821 2966 cum
852 2921 953 2966 uxore
982 2911 1012 2965 et
1037 2899 1133 2967 filiola
1162 2911 1193 2966 et
1220 2901 1338 2966 mellito
1369 2901 1518 2968 Cicerone

198 2993 403 3059 consumitur.
459 2999 535 3059 Nam
556 2993 627 3059 iliae
649 2994 832 3061 ambitiosae
853 3002 979 3060 nostrae
1001 2994 1189 3081 fucosaeque
1217 2994 1370 3059 amicitiae
1392 3005 1464 3060 sunt
1484 2994 1554 3059 in¹⁵

198 3088 333 3175 quodam
362 3086 529 3174 splendore
558 3087 692 3168 sorensi;
724 3086 860 3154 fructum
887 3087 1091 3154 domesticum
1120 3109 1183 3152 non
1213 3086 1337 3152 hebent.
1393 3092 1517 3173 ltaque,

197 3203 269 3266 cum
296 3179 376 3245 benc
403 3181 555 3268 completa
587 3181 698 3247 domus
727 3192 774 3247 est
799 3192 939 3268 tempore
968 3181 1139 3254 matutino,
1174 3202 1243 3245 cum
1271 3179 1310 3246 ad
1337 3179 1442 3246 iorum
1464 3184 1516 3245 sti·

196 3275 262 3362 pati
290 3273 438 3360 gregibus
468 3275 640 3341 amicorum
670 3274 900 3350 descendimus,
930 3275 1070 3363 reperire
1098 3297 1138 3340 ex
1166 3295 1277 3360 magna
1307 3272 1397 3338 tur'ba
1419 3273 1517 3339 nemi-

197 3389 270 3434 nem
305 3388 496 3454 possumus,
536 3389 672 3455 quocum
705 3380 758 3435 aut
787 3369 887 3435 iocari
918 3369 1016 3434 libere
1050 3378 1102 3433 aut
1135 3369 1293 3455 suspirare
1325 3367 1517 3432 familiariter

197 3462 363 3548 possimus.
412 3465 518 3540 Quare
546 3472 577 3527 te
599 3473 830 3550 exspectamus,
859 3473 891 3528 te
912 3463 1140 3538 desideramus,
1165 3475 1195 3528 te
1216 3463 1278 3528 iarn
1300 3463 1393 3527 etiam
1414 3471 1550 3526 arces-³⁰

197 3555 310 3634 simus;
346 3555 441 3621 multa
472 3567 544 3622 sunt
572 3558 672 3632 enim,
707 3579 787 3644 quae
812 3569 869 3622 me¹
892 3556 1057 3623 sollicitant
1093 3565 1290 3643 coguntque,
1322 3576 1407 3642 r<prae
1440 3553 1516 3619 mibi

197 3648 309 3714 videor
337 3670 429 3715 aures
458 3659 566 3716 nactus
595 3660 664 3716 tuas
695 3654 788 3716 unius
817 3650 1035 3717 ambulationis
1058 3671 1202 3716 sermone
1224 3649 1392 3715 exhaurire
1413 3668 1516 3734 posse.

195 3747 227 3808 2.
254 3748 298 3807 Ac
325 3741 566 3810 domesticarum
601 3744 726 3831 quidem
763 3743 1006 3810 sollicitudinum
1035 3745 1159 3811 aculeos
1188 3765 1297 3810 omnes
1324 3753 1355 3808 ct
1387 3762 1515 3828 scrupu-

196 3833 245 3902 los
274 3835 453 3912 occultabo,
487 3860 590 3925 neque
619 3859 678 3924 ego
707 3837 779 3902 huic
808 3839 958 3925 epistolae
985 3849 1078 3925 atque
1105 3839 1212 3924 ignoto
1241 3837 1402 3903 tabellario
1431 3855 1516 3900 com·

196 3929 328 3994 mittam.
387 3935 487 4016 Atque
516 3931 549 3996 bi
580 3967 620 3979 -
654 3931 728 3997 nolo
755 3931 838 3996 enim
865 3939 896 3996 te
924 3932 1171 4019 permoveri-
1199 3952 1263 3997 non
1291 3939 1364 3996 sunt
1388 3937 1551 4015 permo-³⁵

101 4069 105 4076 -
196 4023 283 4098 lesti,
314 4021 370 4088 scd
399 4034 502 4090 tamen
530 4025 665 4090 insident
691 4034 721 4090 ct
741 4032 855 4109 urgent
882 4035 913 4091 ct
934 4026 1049 4092 nullius
1070 4025 1199 4090 amantis
1221 4024 1352 4090 consilio
1373 4031 1427 4088 aut
1450 4042 1516 4087 ser·

267 4246 294 4294 1.
307 4249 365 4293 toto
379 4244 400 4292 1.
416 4265 448 4282 -
465 4243 492 4293 9.
506 4245 675 4307 capacmdoc
693 4244 730 4295 ll.
747 4269 777 4282 --
796 4244 824 4294 9.
838 4245 937 4295 utrium
955 4244 1023 4292 1.-
1043 4245 1069 4294 7.
1081 4257 1129 4306 per
1146 4244 1264 4294 Pirum
1277 4242 1391 4293 Ernestii
1404 4253 1512 4305 operae·

198 4337 229 4350 -
260 4313 287 4362 9.
306 4314 369 4378 quid
387 4320 449 4363 ante
466 4314 551 4364 mutto
568 4313 621 4364 det.
641 4327 712 4365 corr.
732 4314 770 4366 Μ.
802 4339 832 4350 -
868 4314 912 4364 aad
928 4313 951 4362 ci
967 4314 997 4362 io
1015 4313 1047 4362 u.
1077 4338 1109 4348 -
1145 4314 1172 4363 9.
1190 4320 1291 4376 lempna
1310 4319 1457 4376 exspectare
1474 4325 1515 4362 oe·

194 4385 228 4432 tis
246 4383 313 4443 ldli,
344 4391 444 4445 tempus
462 4390 649 4446 conspectore
667 4385 744 4435 aelim
764 4384 784 4433 1.
833 4383 1010 4434 Emendatum
1028 4387 1069 4433 est
1085 4396 1118 4432 en
1136 4396 1192 4445 mg.
1211 4383 1282 4434 Crat.
1312 4405 1344 4416 —
1380 4380 1514 4431 molcctcl

197 4453 366 4513 (Probarunt
383 4453 537 4513 Manutius,
557 4453 720 4514 Lambinus,
740 4453 893 4512 licinium:
913 4455 1023 4504 armate
1040 4453 1123 4504 Milli.
1153 4479 1182 4491 -
1220 4453 1263 4503 11.
1283 4453 1348 4502 seito
1365 4452 1429 4502 mitt
1445 4464 1515 4501 osne

195 4523 228 4573 li.
257 4546 288 4559 -·
324 4525 452 4573 bominem
468 4537 551 4573 meum
570 4537 610 4586 pr·
630 4524 667 4575 Μ.
698 4547 728 4560 -
764 4523 808 4573 19.
827 4526 928 4588 mom
945 4535 993 4588 spo
1010 4523 1089 4572 etium
1106 4523 1201 4587 iopam
1217 4523 1245 4575 111
1253 4537 1260 4572 =
1279 4523 1381 4586 mmm
1399 4534 1446 4586 epo
1463 4521 1514 4570 col·

195 4593 291 4658 loquor
318 4593 377 4652 itu,
403 4594 505 4658 quicum
531 4593 666 4658 colloquor
685 4593 713 4654 l,
744 4595 846 4656 cubum
863 4607 909 4658 epo
926 4596 967 4643 ite
984 4592 1139 4656 colloquor,
1170 4600 1200 4644 ut
1219 4593 1367 4644 lirnestius·
1403 4590 1511 4643 Malim:

193 4664 297 4726 quinem
313 4676 360 4728 epo
377 4677 435 4712 rum
452 4664 554 4727 loquor.
574 4663 626 4714 On.
648 4688 680 4700 -
705 4663 747 4713 17.
767 4665 960 4712 amentissimus
976 4676 1056 4718 mast.
1092 4664 1152 4714 lion
1169 4664 1202 4712 Α.
1221 4663 1403 4725 Augustinus,
1422 4675 1513 4712 omon-

194 4734 317 4782 tiuimor·
353 4733 396 4784 dte
414 4733 507 4784 tetius!
532 4747 587 4782 non
604 4732 637 4783 de
656 4733 682 4783 ia
701 4731 835 4783 Boissidrc
853 4733 886 4782 do
905 4732 1052 4783 Chamiort.
1083 4759 1115 4768 -
1152 4733 1196 4783 18.
1215 4734 1273 4783 Non
1290 4757 1301 4770 ·
1318 4757 1328 4768 ·
1343 4745 1416 4782 mm
1433 4743 1512 4793 prosa

194 4803 317 4852 oratione
334 4801 459 4853 Ciceroni
478 4803 570 4853 tribuit
588 4803 619 4852 [1.
649 4828 675 4840 -
716 4803 755 4852 19.
772 4799 855 4865 mern]
874 4817 931 4854 mco
949 4803 995 4863 ll,
1023 4804 1180 4855 om.1i.-
1216 4804 1260 4853 99.
1279 4817 1369 4853 curum
1385 4807 1415 4850 ot
1432 4797 1533 4866 copo?

194 4886 249 4923 reon
268 4885 309 4936 pr·
327 4872 365 4922 it.
396 4897 424 4910 ·-
462 4873 507 4924 99.
527 4873 646 4924 Cicerone
663 4885 718 4922 om.
738 4873 759 4921 1.
790 4895 820 4908 --
856 4872 899 4921 99.
918 4872 1101 4937 deecmdimos]
1120 4873 1310 4924 dbhceinde
1329 4887 1356 4924 v.
1376 4870 1512 4934 usquead

195 4942 244 5006 ltp.
265 4944 306 4993 19.
327 4942 422 4992 ultima
439 4957 485 4994 vv.
504 4943 606 5007 qwum
623 4955 675 4994 estc
692 4967 702 4978 ·
720 4967 758 4978 ··
806 4942 894 4992 idone
911 4943 1018 4994 Martiis
1045 4944 1134 4995 delicit
1153 4944 1191 4992 il.
1221 4966 1251 4977 -
1299 4943 1342 4994 ³0·
1362 4943 1512 4993 emorimur

193 5011 240 5062 lti.
261 5035 292 5048 -·
329 5013 373 5063 ³1.
391 5013 475 5064 meuc
491 5019 552 5063 cont
569 5013 654 5071 cutm,
672 5027 739 5076 poce
756 5025 795 5062 mc
812 5012 884 5062 thls
903 5013 988 5064 mutto
1004 5017 1072 5066 eotm
1088 5029 1127 5066 mc
1145 5013 1293 5064 Ernestios.
1322 5037 1353 5048 -
1391 5013 1434 5064 Sd.
1454 5009 1509 5077 epo]

192 5095 237 5133 cos
257 5081 377 5132 Ursinus.
403 5105 428 5115 -
466 5083 509 5134 ³5.
529 5083 611 5146 Alpes
627 5084 649 5134 o·
666 5083 698 5134 li.
736 5083 807 5132 Fort.
826 5082 914 5147 Atqui.
941 5084 1021 5135 Barr.
