3656 5868
306 393 349 456 m
733 369 1193 458 ummmmmmu

306 551 394 617 diose
416 548 642 637 diligenterque
664 547 797 614 curabor
830 571 911 636 quae
932 571 1003 620 οιιιιι
1024 550 1150 625 inciam,
1171 547 1422 614 benevolentiam
1442 557 1527 614 tunm
1549 569 1625 636 erga

305 667 356 711 me
377 643 538 721 imitabor,
561 645 673 710 merite
694 664 758 708 non
779 665 939 731 assequar.
980 646 1068 711 Vale.

793 763 1136 852 cunum)

666 879 1266 945 ufflmmnuffifflm

284 1022 298 1062 t
395 1008 423 1070 1.
453 1003 707 1088 Quotiescunque
734 999 833 1065 lilium
859 1009 947 1065 tunm
979 999 1071 1066 rideo
1102 1027 1142 1042 -
1175 997 1267 1064 video
1295 983 1398 1064 aulem
1425 1000 1493 1067 iere
1522 1005 1625 1089 quotl-

138 1113 164 1204 3
308 1100 359 1164 die
382 1135 439 1173 ·-,
460 1098 613 1184 polliceor
633 1095 662 1160 ei
684 1094 819 1160 studium
847 1093 972 1181 quidem
1000 1114 1104 1180 meum
1131 1101 1163 1158 et
1184 1113 1312 1179 operam
1340 1095 1406 1159 sine
1437 1094 1501 1159 nlla
1533 1118 1622 1163 exce·

307 1198 414 1278 ptione
436 1201 489 1256 aut
509 1189 627 1256 laboris
649 1199 703 1254 eut
728 1188 940 1274 occupationis
966 1197 1018 1252 aut
1046 1187 1212 1273 temporis,
1248 1187 1378 1272 gratiam
1405 1198 1509 1255 autem
1531 1199 1624 1278 atque

307 1285 523 1351 auctoritatem
544 1305 616 1349 cum
638 1283 695 1346 bac
717 1282 916 1368 exceptione,
954 1291 1102 1368 quantum
1124 1281 1244 1346 valeam
1265 1291 1475 1368 quantumque
1497 1285 1623 1368 possim.

307 1378 402 1444 Liber
423 1389 494 1443 tuus
516 1387 547 1442 et
574 1377 672 1442 lectus
693 1384 741 1440 est
761 1385 793 1440 ct
813 1375 928 1460 legitur
948 1397 966 1440 a
989 1396 1039 1440 me
1065 1375 1228 1460 diligenter
1249 1383 1280 1439 et
1301 1375 1474 1440 custoditur
1495 1375 1626 1462 diligen-

273 1489 298 1528 ¹⁰
308 1473 437 1538 tissime.
493 1477 553 1538 Res
576 1481 607 1535 et
627 1469 771 1535 fortunae
793 1477 863 1534 tuac
886 1469 961 1534 mibi
984 1469 1140 1533 maximae
1162 1489 1255 1533 curae
1277 1477 1367 1546 sunt;
1397 1491 1477 1556 quae
1498 1472 1625 1558 quidem

149 1499 186 1612 λ
308 1566 447 1654 quotidie
480 1564 636 1630 faciliores
665 1563 740 1628 mibi
767 1574 797 1628 et
826 1563 973 1628 meliores
993 1562 1156 1637 videntur,
1194 1549 1360 1650 multisque
1381 1563 1473 1629 video
1495 1585 1624 1649 magnae

309 1682 377 1727 esse
408 1681 519 1734 curae,
556 1679 691 1745 quorum
713 1658 752 1722 de
774 1657 877 1723 studio
899 1666 931 1722 et
951 1657 990 1722 de
1011 1678 1068 1722 sua
1089 1677 1144 1743 spe
1167 1654 1265 1721 filium
1287 1657 1326 1722 ad
1352 1667 1383 1722 te
1404 1659 1624 1744 perscripsisse

260 1811 265 1822 .
307 1762 394 1820 certo
416 1754 491 1819 scio.
534 1758 564 1818 2.
585 1754 627 1819 lis
648 1762 752 1818 nutem
773 1751 812 1816 de
833 1749 942 1824 rebus,
970 1771 1048 1836 quas
1070 1750 1249 1815 coniectura
1270 1752 1420 1837 consequi
1441 1772 1624 1837 possumus,

307 1868 370 1913 nou
392 1847 468 1911 mihi
489 1869 597 1920 sumo,
633 1857 668 1912 ut
689 1846 759 1931 plus
780 1845 848 1930 ipsc
868 1844 1077 1930 prospiciam,
1101 1865 1196 1931 quam
1217 1854 1247 1910 te
1269 1844 1378 1909 videre
1399 1855 1491 1932 atque
1512 1846 1627 1911 iutelli-

272 1955 381 2027 ¹⁶gcre
403 1941 480 2006 mibi
500 1941 728 2028 persuaserim3
764 1939 819 2004 sed
841 1947 963 2013 tumen,
997 1939 1070 2025 quia
1091 1936 1159 2002 lieri
1181 1945 1303 2024 potest,
1330 1946 1365 2003 ut
1386 1948 1420 2003 tu
1442 1960 1479 2003 ce
1501 1953 1626 2025 pertur-

274 2070 281 2135 p
307 2035 428 2100 batione
449 2036 553 2101 animo
576 2034 708 2119 cogites,
741 2042 819 2119 puto
840 2053 909 2098 esse
931 2053 1050 2106 meum,
1087 2031 1163 2119 quid
1185 2031 1331 2106 sentiam,
1368 2052 1538 2117 exponere.
1556 2025 1625 2116 (Q

182 2081 256 2248 {ik
274 2138 416 2238 wamia
437 2150 545 2195 rerum
567 2138 618 2212 esi
636 2137 667 2192 et
677 2128 912 2284 jptemporum
934 2121 1061 2282 cursup)
1083 2129 1202 2288 ut<pop
1224 2125 1406 2285 possitbistql
1421 2135 1474 2191 aut
1495 2127 1551 2192 tibi
1573 2136 1626 2235 apt

285 2241 292 2261 ν’
856 2268 863 2294 ,
1045 2239 1136 2282 arer
1181 2241 1193 2282 1

208 2295 269 2396 ,cg-‘⁹'
306 2215 844 2394 laeehlrbsobsibrbllliabueslsthmlbbhbbld
862 2240 1002 2394 inplerqpp
1029 2317 1059 2378 3.
1089 2228 1300 2393 fflmpelffit
1315 2241 1520 2399 ealhasplbhhs,a
1532 2233 1626 2402 iqeilnlh

270 2419 397 2473 wentra
423 2406 565 2472 ordinem
595 2406 633 2471 de
654 2416 685 2471 te
712 2407 781 2493 ipso
807 2405 977 2480 babemus,
1013 2426 1076 2470 uon
1104 2405 1206 2471 solum
1233 2416 1364 2492 propter
1391 2406 1570 2492 dignitatern
1591 2416 1623 2472 et

308 2501 455 2568 virtutem
487 2509 571 2564 tuem
594 2531 634 2544 -
656 2500 732 2566 haee
754 2500 838 2566 euim
859 2509 1040 2565 ornamenta
1071 2507 1143 2564 sunt
1163 2499 1220 2564 tibi
1243 2499 1334 2564 etiam
1356 2521 1429 2566 cum
1450 2501 1519 2566 aliis
1541 2522 1626 2566 com-

308 2594 411 2660 munia
437 2629 484 2669 -,
506 2593 655 2660 accedunt
676 2603 729 2660 tua
749 2595 934 2680 praecipua,
956 2602 1086 2680 propter
1108 2593 1258 2661 eximium
1280 2593 1438 2679 ingenium
1459 2616 1626 2660 summam-

308 2709 370 2774 que
391 2687 587 2768 †virtutem,
621 2688 671 2753 eui
692 2687 888 2754 mehercules
910 2687 974 2763 bic,
1011 2687 1100 2753 cuius
1121 2687 1154 2751 iu
1175 2696 1327 2773 potestate
1348 2709 1471 2762 sumus,
1494 2689 1626 2755 multum

309 2781 426 2848 tribuit.
468 2785 574 2868 ltaque
596 2803 636 2846 ne
656 2790 805 2868 puuctum
827 2781 953 2868 quidem
974 2781 1126 2866 temporis
1147 2781 1180 2846 in
1200 2781 1259 2846 ista
1275 2781 1400 2848 lortuua
1413 2780 1541 2856 luisses,
1564 2782 1624 2848 uisi

271 2893 348 2941 meo
377 2875 445 2961 ipso
474 2874 559 2940 bono
586 2883 655 2950 tuo,
689 2896 754 2962 quo
786 2875 974 2952 delectatur,
1004 2897 1037 2940 se
1059 2875 1208 2941 violatum
1229 2885 1381 2961 putasset:
1416 2875 1501 2962 quod
1522 2876 1625 2963 ipsum

306 2969 422 3035 lenitur
443 2967 596 3055 quotidie,
619 2968 872 3057 significaturque
893 2968 983 3034 uobis
1005 2968 1044 3033 ab
1065 2968 1119 3043 iis,
1153 2968 1207 3055 qui
1230 2969 1321 3033 simul
1343 2990 1415 3034 cum
1437 2989 1475 3033 eo
1497 2969 1625 3041 vivunt.

307 3063 364 3129 tibi
398 3063 477 3128 banc
512 3063 611 3148 ipsam
646 3064 827 3150 opinionem
854 3063 971 3148 ingenii
999 3063 1082 3149 apud
1114 3063 1202 3128 illum
1225 3061 1395 3148 plurimum
1416 3063 1625 3149 profuturam.

307 3162 337 3222 4.
361 3159 560 3242 Quapropter
582 3156 719 3242 primum
739 3157 788 3222 lac
809 3157 913 3223 animo
935 3156 1011 3221 sorti
1032 3167 1125 3244 atque
1147 3177 1260 3240 magno
1283 3156 1342 3233 sis;
1364 3155 1406 3220 ita
1425 3157 1508 3222 euim
1525 3164 1626 3229 natus,

306 3251 349 3315 ita
371 3250 531 3323 educatus,
554 3249 595 3314 ita
618 3250 728 3315 doctus
750 3272 800 3326 es,
832 3251 875 3316 ita
897 3252 990 3315 etiarn
1012 3250 1168 3335 cognitus,
1191 3258 1226 3315 ut
1247 3248 1302 3313 tibi
1323 3249 1356 3314 id
1378 3248 1552 3314 iaciendum
1568 3250 1624 3325 sit,

270 3359 298 3399 ⁸⁰
308 3344 419 3409 deinde
440 3365 528 3429 spem
550 3365 676 3429 quoqne
697 3344 812 3410 habeas
827 3344 1035 3409 firmissimam
1050 3351 1179 3429 propter
1194 3364 1246 3408 eas
1262 3363 1387 3418 causes,
1411 3365 1488 3429 quas
1505 3343 1625 3429 scripsi.

307 3441 333 3502 A
355 3458 405 3501 me
426 3457 504 3502 vero
525 3436 581 3502 tibi
603 3437 706 3502 omnia
728 3437 898 3525 liberisque
920 3439 981 3502 tuis
1002 3436 1195 3524 paratissima
1210 3457 1279 3501 esse
1303 3436 1439 3502 coniidas
1460 3427 1625 3513 velim;(id

309 3529 391 3594 enirn
412 3539 444 3594 et
463 3540 600 3596 vetustas
622 3532 722 3596 nostri
742 3532 860 3598 amoris
882 3540 913 3596 et
933 3551 1003 3596 mea
1024 3524 1225 3612 cousuetudcl
1240 3530 1273 3595 in
1296 3534 1435 3613 meosset
1457 3529 1627 3618 tualmulta

124 3605 200 3725 ἡ).
309 3642 383 3707 erga
406 3643 458 3687 me
471 3617 582 3710 (officia
602 3623 781 3722 postulant)

794 3740 841 3802 Vi.
868 3739 921 3817 (A.
946 3739 978 3802 U.
1002 3739 1033 3803 C.
1056 3737 1140 3822 708.)

272 3861 302 3903 ⁸⁸
664 3853 705 3914 M.
727 3851 869 3915 CICERO
893 3852 924 3914 S.
945 3853 982 3914 D.
1003 3853 1040 3914 il.
1062 3853 1262 3916 CAECINAE.

397 3973 424 4035 1.
446 3975 583 4044 Vereor,
618 3991 657 4034 uc
688 3969 846 4035 dosideres
875 3971 1010 4035 officium
1039 3992 1163 4048 meum;
1201 3969 1286 4056 quod
1308 3967 1364 4036 tibi
1386 3990 1445 4056 pro
1467 3979 1573 4035 nostre
1595 3979 1626 4034 et

309 4064 494 4129 meritorum
515 4063 685 4129 multorum
707 4074 738 4130 et
759 4065 933 4131 studiorum
947 4065 1069 4152 parium
1084 4065 1302 4131 coniunctione
1317 4065 1425 4129 deesse
1440 4086 1503 4128 non
1517 4063 1626 4129 debet:

378 4210 404 4258 5.
424 4215 497 4258 tuum
511 4208 565 4257 viiii
584 4222 623 4270 pr.
643 4209 680 4258 Μ.
698 4231 727 4244 -
747 4211 791 4260 13.
811 4211 847 4260 lit
865 4209 1121 4274 Marini-Lagnum
1143 4211 1192 4260 His
1204 4209 1262 4260 ltili.
1283 4233 1313 4244 -
1334 4211 1377 4260 th.
1398 4209 1510 4258 Prorsus
1529 4207 1627 4259 lalsnm

310 4280 481 4344 enthymema
501 4279 569 4328 inest
588 4280 615 4328 in
634 4294 659 4328 v.
685 4279 789 4341 Quare,
822 4286 914 4330 natum
933 4286 961 4331 ut
979 4283 1075 4344 opinor
1093 4293 1123 4330 er
1142 4295 1167 4330 v.
1187 4281 1303 4336 iniuria,
1336 4279 1449 4329 tortasse
1467 4280 1549 4328 etiam
1567 4279 1627 4330 boc·

310 4364 383 4410 rere,
403 4363 434 4399 ex
453 4351 534 4412 Atque
552 4349 593 4399 rel
613 4350 646 4398 At
659 4363 737 4410 uero;
756 4357 812 4400 tum
832 4352 902 4400 inter
920 4365 952 4400 ro
970 4358 996 4401 et
1015 4366 1046 4400 or
1064 4351 1160 4401 excidit
1178 4363 1274 4400 rerum.
1318 4349 1439 4399 Alterum
1457 4351 1579 4398 virtutem
1596 4363 1628 4399 ex

310 4434 385 4470 mero
403 4425 443 4469 est
467 4432 557 4469 errore
577 4415 734 4481 (occiduam
753 4434 845 4470 verum
865 4434 923 4470 esse
942 4421 1020 4471 tacite
1039 4421 1156 4482 largior,
1188 4426 1259 4470 certe
1286 4420 1451 4482 probabilius
1471 4433 1551 4482 quam
1570 4433 1628 4468 ero·

309 4489 460 4552 ditiorum),
491 4501 579 4552 neque
604 4490 804 4552 anquirendum
831 4492 937 4541 videtur
961 4492 1143 4550 vocabulum,
1176 4491 1246 4554 quod
1272 4490 1367 4540 litteris
1387 4490 1497 4554 propius
1515 4490 1628 4539 accedat

309 4561 342 4611 ad
361 4561 500 4617 uirtutem:
533 4561 583 4609 boc
611 4564 700 4608 tamen
727 4575 788 4610 cum
819 4562 986 4626 corruptelae
1013 4567 1074 4611 nota
1102 4562 1274 4610 servandum.
1319 4560 1473 4623 Aliquando
1499 4561 1626 4623 putabam

310 4630 424 4680 delenda
444 4643 502 4680 esse
530 4631 611 4679 rerba
630 4636 706 4679 entra
732 4632 864 4691 ordinem,
897 4639 987 4695 utpote
1017 4632 1114 4695 quibus
1141 4631 1296 4694 nescioqui
1320 4631 1347 4680 in
1367 4632 1489 4694 margine
1510 4631 1626 4694 primum

310 4699 467 4761 significarit
493 4701 573 4750 verba
597 4701 659 4748 inec
677 4725 687 4735 ·
705 4725 715 4736 -
733 4725 744 4736 ·
762 4705 908 4752 communio
931 4709 1003 4752 entra
1026 4702 1169 4760 ordinem,
1200 4702 1227 4751 in
1247 4702 1417 4764 parenthesi,
1450 4702 1535 4765 posita
1555 4713 1625 4750 csse.

309 4767 360 4820 On.
394 4792 421 4802 -
459 4771 504 4820 2³.
523 4771 644 4819 uirtutem
661 4769 706 4820 iil:
727 4771 874 4820 doctrinam
893 4787 954 4821 cum
974 4771 1029 4822 Zel.
1048 4771 1071 4821 Α
1089 4778 1116 4822 et
1136 4772 1267 4822 Lambino
1285 4771 1321 4830 E,
1347 4773 1520 4822 eruditionem
1540 4771 1561 4819 l.
1581 4771 1625 4820 Pr.

310 4837 471 4889 Gronovius.
509 4839 635 4888 Poterant
661 4840 742 4889 etiam
769 4842 932 4892 substituere
959 4841 1137 4892 litteratorum
1161 4855 1192 4891 ex
1223 4842 1340 4904 Philipp.
1371 4842 1406 4900 2,
1437 4841 1482 4891 tu.
1514 4838 1565 4890 Oa.
1595 4863 1625 4874 -

310 4909 354 4958 to.
373 4909 413 4957 iiis
430 4909 468 4959 bi.
490 4935 520 4946 -
539 4909 583 4960 26.
603 4911 689 4960 vicora
706 4910 744 4961 il.
766 4935 796 4946 -
816 4911 860 4961 27.
879 4911 953 4962 illum
971 4913 1018 4964 u:
1041 4913 1125 4975 ipsum
1144 4912 1174 4962 li.
1192 4936 1225 4950 -
1243 4913 1287 4962 ee.
1307 4911 1430 4960 educatus
1448 4911 1492 4961 M:
1518 4910 1628 4959 'edwius

311 4977 341 5027 ll.
362 5003 391 5014 -
428 4979 472 5029 iil.
491 4980 549 5029 Nou
566 4993 655 5030 uereor
673 4981 963 5044 mg.1tepett.l.amb.
985 5007 1015 5018 -
1051 4983 1095 5034 ³7.
1113 4983 1260 5034 siudbrum
1275 4983 1383 5045 perium
1400 4981 1462 5031 Vbs
1482 4980 1628 5029 studiorum

307 5055 417 5112 portum
434 5048 476 5105 bi,
494 5051 641 5099 studiorum
658 5057 684 5101 et
699 5052 819 5114 portium
837 5050 867 5100 li.
