3628 5876
643 431 719 496 LIII.
739 433 808 496 ΧΠ.
850 433 910 496 ΕΡ.
931 432 980 496 16.
1004 430 1054 496 47.
1448 435 1509 498 eat

182 589 233 656 nis
255 597 343 662 sunt,
365 596 414 654 est
446 594 500 652 aut
520 585 691 654 studiosius
713 609 822 654 earum
843 587 974 664 artium,
1002 610 1079 675 quas
1100 597 1135 656 tn
1155 590 1292 658 maxime
1314 611 1420 668 amas,
1451 593 1512 659 boc

183 693 247 760 est,
270 681 472 765 optimarum.
516 685 623 768 Itaque
645 679 720 756 tibi,
743 680 830 769 qnod
850 701 925 746 vere
939 681 1043 748 faeere
1057 701 1203 768 possum,
1225 683 1370 753 lubenter
1383 709 1511 776 quoque

183 776 328 864 gratulor
347 797 406 842 nec
425 775 530 841 minus
553 775 646 841 etiam
668 774 775 850 nobis,
796 774 882 862 quod
903 795 993 848 eum,
1016 797 1110 862 ιιιιοιιι
1131 797 1259 844 necesse
1281 791 1349 848 erat
1369 781 1510 867 diligere,

183 871 411 960 qualiscunque
422 877 518 944 essct,
537 870 629 936 talem
642 867 807 944 habemns,
822 879 857 936 nt
876 868 1020 935 lubenter
1034 891 1160 957 qnoque
1178 871 1353 958 diligamus.
1394 879 1426 940 2.
1449 875 1512 954 Qui

184 987 256 1032 (arm
281 963 360 1030 mihi
381 965 415 1030 in
443 984 589 1030 sermone
607 963 764 1030 iniecisset
784 983 819 1030 se
838 963 919 1030 velle
935 963 1040 1030 Asiam
1060 965 1180 1040 visere,
1202 986 1266 1032 non
1288 965 1385 1033 modo
1402 969 1535 1036 invita-³

185 1069 235 1124 tns
256 1057 312 1124 sed
341 1059 437 1124 etiem
462 1068 590 1144 rogatus
612 1068 660 1124 cst
693 1079 712 1122 a
742 1079 807 1133 me,
829 1067 864 1123 nt
886 1057 920 1123 id
946 1057 1145 1144 potissimum
1176 1059 1268 1124 nobis
1296 1058 1511 1130 obtinentibus

182 1151 380 1240 provinciam
411 1151 538 1218 laceret.
597 1151 654 1219 Cui
676 1172 734 1218 nos
756 1161 788 1218 et
815 1152 942 1217 caritate
965 1161 997 1217 et
1017 1173 1124 1219 amore
1153 1162 1242 1219 tuum
1263 1154 1401 1222 cilicium
1421 1177 1513 1244 prae·

183 1255 321 1313 staturos
343 1265 407 1312 non
428 1245 524 1312 debes
549 1244 704 1312 dubitare.
748 1245 828 1312 Illud
853 1267 980 1333 quoqne
999 1247 1060 1311 erit
1077 1244 1168 1313 nobis
1188 1269 1302 1323 curae,
1332 1255 1368 1314 ιιι
1393 1251 1511 1337 Cratip·

183 1361 244 1427 pus
261 1360 414 1406 unacum
439 1361 480 1405 eo
501 1341 554 1416 sit,
577 1362 616 1407 ne
634 1351 747 1426 putes,
767 1341 801 1406 in
827 1340 899 1405 Asia
920 1340 1067 1406 feriatum
1089 1340 1178 1406 illum
1203 1340 1242 1406 ab
1268 1341 1309 1407 iis
1331 1342 1456 1420 studiis,
1478 1345 1511 1410 in

183 1455 267 1522 qnae
287 1443 341 1500 tua
362 1433 578 1500 cohortatione
593 1434 759 1510 incitatur,
790 1433 941 1500 futurum.
961 1439 1038 1500 Nam
1055 1434 1145 1500 illum
1165 1444 1330 1522 paratum,
1352 1447 1387 1502 nt
1406 1436 1510 1515 video,
1523 1459 1549 1498 ιι

182 1539 217 1595 et
240 1529 416 1614 ingressum
437 1527 531 1615 pleno
557 1526 658 1613 gradu
682 1527 843 1594 cohortari
864 1547 927 1594 non
945 1527 1203 1605 intermittemus,
1225 1551 1289 1616 quo
1309 1531 1342 1596 in
1360 1530 1428 1597 dies
1444 1532 1512 1598 lou·

181 1623 255 1709 gius
277 1621 424 1688 discendo
457 1621 699 1709 exercendoque
726 1642 761 1688 se
781 1621 941 1708 procedat.
998 1626 1028 1687 3.
1058 1628 1122 1690 Vos
1156 1623 1231 1711 quid
1257 1625 1392 1710 ageretis
1420 1626 1454 1692 in
1474 1646 1511 1691 re

181 1715 324 1804 publica,
346 1716 488 1782 cumbas
506 1716 624 1782 litteras
651 1714 783 1791 dabam,
815 1735 878 1781 non
894 1714 1041 1781 sciebam.
1085 1716 1258 1784 Audiebam
1277 1719 1429 1806 quaedam
1445 1727 1512 1785 lur-

181 1810 327 1884 bulenta,
350 1831 430 1897 qnae
447 1809 565 1877 scilicet
583 1811 677 1896 cupio
699 1830 769 1876 esse
790 1808 883 1884 lalsa,
905 1809 1127 1897 utaliquando
1147 1810 1248 1877 otiosa
1269 1812 1411 1880 libertate
1424 1811 1509 1880 Irna·

183 1925 279 1982 mur3
302 1902 388 1991 qnod
408 1904 458 1970 vel
479 1903 610 1970 minima
632 1903 710 1969 mibi
732 1902 836 1968 adhuc
856 1902 995 1988 contigit.
1042 1908 1109 1989 Ego
1130 1914 1234 1970 umen
1250 1915 1357 1972 nactus
1372 1907 1405 1973 in
1423 1908 1510 1972 navi·
1523 1924 1548 1965 ιι

181 1999 310 2086 gadam
328 2006 435 2064 nostra
459 1997 607 2083 pusillum
627 1997 796 2064 laxamenti
825 1996 1010 2063 concinnavi
1036 1996 1093 2064 tibi
1117 2000 1336 2066 munusculum
1357 2021 1398 2066 ex
1422 1999 1510 2066 insti·

180 2097 251 2160 tuto
273 2113 361 2167 meo,
384 2100 416 2157 et
443 2091 559 2158 dicum
582 2112 653 2157 cum
680 2112 794 2177 magno
816 2100 926 2156 nostm
948 2092 1069 2159 bonore
1091 2113 1109 2158 a
1130 2101 1160 2158 te
1181 2093 1296 2160 dictum
1319 2093 1457 2160 conclusi
1479 2103 1511 2160 et

181 2186 241 2252 tibi
266 2185 348 2252 inl'ra
374 2184 557 2272 srrbscripsi.
607 2192 642 2252 In
667 2185 782 2273 quibus
806 2185 968 2252 versiculis
988 2187 1014 2252 si
1041 2186 1096 2254 tibi
1125 2185 1310 2274 quibusdam
1331 2187 1438 2254 verbis
1459 2192 1511 2255 sii-

182 2284 487 2368 θυῤῥημονέστερος
518 2279 665 2354 videbor,
702 2278 864 2368 turpitudo
890 2301 1043 2366 personae
1071 2281 1158 2356 eius,
1196 2281 1229 2346 in
1258 2302 1351 2368 quam
1380 2281 1510 2348 liberius

181 2374 376 2449 invehimur,
413 2395 471 2440 nos
499 2372 677 2440 vindicabit.
728 2379 873 2460 Ignoscas
902 2380 995 2441 etiam
1026 2375 1208 2442 iracundiae
1236 2384 1389 2450 poshac,
1427 2394 1547 2462 quaero

181 2468 266 2534 insta
288 2476 336 2534 est
360 2467 393 2532 iu
413 2467 569 2535 eiusmodi
588 2477 620 2533 ct
641 2467 783 2534 homines
801 2477 833 2533 et
852 2467 947 2534 cives.
1003 2467 1218 2557 Deinde,an
1241 2467 1423 2553 magisboc
1447 2473 1510 2534 Lu-

181 2562 256 2628 cilio
279 2561 403 2629 licuerit
429 2581 591 2628 assumere
625 2561 777 2628 libertatis
808 2582 900 2649 qnam
934 2557 1046 2628 nobis?
1075 2583 1164 2638 cnm,
1195 2562 1316 2628 etiamsi
1344 2561 1419 2628 odio
1439 2567 1508 2649 pari

181 2655 332 2723 fueritin
358 2676 433 2731 eos,
463 2677 543 2742 qnos
573 2656 678 2731 laesit,
709 2663 811 2720 umen
834 2665 919 2720 certe
944 2676 1007 2721 non
1031 2655 1130 2741 magis
1155 2654 1267 2741 dignos
1293 2655 1453 2730 babuerit,
1476 2655 1509 2720 iu

180 2771 263 2836 qnos
284 2758 367 2814 ιιιιιιι
392 2749 537 2816 libertate
558 2749 729 2817 verborum
752 2750 938 2815 incurreret.
992 2754 1024 2815 4.
1046 2755 1112 2825 Tu,
1149 2755 1229 2816 sicut
1253 2750 1331 2816 mihi
1352 2750 1509 2836 pollicitus

180 2864 236 2916 es,
273 2842 424 2929 adiunges
446 2864 496 2908 me
518 2864 611 2930 quam
634 2844 771 2930 primum
799 2843 839 2908 ad
854 2851 932 2924 ¹tuos
957 2863 1130 2908 sermones.
1182 2848 1323 2930 Namque
1344 2842 1422 2909 illud
1445 2862 1548 2908 nont-¹·

181 2937 303 3012 dubito,
326 2942 420 3024 quim
438 2937 465 3003 si
487 2937 562 3026 qnid
583 2938 624 3003 de
645 2937 773 3003 interitu
798 2937 938 3002 Caesaris
961 2935 1093 3012 scribas,
1116 2957 1179 3002 non
1196 2936 1325 3022 patiaris
1347 2957 1397 3001 me
1418 2936 1509 3000 mini-

181 3053 266 3096 mam
288 3041 409 3118 partem
435 3040 467 3096 et
493 3032 541 3096 rei
568 3040 601 3096 et
626 3031 742 3096 amoris
763 3030 810 3095 tui
831 3029 926 3094 ferre.
969 3029 1045 3097 Vale
1068 3038 1099 3094 et
1122 3039 1255 3096 matrem
1277 3048 1429 3116 meosque
1451 3028 1508 3095 tibi

181 3125 418 3192 commendatos
439 3124 530 3192 habe.
574 3129 612 3190 D.
635 3144 712 3190 vm.
734 3123 888 3190 Kalendas
909 3123 1030 3199 Iunias,
1052 3122 1191 3190 Athenis.

630 3286 728 3350 nur.
778 3283 832 3365 (A.
858 3287 890 3350 ιι
913 3286 945 3350 e.
967 3284 1058 3366 ros.)

477 3407 733 3475 mentiosi).
757 3407 981 3472 CORNIFICIO
1005 3407 1223 3474 COLLEGAE.
1516 3423 1543 3462 δι’

270 3523 299 3586 1.
322 3523 415 3586 Grata
436 3517 515 3584 mihi
538 3517 741 3584 vehementer
761 3526 807 3582 est
831 3517 984 3582 memoria
1007 3518 1108 3583 nostri
1126 3526 1194 3594 tua,
1216 3539 1309 3606 quam
1332 3517 1509 3605 significasti

180 3613 309 3692 litteris;
332 3634 426 3700 qnam
445 3622 481 3678 nt
497 3632 681 3687 conserves,
702 3632 766 3677 non
788 3630 851 3697 quo
873 3609 913 3676 de
934 3619 986 3676 tua
1004 3613 1176 3678 constantia
1190 3612 1346 3691 dubitem,
1368 3614 1424 3681 sed
1436 3619 1508 3702 qnia

181 3731 251 3774 mos
272 3717 320 3774 est
334 3707 375 3772 ita
396 3703 547 3791 rogandi,
570 3725 660 3790 rogo.
702 3708 754 3770 lix
777 3704 866 3794 Syria
884 3704 975 3771 nobis
998 3707 1241 3773 tumultuosiora
1262 3707 1416 3796 quaedam
1431 3731 1509 3775 nun·
1624 3717 1628 3726 '

181 3803 255 3870 tiata
285 3809 377 3877 suut,
410 3820 511 3886 quae,
547 3798 621 3886 quia
650 3797 706 3864 tihi
734 3808 806 3864 sunt
833 3800 984 3887 propiora
1009 3821 1102 3887 qnam
1126 3800 1234 3877 nobis,
1270 3810 1324 3869 tna
1344 3823 1394 3868 mo
1416 3822 1507 3868 cansa

181 3895 280 3982 magis
301 3903 429 3960 movent
450 3913 544 3980 quam
569 3914 649 3958 mea.
692 3897 810 3959 Romae
835 3914 992 3958 summum
1014 3895 1114 3960 otium
1137 3903 1198 3970 est,
1227 3895 1283 3962 scd
1304 3897 1366 3972 ita,
1388 3906 1424 3961 ιιι
1445 3915 1548 3963 ma-ss

182 3990 219 4056 lis
241 3987 367 4056 salubre
396 3985 524 4072 aliquod
549 3996 580 4052 et
601 3986 767 4053 honestum
791 3987 961 4071 negotium.
1006 3987 1099 4065 Quod
1124 4009 1218 4074 spero
1244 3989 1339 4068 iore;
1361 3989 1456 4055 video
1477 3989 1510 4054 id

182 4105 276 4150 corae
299 4104 369 4148 esse
384 4081 518 4148 Caesari.
561 4085 592 4146 2.
614 4085 664 4146 Ile
686 4082 785 4154 scito,
808 4080 883 4146 dum
898 4089 932 4146 tn
957 4079 1055 4156 absis,
1082 4083 1171 4169 qnasi
1191 4085 1391 4151 occasionem
1413 4104 1511 4171 qnan-

183 4178 254 4244 dam
287 4185 319 4243 et
339 4175 497 4242 licentiam
524 4183 649 4240 nactum
676 4173 815 4240 scribere
838 4173 1004 4252 audacius;
1027 4184 1059 4240 et
1078 4184 1181 4242 cetera
1206 4177 1333 4265 quidem
1355 4177 1508 4252 fortasse,

182 4291 264 4359 qnae
289 4271 383 4336 etiam
418 4277 451 4334 tu
478 4266 681 4344 concederes;
720 4267 775 4332 sed
796 4267 943 4354 proxime
973 4269 1084 4356 scripsi
1105 4268 1144 4335 de
1173 4271 1294 4357 optimo
1327 4291 1441 4356 genere
1463 4268 1510 4334 di·

182 4365 288 4442 cendi,
310 4365 343 4430 in
364 4383 429 4450 quo
446 4383 540 4448 saepe
561 4361 735 4447 suspicatus
756 4382 826 4426 sum
841 4371 871 4429 te
893 4359 932 4426 ab
953 4361 1071 4428 indicio
1092 4372 1225 4440 nostro,
1247 4365 1293 4430 sic
1317 4363 1453 4438 scilicet,
1475 4373 1547 4428 ιιιιιι

184 4459 311 4526 doctum
333 4457 495 4546 bominem
522 4454 562 4520 ab
592 4475 656 4520 non
678 4452 823 4528 indocto,
859 4453 1032 4541 paullulum
1054 4455 1216 4524 dissidere.
1269 4457 1351 4524 IIuic
1371 4467 1405 4523 tn
1426 4455 1508 4522 libro

183 4554 318 4620 maxime
345 4550 441 4616 velim
470 4570 511 4615 en
531 4549 656 4622 animo,
694 4552 719 4613 si
746 4548 878 4626 minus„
892 4554 1010 4634 gratiae
1042 4571 1135 4616 causa
1164 4552 1348 4638 suffragare.
1400 4549 1509 4615 Dicam

182 4648 264 4722 tuis,
286 4655 323 4712 ut
343 4666 432 4719 enm,
454 4649 480 4709 si
499 4643 614 4718 velint,
637 4639 815 4708 describant
829 4640 867 4706 ad
884 4652 976 4728 teque
998 4643 1129 4710 mittant.
1171 4650 1251 4712 Puto
1266 4645 1366 4719 enim,
1388 4641 1509 4708 etiamsi

182 4763 250 4806 rem
272 4745 376 4805 minus
397 4735 565 4826 probabis,
588 4746 691 4802 umen
712 4735 745 4801 in
767 4734 827 4801 ista
847 4735 1032 4813 solitudine,
1055 4738 1208 4826 quidquid
1228 4760 1246 4804 a
1268 4761 1318 4804 me
1333 4738 1508 4826 proiectum

253 4949 298 5000 aa.
317 4947 458 4998 massam
476 4947 508 4996 n.
527 4967 561 4982 -
590 4945 635 4996 ιι.
653 4943 718 4994 mus
735 4931 819 4996 ιιιιι
839 4945 1509 5014 hammonis.-1s.opaom.ooerr.

184 5021 209 5072 1.
229 5021 324 5081 scripsi
342 5018 431 5068 Gnell.
452 5017 479 5066 2.
508 5041 539 5054 -
592 5015 638 5066 22.
663 5015 728 5078 port
753 5029 815 5066 com
843 5015 975 5069 Iamhlno
999 5019 1038 5069 II:
1066 5033 1120 5083 por
1137 5018 1174 5070 II.
1197 5045 1226 5057 -
1264 5019 1309 5070 37.
1328 5021 1387 5070 odes
1404 5020 1512 5072 Iambl-

185 5105 247 5142 nns.
269 5112 300 5124 -
337 5088 382 5140 40.
401 5087 434 5138 oh
451 5085 498 5139 tt:
517 5100 535 5137 o
554 5085 584 5136 c.
603 5110 638 5120 -
672 5084 717 5135 44.
736 5085 862 5150 probobts
880 5087 923 5140 lla
961 5089 1085 5152 molesta
1103 5089 1253 5141 Ernestius.
