<?xml version="1.0" encoding="UTF-8"?>
<!DOCTYPE html PUBLIC "-//W3C//DTD XHTML 1.0 Transitional//EN"
    "http://www.w3.org/TR/xhtml1/DTD/xhtml1-transitional.dtd">
<html xmlns="http://www.w3.org/1999/xhtml" xml:lang="en" lang="en">
 <head>
  <title>
</title>
<meta http-equiv="Content-Type" content="text/html;charset=utf-8" />
  <meta name='ocr-system' content='tesseract 3.04.00' />
  <meta name='ocr-capabilities' content='ocr_page ocr_carea ocr_par ocr_line ocrx_word'/>
</head>
<body>
  <div class='ocr_page' id='page_1' title='image "./mtulliiciceroni06baitgoog_0023.png"; bbox 0 0 3666 5874; ppageno 0'>
   <div class='ocr_carea' id='block_1_1' title="bbox 269 239 350 290">
    <p class='ocr_par' dir='ltr' id='par_1_1' title="bbox 269 239 350 290">
     <span class='ocr_line' id='line_1_1' title="bbox 269 239 350 290; baseline 0 0"><span class='ocrx_word' id='word_1_1' title='bbox 269 239 350 290; x_wconf 74' lang='lat' dir='ltr'><strong>xxm</strong></span> 
     </span>
    </p>
   </div>
   <div class='ocr_carea' id='block_1_2' title="bbox 169 383 1644 4125">
    <p class='ocr_par' dir='ltr' id='par_1_2' title="bbox 169 383 1644 4125">
     <span class='ocr_line' id='line_1_2' title="bbox 269 383 1600 494; baseline 0.013 -41"><span class='ocrx_word' id='word_1_2' title='bbox 269 405 337 478; x_wconf 80' lang='lat' dir='ltr'><strong>ego</strong></span> <span class='ocrx_word' id='word_1_3' title='bbox 370 388 481 454; x_wconf 89' lang='lat' dir='ltr'><strong>autem</strong></span> <span class='ocrx_word' id='word_1_4' title='bbox 508 383 598 456; x_wconf 89' lang='lat' dir='ltr'><strong>bunc</strong></span> <span class='ocrx_word' id='word_1_5' title='bbox 628 389 792 474; x_wconf 90' lang='lat' dir='ltr'><strong>pessimae</strong></span> <span class='ocrx_word' id='word_1_6' title='bbox 824 407 907 458; x_wconf 85' lang='lat' dir='ltr'><strong>sane</strong></span> <span class='ocrx_word' id='word_1_7' title='bbox 935 395 1036 460; x_wconf 88' lang='lat' dir='ltr'><strong>notae</strong></span> <span class='ocrx_word' id='word_1_8' title='bbox 1064 393 1182 462; x_wconf 89' lang='lat' dir='ltr'><strong>librum</strong></span> <span class='ocrx_word' id='word_1_9' title='bbox 1209 394 1362 466; x_wconf 86' lang='lat' dir='ltr'><strong>Italicum</strong></span> <span class='ocrx_word' id='word_1_10' title='bbox 1389 387 1465 468; x_wconf 88' lang='lat' dir='ltr'><strong>esse</strong></span> <span class='ocrx_word' id='word_1_11' title='bbox 1493 400 1600 494; x_wconf 79' lang='lat' dir='ltr'><strong>longo</strong></span> 
     </span>
     <span class='ocr_line' id='line_1_3' title="bbox 169 492 1600 592; baseline 0.013 -36"><span class='ocrx_word' id='word_1_12' title='bbox 169 565 173 575; x_wconf 44' lang='grc'>,</span> <span class='ocrx_word' id='word_1_13' title='bbox 275 492 496 560; x_wconf 90' lang='lat' dir='ltr'><strong>recentiorem</strong></span> <span class='ocrx_word' id='word_1_14' title='bbox 513 493 631 578; x_wconf 87' lang='lat' dir='ltr'><strong>partim</strong></span> <span class='ocrx_word' id='word_1_15' title='bbox 646 494 805 580; x_wconf 88' lang='lat' dir='ltr'><strong>perspexi</strong></span> <span class='ocrx_word' id='word_1_16' title='bbox 821 512 864 562; x_wconf 91' lang='lat' dir='ltr'><strong>ex</strong></span> <span class='ocrx_word' id='word_1_17' title='bbox 878 514 968 564; x_wconf 88' lang='lat' dir='ltr'><strong>nova</strong></span> <span class='ocrx_word' id='word_1_18' title='bbox 983 499 1056 564; x_wconf 90' lang='lat' dir='ltr'><strong>aius</strong></span> <span class='ocrx_word' id='word_1_19' title='bbox 1068 499 1248 567; x_wconf 89' lang='lat' dir='ltr'><strong>collatione</strong></span> <span class='ocrx_word' id='word_1_20' title='bbox 1271 500 1522 592; x_wconf 70' lang='lat' dir='ltr'><strong>diligentissime</strong></span> <span class='ocrx_word' id='word_1_21' title='bbox 1544 509 1600 574; x_wconf 89' lang='lat' dir='ltr'><strong>ln-</strong></span> 
     </span>
     <span class='ocr_line' id='line_1_4' title="bbox 267 595 1644 686; baseline 0.014 -24"><span class='ocrx_word' id='word_1_22' title='bbox 267 597 389 662; x_wconf 89' lang='lat' dir='ltr'><strong>stituta</strong></span> <span class='ocrx_word' id='word_1_23' title='bbox 399 615 420 664; x_wconf 90' lang='lat' dir='ltr'><strong>a</strong></span> <span class='ocrx_word' id='word_1_24' title='bbox 431 595 578 684; x_wconf 88' lang='lat' dir='ltr'><strong>Meyern</strong></span> <span class='ocrx_word' id='word_1_25' title='bbox 590 615 681 684; x_wconf 90' lang='lat' dir='ltr'><strong>meo;</strong></span> <span class='ocrx_word' id='word_1_26' title='bbox 703 600 823 684; x_wconf 88' lang='lat' dir='ltr'><strong>partim</strong></span> <span class='ocrx_word' id='word_1_27' title='bbox 837 604 1042 686; x_wconf 88' lang='lat' dir='ltr'><strong>compertam</strong></span> <span class='ocrx_word' id='word_1_28' title='bbox 1056 601 1164 670; x_wconf 85' lang='lat' dir='ltr'><strong>babeo</strong></span> <span class='ocrx_word' id='word_1_29' title='bbox 1179 623 1222 672; x_wconf 93' lang='lat' dir='ltr'><strong>ex</strong></span> <span class='ocrx_word' id='word_1_30' title='bbox 1239 606 1430 675; x_wconf 89' lang='lat' dir='ltr'><strong>testimonio</strong></span> <span class='ocrx_word' id='word_1_31' title='bbox 1446 608 1600 680; x_wconf 82' lang='lat' dir='ltr'><strong>Virorum</strong></span> <span class='ocrx_word' id='word_1_32' title='bbox 1640 671 1644 680; x_wconf 93' lang='lat'>.</span> 
     </span>
     <span class='ocr_line' id='line_1_5' title="bbox 268 698 1599 799; baseline 0.014 -34"><span class='ocrx_word' id='word_1_33' title='bbox 268 698 440 768; x_wconf 90' lang='lat' dir='ltr'><strong>doctorum</strong></span> <span class='ocrx_word' id='word_1_34' title='bbox 461 701 700 789; x_wconf 88' lang='lat' dir='ltr'><strong>Lipsiensium,</strong></span> <span class='ocrx_word' id='word_1_35' title='bbox 730 704 785 789; x_wconf 92' lang='lat' dir='ltr'><strong>qui</strong></span> <span class='ocrx_word' id='word_1_36' title='bbox 808 704 964 790; x_wconf 91' lang='lat' dir='ltr'><strong>precibus</strong></span> <span class='ocrx_word' id='word_1_37' title='bbox 985 707 1066 786; x_wconf 79' lang='lat' dir='ltr'><strong>mets</strong></span> <span class='ocrx_word' id='word_1_38' title='bbox 1088 709 1233 799; x_wconf 77' lang='lat' dir='ltr'><strong>benigne</strong></span> <span class='ocrx_word' id='word_1_39' title='bbox 1256 710 1424 798; x_wconf 87' lang='lat' dir='ltr'><strong>obsecuti,</strong></span> <span class='ocrx_word' id='word_1_40' title='bbox 1456 731 1599 782; x_wconf 85' lang='lat' dir='ltr'><strong>accura-</strong></span> 
     </span>
     <span class='ocr_line' id='line_1_6' title="bbox 266 805 1598 895; baseline 0.012 -26"><span class='ocrx_word' id='word_1_41' title='bbox 266 805 334 872; x_wconf 85' lang='lat' dir='ltr'><strong>tius</strong></span> <span class='ocrx_word' id='word_1_42' title='bbox 355 824 464 891; x_wconf 82' lang='lat' dir='ltr'>nuper</span> <span class='ocrx_word' id='word_1_43' title='bbox 484 805 623 873; x_wconf 92' lang='lat' dir='ltr'><strong>eundem</strong></span> <span class='ocrx_word' id='word_1_44' title='bbox 646 825 720 874; x_wconf 92' lang='lat' dir='ltr'><strong>cum</strong></span> <span class='ocrx_word' id='word_1_45' title='bbox 742 808 989 895; x_wconf 81' lang='lat' dir='ltr'><strong>inspexissent,</strong></span> <span class='ocrx_word' id='word_1_46' title='bbox 1010 812 1125 880; x_wconf 89' lang='lat' dir='ltr'><strong>seculo</strong></span> <span class='ocrx_word' id='word_1_47' title='bbox 1145 831 1303 881; x_wconf 87' lang='lat' dir='ltr'><strong>summum</strong></span> <span class='ocrx_word' id='word_1_48' title='bbox 1316 813 1412 883; x_wconf 87' lang='lat' dir='ltr'><strong>XIV.</strong></span> <span class='ocrx_word' id='word_1_49' title='bbox 1426 822 1598 885; x_wconf 86' lang='lat' dir='ltr'><strong>exoratum</strong></span> 
     </span>
     <span class='ocr_line' id='line_1_7' title="bbox 264 908 1598 1006; baseline 0.01 -32"><span class='ocrx_word' id='word_1_50' title='bbox 264 908 465 977; x_wconf 90' lang='lat' dir='ltr'><strong>iudicarunt.</strong></span> <span class='ocrx_word' id='word_1_51' title='bbox 508 909 663 977; x_wconf 85' lang='lat' dir='ltr'><strong>Alterum</strong></span> <span class='ocrx_word' id='word_1_52' title='bbox 685 912 747 976; x_wconf 89' lang='lat' dir='ltr'><strong>inm</strong></span> <span class='ocrx_word' id='word_1_53' title='bbox 770 917 1000 1002; x_wconf 79' lang='lat' dir='ltr'><strong>argumentum</strong></span> <span class='ocrx_word' id='word_1_54' title='bbox 1023 913 1191 982; x_wconf 90' lang='lat' dir='ltr'><strong>Wunderi</strong></span> <span class='ocrx_word' id='word_1_55' title='bbox 1221 922 1290 1006; x_wconf 88' lang='lat' dir='ltr'><strong>asi,</strong></span> <span class='ocrx_word' id='word_1_56' title='bbox 1322 919 1447 988; x_wconf 89' lang='lat' dir='ltr'><strong>litteris</strong></span> <span class='ocrx_word' id='word_1_57' title='bbox 1471 941 1598 990; x_wconf 89' lang='lat' dir='ltr'><strong>mecum</strong></span> 
     </span>
     <span class='ocr_line' id='line_1_8' title="bbox 266 1004 1598 1116; baseline 0.008 -34"><span class='ocrx_word' id='word_1_58' title='bbox 266 1004 538 1082; x_wconf 90' lang='lat' dir='ltr'><strong>communicatum</strong></span> <span class='ocrx_word' id='word_1_59' title='bbox 547 1004 609 1096; x_wconf 66' lang='lat' dir='ltr'><strong>a),</strong></span> <span class='ocrx_word' id='word_1_60' title='bbox 655 1013 728 1082; x_wconf 66' lang='lat' dir='ltr'><strong>«Ex</strong></span> <span class='ocrx_word' id='word_1_61' title='bbox 750 1032 807 1101; x_wconf 90' lang='lat' dir='ltr'><strong>eo,</strong></span> <span class='ocrx_word' id='word_1_62' title='bbox 830 1018 953 1106; x_wconf 90' lang='lat' dir='ltr'><strong>lnquit,</strong></span> <span class='ocrx_word' id='word_1_63' title='bbox 975 1017 1083 1110; x_wconf 91' lang='lat' dir='ltr'><strong>quod,</strong></span> <span class='ocrx_word' id='word_1_64' title='bbox 1105 1039 1155 1086; x_wconf 90' lang='lat' dir='ltr'><strong>me</strong></span> <span class='ocrx_word' id='word_1_65' title='bbox 1176 1040 1307 1109; x_wconf 89' lang='lat' dir='ltr'><strong>quoque</strong></span> <span class='ocrx_word' id='word_1_66' title='bbox 1329 1021 1418 1091; x_wconf 90' lang='lat' dir='ltr'><strong>haud</strong></span> <span class='ocrx_word' id='word_1_67' title='bbox 1440 1031 1598 1116; x_wconf 80' lang='lat' dir='ltr'><strong>negante,</strong></span> 
     </span>
     <span class='ocr_line' id='line_1_9' title="bbox 265 1116 1598 1220; baseline 0.009 -36"><span class='ocrx_word' id='word_1_68' title='bbox 265 1116 518 1186; x_wconf 81' lang='lat' dir='ltr'><strong>CdMediceus</strong></span> <span class='ocrx_word' id='word_1_69' title='bbox 540 1119 682 1186; x_wconf 88' lang='lat' dir='ltr'><strong>omnium</strong></span> <span class='ocrx_word' id='word_1_70' title='bbox 705 1123 757 1186; x_wconf 88' lang='lat' dir='ltr'><strong>est</strong></span> <span class='ocrx_word' id='word_1_71' title='bbox 779 1121 1047 1208; x_wconf 87' lang='lat' dir='ltr'><strong>antiquissimus,</strong></span> <span class='ocrx_word' id='word_1_72' title='bbox 1079 1126 1269 1211; x_wconf 87' lang='lat' dir='ltr'><strong>neutiquam</strong></span> <span class='ocrx_word' id='word_1_73' title='bbox 1298 1129 1363 1194; x_wconf 89' lang='lat' dir='ltr'><strong>rite</strong></span> <span class='ocrx_word' id='word_1_74' title='bbox 1388 1129 1546 1220; x_wconf 83' lang='lat' dir='ltr'><strong>colliges,</strong></span> <span class='ocrx_word' id='word_1_75' title='bbox 1579 1147 1598 1196; x_wconf 89' lang='lat' dir='ltr'><strong>c</strong></span> 
     </span>
     <span class='ocr_line' id='line_1_10' title="bbox 263 1213 1599 1317; baseline 0.007 -29"><span class='ocrx_word' id='word_1_76' title='bbox 263 1219 423 1290; x_wconf 90' lang='lat' dir='ltr'><strong>Mediceo</strong></span> <span class='ocrx_word' id='word_1_77' title='bbox 446 1213 607 1310; x_wconf 83' lang='lat' dir='ltr'><strong>[eiusque</strong></span> <span class='ocrx_word' id='word_1_78' title='bbox 630 1214 860 1312; x_wconf 79' lang='lat' dir='ltr'><strong>apographis]</strong></span> <span class='ocrx_word' id='word_1_79' title='bbox 884 1229 1019 1294; x_wconf 88' lang='lat' dir='ltr'><strong>ceteros</strong></span> <span class='ocrx_word' id='word_1_80' title='bbox 1041 1246 1155 1296; x_wconf 85' lang='lat' dir='ltr'><strong>omnes</strong></span> <span class='ocrx_word' id='word_1_81' title='bbox 1177 1227 1367 1317; x_wconf 88' lang='lat' dir='ltr'><strong>descriptos</strong></span> <span class='ocrx_word' id='word_1_82' title='bbox 1389 1249 1492 1300; x_wconf 74' lang='lat' dir='ltr'><strong>esse.»</strong></span> <span class='ocrx_word' id='word_1_83' title='bbox 1537 1229 1599 1299; x_wconf 88' lang='lat' dir='ltr'><strong>Si-</strong></span> 
     </span>
     <span class='ocr_line' id='line_1_11' title="bbox 264 1324 1598 1414; baseline 0.006 -22"><span class='ocrx_word' id='word_1_84' title='bbox 264 1327 479 1394; x_wconf 91' lang='lat' dir='ltr'><strong>militudinem</strong></span> <span class='ocrx_word' id='word_1_85' title='bbox 500 1332 612 1394; x_wconf 88' lang='lat' dir='ltr'><strong>autem</strong></span> <span class='ocrx_word' id='word_1_86' title='bbox 634 1345 730 1413; x_wconf 88' lang='lat' dir='ltr'><strong>qnam</strong></span> <span class='ocrx_word' id='word_1_87' title='bbox 751 1327 865 1414; x_wconf 85' lang='lat' dir='ltr'><strong>allert,</strong></span> <span class='ocrx_word' id='word_1_88' title='bbox 886 1324 947 1398; x_wconf 74' lang='lat' dir='ltr'><strong>Cd.</strong></span> <span class='ocrx_word' id='word_1_89' title='bbox 962 1329 1162 1399; x_wconf 87' lang='lat' dir='ltr'><strong>Bavaricum</strong></span> <span class='ocrx_word' id='word_1_90' title='bbox 1177 1331 1382 1402; x_wconf 87' lang='lat' dir='ltr'><strong>Plancianac</strong></span> <span class='ocrx_word' id='word_1_91' title='bbox 1396 1337 1474 1403; x_wconf 85' lang='lat' dir='ltr'><strong>item</strong></span> <span class='ocrx_word' id='word_1_92' title='bbox 1490 1338 1598 1403; x_wconf 86' lang='lat' dir='ltr'><strong>omni-</strong></span> 
     </span>
     <span class='ocr_line' id='line_1_12' title="bbox 263 1431 1598 1532; baseline 0.005 -32"><span class='ocrx_word' id='word_1_93' title='bbox 263 1431 328 1500; x_wconf 92' lang='lat' dir='ltr'><strong>bus</strong></span> <span class='ocrx_word' id='word_1_94' title='bbox 348 1433 478 1498; x_wconf 89' lang='lat' dir='ltr'><strong>anteire</strong></span> <span class='ocrx_word' id='word_1_95' title='bbox 499 1435 630 1520; x_wconf 87' lang='lat' dir='ltr'><strong>aetate,</strong></span> <span class='ocrx_word' id='word_1_96' title='bbox 651 1450 761 1518; x_wconf 88' lang='lat' dir='ltr'><strong>neque</strong></span> <span class='ocrx_word' id='word_1_97' title='bbox 783 1435 894 1498; x_wconf 91' lang='lat' dir='ltr'><strong>tamen</strong></span> <span class='ocrx_word' id='word_1_98' title='bbox 916 1452 936 1500; x_wconf 90' lang='lat' dir='ltr'><strong>e</strong></span> <span class='ocrx_word' id='word_1_99' title='bbox 958 1432 1127 1504; x_wconf 87' lang='lat' dir='ltr'><strong>Bavarico</strong></span> <span class='ocrx_word' id='word_1_100' title='bbox 1150 1433 1356 1524; x_wconf 88' lang='lat' dir='ltr'><strong>descriptum</strong></span> <span class='ocrx_word' id='word_1_101' title='bbox 1378 1457 1453 1508; x_wconf 90' lang='lat' dir='ltr'><strong>esse</strong></span> <span class='ocrx_word' id='word_1_102' title='bbox 1474 1459 1598 1532; x_wconf 81' lang='lat' dir='ltr'><strong>recen-</strong></span> 
     </span>
     <span class='ocr_line' id='line_1_13' title="bbox 263 1535 1598 1628; baseline 0.008 -28"><span class='ocrx_word' id='word_1_103' title='bbox 263 1537 381 1602; x_wconf 90' lang='lat' dir='ltr'><strong>tiorem</strong></span> <span class='ocrx_word' id='word_1_104' title='bbox 409 1535 662 1624; x_wconf 79' lang='lat' dir='ltr'><strong>Erlurtensem,</strong></span> <span class='ocrx_word' id='word_1_105' title='bbox 696 1535 778 1602; x_wconf 89' lang='lat' dir='ltr'><strong>nibil</strong></span> <span class='ocrx_word' id='word_1_106' title='bbox 808 1554 891 1604; x_wconf 88' lang='lat' dir='ltr'><strong>sane</strong></span> <span class='ocrx_word' id='word_1_107' title='bbox 932 1557 1053 1607; x_wconf 86' lang='lat' dir='ltr'><strong>moror.</strong></span> <span class='ocrx_word' id='word_1_108' title='bbox 1106 1539 1239 1606; x_wconf 82' lang='lat' dir='ltr'><strong>Etenim</strong></span> <span class='ocrx_word' id='word_1_109' title='bbox 1271 1540 1359 1628; x_wconf 93' lang='lat' dir='ltr'><strong>quod</strong></span> <span class='ocrx_word' id='word_1_110' title='bbox 1389 1545 1598 1611; x_wconf 83' lang='lat' dir='ltr'><strong>verissimum</strong></span> 
     </span>
     <span class='ocr_line' id='line_1_14' title="bbox 265 1639 1598 1733; baseline 0.007 -27"><span class='ocrx_word' id='word_1_111' title='bbox 265 1657 341 1706; x_wconf 88' lang='lat' dir='ltr'><strong>esse</strong></span> <span class='ocrx_word' id='word_1_112' title='bbox 364 1644 479 1726; x_wconf 88' lang='lat' dir='ltr'><strong>potest</strong></span> <span class='ocrx_word' id='word_1_113' title='bbox 500 1641 622 1707; x_wconf 90' lang='lat' dir='ltr'><strong>inuno</strong></span> <span class='ocrx_word' id='word_1_114' title='bbox 644 1639 757 1725; x_wconf 91' lang='lat' dir='ltr'><strong>aliquo</strong></span> <span class='ocrx_word' id='word_1_115' title='bbox 779 1640 925 1726; x_wconf 89' lang='lat' dir='ltr'><strong>scripto,</strong></span> <span class='ocrx_word' id='word_1_116' title='bbox 954 1661 989 1708; x_wconf 86' lang='lat' dir='ltr'><strong>v.</strong></span> <span class='ocrx_word' id='word_1_117' title='bbox 1003 1660 1033 1710; x_wconf 83' lang='lat' dir='ltr'><strong>c.</strong></span> <span class='ocrx_word' id='word_1_118' title='bbox 1049 1644 1082 1709; x_wconf 95' lang='lat' dir='ltr'><strong>in</strong></span> <span class='ocrx_word' id='word_1_119' title='bbox 1106 1641 1268 1712; x_wconf 81' lang='lat' dir='ltr'><strong>Oratione</strong></span> <span class='ocrx_word' id='word_1_120' title='bbox 1290 1647 1364 1733; x_wconf 93' lang='lat' dir='ltr'><strong>illo,</strong></span> <span class='ocrx_word' id='word_1_121' title='bbox 1386 1646 1486 1714; x_wconf 92' lang='lat' dir='ltr'><strong>idad</strong></span> <span class='ocrx_word' id='word_1_122' title='bbox 1508 1647 1598 1716; x_wconf 90' lang='lat' dir='ltr'><strong>aliud</strong></span> 
     </span>
     <span class='ocr_line' id='line_1_15' title="bbox 264 1742 1598 1837; baseline 0.004 -25"><span class='ocrx_word' id='word_1_123' title='bbox 264 1746 424 1830; x_wconf 90' lang='lat' dir='ltr'><strong>scriptum</strong></span> <span class='ocrx_word' id='word_1_124' title='bbox 452 1744 591 1835; x_wconf 80' lang='lat' dir='ltr'><strong>generis</strong></span> <span class='ocrx_word' id='word_1_125' title='bbox 618 1763 758 1831; x_wconf 91' lang='lat' dir='ltr'><strong>prorsus</strong></span> <span class='ocrx_word' id='word_1_126' title='bbox 787 1742 911 1811; x_wconf 89' lang='lat' dir='ltr'><strong>diversi</strong></span> <span class='ocrx_word' id='word_1_127' title='bbox 937 1747 1104 1837; x_wconf 78' lang='lat' dir='ltr'><strong>longeque</strong></span> <span class='ocrx_word' id='word_1_128' title='bbox 1126 1748 1193 1814; x_wconf 86' lang='lat' dir='ltr'><strong>olio</strong></span> <span class='ocrx_word' id='word_1_129' title='bbox 1215 1748 1313 1816; x_wconf 93' lang='lat' dir='ltr'><strong>modo</strong></span> <span class='ocrx_word' id='word_1_130' title='bbox 1336 1751 1435 1818; x_wconf 88' lang='lat' dir='ltr'><strong>nobis</strong></span> <span class='ocrx_word' id='word_1_131' title='bbox 1456 1771 1598 1819; x_wconf 90' lang='lat' dir='ltr'><strong>conser-</strong></span> 
     </span>
     <span class='ocr_line' id='line_1_16' title="bbox 263 1847 1597 1942; baseline 0.003 -26"><span class='ocrx_word' id='word_1_132' title='bbox 263 1852 378 1916; x_wconf 87' lang='lat' dir='ltr'><strong>vatum</strong></span> <span class='ocrx_word' id='word_1_133' title='bbox 399 1867 540 1936; x_wconf 91' lang='lat' dir='ltr'><strong>quonam</strong></span> <span class='ocrx_word' id='word_1_134' title='bbox 558 1847 692 1914; x_wconf 85' lang='lat' dir='ltr'><strong>tandem</strong></span> <span class='ocrx_word' id='word_1_135' title='bbox 706 1848 779 1915; x_wconf 91' lang='lat' dir='ltr'><strong>lure</strong></span> <span class='ocrx_word' id='word_1_136' title='bbox 793 1850 1016 1916; x_wconf 87' lang='lat' dir='ltr'><strong>coniectando</strong></span> <span class='ocrx_word' id='word_1_137' title='bbox 1033 1851 1275 1942; x_wconf 72' lang='lat' dir='ltr'><strong>tantummode,</strong></span> <span class='ocrx_word' id='word_1_138' title='bbox 1298 1857 1392 1920; x_wconf 91' lang='lat' dir='ltr'><strong>certo</strong></span> <span class='ocrx_word' id='word_1_139' title='bbox 1407 1855 1597 1921; x_wconf 89' lang='lat' dir='ltr'><strong>testimonio</strong></span> 
     </span>
     <span class='ocr_line' id='line_1_17' title="bbox 263 1944 1595 2044; baseline 0.002 -24"><span class='ocrx_word' id='word_1_140' title='bbox 263 1954 355 2020; x_wconf 87' lang='lat' dir='ltr'><strong>nullo</strong></span> <span class='ocrx_word' id='word_1_141' title='bbox 382 1954 503 2039; x_wconf 91' lang='lat' dir='ltr'><strong>allato,</strong></span> <span class='ocrx_word' id='word_1_142' title='bbox 536 1944 790 2020; x_wconf 70' lang='lat' dir='ltr'><strong>transferetur?</strong></span> <span class='ocrx_word' id='word_1_143' title='bbox 822 1948 967 2042; x_wconf 82' lang='lat' dir='ltr'><strong>Singula</strong></span> <span class='ocrx_word' id='word_1_144' title='bbox 996 1957 1108 2041; x_wconf 91' lang='lat' dir='ltr'><strong>potius</strong></span> <span class='ocrx_word' id='word_1_145' title='bbox 1140 1959 1270 2044; x_wconf 85' lang='lat' dir='ltr'><strong>scripta</strong></span> <span class='ocrx_word' id='word_1_146' title='bbox 1301 1959 1358 2026; x_wconf 83' lang='lat' dir='ltr'><strong>uel</strong></span> <span class='ocrx_word' id='word_1_147' title='bbox 1386 1957 1595 2024; x_wconf 87' lang='lat' dir='ltr'><strong>diversorum</strong></span> 
     </span>
     <span class='ocr_line' id='line_1_18' title="bbox 262 2055 1594 2148; baseline 0.001 -22"><span class='ocrx_word' id='word_1_148' title='bbox 262 2060 462 2144; x_wconf 88' lang='lat' dir='ltr'><strong>scriptorum</strong></span> <span class='ocrx_word' id='word_1_149' title='bbox 484 2058 542 2125; x_wconf 89' lang='lat' dir='ltr'><strong>vel</strong></span> <span class='ocrx_word' id='word_1_150' title='bbox 563 2059 663 2124; x_wconf 89' lang='lat' dir='ltr'><strong>etiam</strong></span> <span class='ocrx_word' id='word_1_151' title='bbox 678 2055 825 2123; x_wconf 89' lang='lat' dir='ltr'><strong>eiusdem</strong></span> <span class='ocrx_word' id='word_1_152' title='bbox 838 2059 1014 2143; x_wconf 88' lang='lat' dir='ltr'><strong>scriptoris</strong></span> <span class='ocrx_word' id='word_1_153' title='bbox 1028 2077 1089 2145; x_wconf 93' lang='lat' dir='ltr'><strong>per</strong></span> <span class='ocrx_word' id='word_1_154' title='bbox 1102 2079 1140 2128; x_wconf 89' lang='lat' dir='ltr'><strong>se</strong></span> <span class='ocrx_word' id='word_1_155' title='bbox 1155 2080 1289 2147; x_wconf 84' lang='lat' dir='ltr'><strong>semper</strong></span> <span class='ocrx_word' id='word_1_156' title='bbox 1301 2066 1381 2129; x_wconf 90' lang='lat' dir='ltr'><strong>sunt</strong></span> <span class='ocrx_word' id='word_1_157' title='bbox 1396 2060 1594 2148; x_wconf 88' lang='lat' dir='ltr'><strong>spectanda.</strong></span> 
     </span>
     <span class='ocr_line' id='line_1_19' title="bbox 261 2159 1596 2252; baseline 0 -22"><span class='ocrx_word' id='word_1_158' title='bbox 261 2161 295 2230; x_wconf 91' lang='lat' dir='ltr'>N</span> <span class='ocrx_word' id='word_1_159' title='bbox 296 2181 335 2230; x_wconf 90' lang='lat' dir='ltr'><strong>cc</strong></span> <span class='ocrx_word' id='word_1_160' title='bbox 351 2181 433 2232; x_wconf 90' lang='lat' dir='ltr'><strong>varo</strong></span> <span class='ocrx_word' id='word_1_161' title='bbox 447 2161 529 2229; x_wconf 92' lang='lat' dir='ltr'><strong>illud</strong></span> <span class='ocrx_word' id='word_1_162' title='bbox 545 2165 623 2248; x_wconf 90' lang='lat' dir='ltr'><strong>post</strong></span> <span class='ocrx_word' id='word_1_163' title='bbox 638 2160 837 2228; x_wconf 84' lang='lat' dir='ltr'><strong>Politianum</strong></span> <span class='ocrx_word' id='word_1_164' title='bbox 851 2159 1102 2250; x_wconf 82' lang='lat' dir='ltr'><strong>Victoriumque</strong></span> <span class='ocrx_word' id='word_1_165' title='bbox 1121 2183 1264 2252; x_wconf 90' lang='lat' dir='ltr'><strong>unquam</strong></span> <span class='ocrx_word' id='word_1_166' title='bbox 1278 2183 1478 2234; x_wconf 87' lang='lat' dir='ltr'><strong>asseverare</strong></span> <span class='ocrx_word' id='word_1_167' title='bbox 1492 2183 1596 2231; x_wconf 85' lang='lat' dir='ltr'><strong>ausus</strong></span> 
     </span>
     <span class='ocr_line' id='line_1_20' title="bbox 263 2263 1595 2356; baseline 0 -22"><span class='ocrx_word' id='word_1_168' title='bbox 263 2284 387 2352; x_wconf 85' lang='lat' dir='ltr'><strong>essem,</strong></span> <span class='ocrx_word' id='word_1_169' title='bbox 424 2268 488 2333; x_wconf 90' lang='lat' dir='ltr'><strong>nisi</strong></span> <span class='ocrx_word' id='word_1_170' title='bbox 515 2268 568 2333; x_wconf 91' lang='lat' dir='ltr'><strong>tot</strong></span> <span class='ocrx_word' id='word_1_171' title='bbox 594 2263 729 2334; x_wconf 85' lang='lat' dir='ltr'><strong>aliunde</strong></span> <span class='ocrx_word' id='word_1_172' title='bbox 752 2266 980 2334; x_wconf 78' lang='lat' dir='ltr'><strong>accessIssent</strong></span> <span class='ocrx_word' id='word_1_173' title='bbox 999 2269 1167 2356; x_wconf 88' lang='lat' dir='ltr'><strong>rationes,</strong></span> <span class='ocrx_word' id='word_1_174' title='bbox 1188 2270 1287 2336; x_wconf 80' lang='lat' dir='ltr'><strong>satis</strong></span> <span class='ocrx_word' id='word_1_175' title='bbox 1307 2271 1446 2355; x_wconf 79' lang='lat' dir='ltr'><strong>copiose</strong></span> <span class='ocrx_word' id='word_1_176' title='bbox 1467 2269 1595 2336; x_wconf 86' lang='lat' dir='ltr'><strong>iamiam</strong></span> 
     </span>
     <span class='ocr_line' id='line_1_21' title="bbox 263 2370 1596 2460; baseline 0 -22"><span class='ocrx_word' id='word_1_177' title='bbox 263 2373 458 2460; x_wconf 80' lang='lat' dir='ltr'><strong>expositae,</strong></span> <span class='ocrx_word' id='word_1_178' title='bbox 479 2370 649 2460; x_wconf 86' lang='lat' dir='ltr'><strong>aliaeque,</strong></span> <span class='ocrx_word' id='word_1_179' title='bbox 672 2387 755 2457; x_wconf 88' lang='lat' dir='ltr'><strong>quas</strong></span> <span class='ocrx_word' id='word_1_180' title='bbox 775 2388 853 2436; x_wconf 90' lang='lat' dir='ltr'><strong>mox</strong></span> <span class='ocrx_word' id='word_1_181' title='bbox 874 2370 1039 2438; x_wconf 87' lang='lat' dir='ltr'><strong>allaturus</strong></span> <span class='ocrx_word' id='word_1_182' title='bbox 1059 2391 1147 2459; x_wconf 91' lang='lat' dir='ltr'><strong>sum;</strong></span> <span class='ocrx_word' id='word_1_183' title='bbox 1171 2373 1364 2458; x_wconf 89' lang='lat' dir='ltr'><strong>quibuscum</strong></span> <span class='ocrx_word' id='word_1_184' title='bbox 1378 2374 1596 2459; x_wconf 88' lang='lat' dir='ltr'><strong>insuperan-</strong></span> 
     </span>
     <span class='ocr_line' id='line_1_22' title="bbox 262 2471 1597 2562; baseline 0.001 -21"><span class='ocrx_word' id='word_1_185' title='bbox 262 2476 402 2562; x_wconf 88' lang='lat' dir='ltr'><strong>tiquitas</strong></span> <span class='ocrx_word' id='word_1_186' title='bbox 423 2471 485 2542; x_wconf 83' lang='lat' dir='ltr'><strong>Cd.</strong></span> <span class='ocrx_word' id='word_1_187' title='bbox 498 2473 647 2542; x_wconf 87' lang='lat' dir='ltr'><strong>Medicei</strong></span> <span class='ocrx_word' id='word_1_188' title='bbox 680 2492 753 2542; x_wconf 91' lang='lat' dir='ltr'><strong>cum</strong></span> <span class='ocrx_word' id='word_1_189' title='bbox 780 2474 981 2561; x_wconf 89' lang='lat' dir='ltr'><strong>reliquorum</strong></span> <span class='ocrx_word' id='word_1_190' title='bbox 1009 2477 1239 2544; x_wconf 78' lang='lat' dir='ltr'><strong>recentissima</strong></span> <span class='ocrx_word' id='word_1_191' title='bbox 1264 2481 1378 2545; x_wconf 83' lang='lat' dir='ltr'><strong>aetate</strong></span> <span class='ocrx_word' id='word_1_192' title='bbox 1400 2481 1597 2562; x_wconf 83' lang='lat' dir='ltr'><strong>comparata</strong></span> 
     </span>
     <span class='ocr_line' id='line_1_23' title="bbox 263 2576 1596 2666; baseline 0.002 -20"><span class='ocrx_word' id='word_1_193' title='bbox 263 2579 461 2666; x_wconf 88' lang='lat' dir='ltr'><strong>permultum</strong></span> <span class='ocrx_word' id='word_1_194' title='bbox 491 2597 575 2646; x_wconf 91' lang='lat' dir='ltr'><strong>sane</strong></span> <span class='ocrx_word' id='word_1_195' title='bbox 602 2579 719 2646; x_wconf 88' lang='lat' dir='ltr'><strong>valere</strong></span> <span class='ocrx_word' id='word_1_196' title='bbox 751 2576 851 2646; x_wconf 89' lang='lat' dir='ltr'><strong>debet</strong></span> <span class='ocrx_word' id='word_1_197' title='bbox 879 2576 924 2644; x_wconf 90' lang='lat' dir='ltr'><strong>ad</strong></span> <span class='ocrx_word' id='word_1_198' title='bbox 951 2583 1099 2647; x_wconf 91' lang='lat' dir='ltr'><strong>nostram</strong></span> <span class='ocrx_word' id='word_1_199' title='bbox 1126 2581 1326 2648; x_wconf 89' lang='lat' dir='ltr'><strong>sententiam</strong></span> <span class='ocrx_word' id='word_1_200' title='bbox 1353 2579 1596 2648; x_wconf 82' lang='lat' dir='ltr'><strong>stabiliendam.</strong></span> 
     </span>
     <span class='ocr_line' id='line_1_24' title="bbox 264 2680 1596 2772; baseline -0.002 -21"><span class='ocrx_word' id='word_1_201' title='bbox 264 2683 424 2752; x_wconf 83' lang='lat' dir='ltr'><strong>Proiecto</strong></span> <span class='ocrx_word' id='word_1_202' title='bbox 446 2684 481 2748; x_wconf 92' lang='lat' dir='ltr'><strong>in</strong></span> <span class='ocrx_word' id='word_1_203' title='bbox 502 2683 595 2749; x_wconf 91' lang='lat' dir='ltr'><strong>nullo</strong></span> <span class='ocrx_word' id='word_1_204' title='bbox 616 2683 683 2749; x_wconf 89' lang='lat' dir='ltr'><strong>alio</strong></span> <span class='ocrx_word' id='word_1_205' title='bbox 703 2680 802 2749; x_wconf 73' lang='lat' dir='ltr'><strong>&#39;l&#39;ullii</strong></span> <span class='ocrx_word' id='word_1_206' title='bbox 817 2682 944 2768; x_wconf 88' lang='lat' dir='ltr'><strong>scripto</strong></span> <span class='ocrx_word' id='word_1_207' title='bbox 966 2683 1052 2751; x_wconf 90' lang='lat' dir='ltr'><strong>idem</strong></span> <span class='ocrx_word' id='word_1_208' title='bbox 1074 2687 1175 2772; x_wconf 91' lang='lat' dir='ltr'><strong>atque</strong></span> <span class='ocrx_word' id='word_1_209' title='bbox 1197 2686 1232 2751; x_wconf 88' lang='lat' dir='ltr'><strong>ln</strong></span> <span class='ocrx_word' id='word_1_210' title='bbox 1253 2682 1306 2751; x_wconf 91' lang='lat' dir='ltr'><strong>his</strong></span> <span class='ocrx_word' id='word_1_211' title='bbox 1327 2683 1414 2772; x_wconf 82' lang='lat' dir='ltr'><strong>Epp.</strong></span> <span class='ocrx_word' id='word_1_212' title='bbox 1429 2683 1500 2752; x_wconf 85' lang='lat' dir='ltr'><strong>fieri</strong></span> <span class='ocrx_word' id='word_1_213' title='bbox 1515 2686 1596 2770; x_wconf 92' lang='lat' dir='ltr'><strong>pot-</strong></span> 
     </span>
     <span class='ocr_line' id='line_1_25' title="bbox 265 2785 1596 2876; baseline -0.002 -20"><span class='ocrx_word' id='word_1_214' title='bbox 265 2791 335 2875; x_wconf 88' lang='lat' dir='ltr'><strong>est,</strong></span> <span class='ocrx_word' id='word_1_215' title='bbox 367 2791 405 2854; x_wconf 91' lang='lat' dir='ltr'><strong>ut</strong></span> <span class='ocrx_word' id='word_1_216' title='bbox 434 2788 561 2855; x_wconf 87' lang='lat' dir='ltr'><strong>certum</strong></span> <span class='ocrx_word' id='word_1_217' title='bbox 590 2787 732 2872; x_wconf 85' lang='lat' dir='ltr'><strong>aliquem</strong></span> <span class='ocrx_word' id='word_1_218' title='bbox 754 2785 937 2855; x_wconf 86' lang='lat' dir='ltr'><strong>indicemus</strong></span> <span class='ocrx_word' id='word_1_219' title='bbox 957 2786 1123 2876; x_wconf 80' lang='lat' dir='ltr'><strong>codicem,</strong></span> <span class='ocrx_word' id='word_1_220' title='bbox 1156 2788 1344 2856; x_wconf 82' lang='lat' dir='ltr'><strong>etiamnunc</strong></span> <span class='ocrx_word' id='word_1_221' title='bbox 1364 2789 1487 2858; x_wconf 89' lang='lat' dir='ltr'><strong>alicubi</strong></span> <span class='ocrx_word' id='word_1_222' title='bbox 1509 2806 1596 2856; x_wconf 89' lang='lat' dir='ltr'><strong>con-</strong></span> 
     </span>
     <span class='ocr_line' id='line_1_26' title="bbox 263 2890 1596 2981; baseline -0.001 -21"><span class='ocrx_word' id='word_1_223' title='bbox 263 2897 452 2981; x_wconf 87' lang='lat' dir='ltr'><strong>servatum,</strong></span> <span class='ocrx_word' id='word_1_224' title='bbox 473 2911 493 2960; x_wconf 93' lang='lat' dir='ltr'><strong>c</strong></span> <span class='ocrx_word' id='word_1_225' title='bbox 515 2910 580 2980; x_wconf 89' lang='lat' dir='ltr'><strong>quo</strong></span> <span class='ocrx_word' id='word_1_226' title='bbox 602 2891 707 2959; x_wconf 90' lang='lat' dir='ltr'><strong>ceteri</strong></span> <span class='ocrx_word' id='word_1_227' title='bbox 727 2892 907 2978; x_wconf 83' lang='lat' dir='ltr'><strong>manarint3</strong></span> <span class='ocrx_word' id='word_1_228' title='bbox 930 2890 1101 2961; x_wconf 88' lang='lat' dir='ltr'><strong>codicibus</strong></span> <span class='ocrx_word' id='word_1_229' title='bbox 1115 2893 1225 2960; x_wconf 91' lang='lat' dir='ltr'><strong>multis</strong></span> <span class='ocrx_word' id='word_1_230' title='bbox 1240 2894 1329 2960; x_wconf 91' lang='lat' dir='ltr'><strong>inter</strong></span> <span class='ocrx_word' id='word_1_231' title='bbox 1341 2911 1379 2960; x_wconf 89' lang='lat' dir='ltr'><strong>se</strong></span> <span class='ocrx_word' id='word_1_232' title='bbox 1394 2895 1596 2980; x_wconf 87' lang='lat' dir='ltr'><strong>comparatis</strong></span> 
     </span>
     <span class='ocr_line' id='line_1_27' title="bbox 261 2993 1595 3081; baseline -0.001 -16"><span class='ocrx_word' id='word_1_233' title='bbox 261 2997 406 3068; x_wconf 78' lang='lat' dir='ltr'><strong>familias</strong></span> <span class='ocrx_word' id='word_1_234' title='bbox 432 2999 504 3064; x_wconf 89' lang='lat' dir='ltr'><strong>tres</strong></span> <span class='ocrx_word' id='word_1_235' title='bbox 531 2998 735 3081; x_wconf 85' lang='lat' dir='ltr'><strong>quattuorve</strong></span> <span class='ocrx_word' id='word_1_236' title='bbox 766 2993 917 3062; x_wconf 90' lang='lat' dir='ltr'><strong>codicum</strong></span> <span class='ocrx_word' id='word_1_237' title='bbox 947 2999 1153 3064; x_wconf 89' lang='lat' dir='ltr'><strong>constituere</strong></span> <span class='ocrx_word' id='word_1_238' title='bbox 1180 2998 1260 3064; x_wconf 90' lang='lat' dir='ltr'><strong>licet</strong></span> <span class='ocrx_word' id='word_1_239' title='bbox 1281 2997 1317 3063; x_wconf 91' lang='lat' dir='ltr'><strong>in</strong></span> <span class='ocrx_word' id='word_1_240' title='bbox 1338 2997 1433 3064; x_wconf 85' lang='lat' dir='ltr'><strong>libris</strong></span> <span class='ocrx_word' id='word_1_241' title='bbox 1454 2998 1595 3065; x_wconf 90' lang='lat' dir='ltr'><strong>omnium</strong></span> 
     </span>
     <span class='ocr_line' id='line_1_28' title="bbox 260 3098 1595 3190; baseline -0.001 -21"><span class='ocrx_word' id='word_1_242' title='bbox 260 3102 403 3169; x_wconf 84' lang='lat' dir='ltr'><strong>maxime</strong></span> <span class='ocrx_word' id='word_1_243' title='bbox 433 3101 661 3190; x_wconf 78' lang='lat' dir='ltr'><strong>pervulgatis,</strong></span> <span class='ocrx_word' id='word_1_244' title='bbox 695 3100 758 3166; x_wconf 90' lang='lat' dir='ltr'><strong>etsi</strong></span> <span class='ocrx_word' id='word_1_245' title='bbox 788 3099 994 3167; x_wconf 84' lang='lat' dir='ltr'><strong>utilissimam</strong></span> <span class='ocrx_word' id='word_1_246' title='bbox 1020 3100 1108 3168; x_wconf 84' lang='lat' dir='ltr'><strong>hanc</strong></span> <span class='ocrx_word' id='word_1_247' title='bbox 1137 3098 1181 3169; x_wconf 90' lang='lat' dir='ltr'><strong>ad</strong></span> <span class='ocrx_word' id='word_1_248' title='bbox 1211 3100 1418 3188; x_wconf 84' lang='lat' dir='ltr'><strong>disciplinam</strong></span> <span class='ocrx_word' id='word_1_249' title='bbox 1447 3103 1595 3170; x_wconf 89' lang='lat' dir='ltr'><strong>criticam</strong></span> 
     </span>
     <span class='ocr_line' id='line_1_29' title="bbox 263 3203 1596 3296; baseline -0.001 -24"><span class='ocrx_word' id='word_1_250' title='bbox 263 3205 550 3293; x_wconf 80' lang='lat' dir='ltr'><strong>observationem,</strong></span> <span class='ocrx_word' id='word_1_251' title='bbox 583 3205 676 3271; x_wconf 85' lang='lat' dir='ltr'><strong>nulla</strong></span> <span class='ocrx_word' id='word_1_252' title='bbox 704 3204 804 3289; x_wconf 92' lang='lat' dir='ltr'><strong>plane</strong></span> <span class='ocrx_word' id='word_1_253' title='bbox 833 3203 1056 3272; x_wconf 90' lang='lat' dir='ltr'><strong>disiunctione</strong></span> <span class='ocrx_word' id='word_1_254' title='bbox 1077 3207 1166 3271; x_wconf 91' lang='lat' dir='ltr'><strong>inter</strong></span> <span class='ocrx_word' id='word_1_255' title='bbox 1188 3203 1313 3272; x_wconf 89' lang='lat' dir='ltr'><strong>diversi</strong></span> <span class='ocrx_word' id='word_1_256' title='bbox 1334 3207 1471 3296; x_wconf 82' lang='lat' dir='ltr'><strong>generis</strong></span> <span class='ocrx_word' id='word_1_257' title='bbox 1491 3207 1596 3274; x_wconf 91' lang='lat' dir='ltr'><strong>libros</strong></span> 
     </span>
     <span class='ocr_line' id='line_1_30' title="bbox 260 3307 1595 3399; baseline -0.004 -21"><span class='ocrx_word' id='word_1_258' title='bbox 260 3310 372 3399; x_wconf 86' lang='lat' dir='ltr'><strong>facta,</strong></span> <span class='ocrx_word' id='word_1_259' title='bbox 393 3326 502 3394; x_wconf 89' lang='lat' dir='ltr'><strong>nuper</strong></span> <span class='ocrx_word' id='word_1_260' title='bbox 523 3325 653 3394; x_wconf 90' lang='lat' dir='ltr'><strong>quoquc</strong></span> <span class='ocrx_word' id='word_1_261' title='bbox 673 3307 847 3393; x_wconf 85' lang='lat' dir='ltr'><strong>imperitus</strong></span> <span class='ocrx_word' id='word_1_262' title='bbox 870 3308 990 3393; x_wconf 87' lang='lat' dir='ltr'><strong>aliquis</strong></span> <span class='ocrx_word' id='word_1_263' title='bbox 1011 3307 1113 3373; x_wconf 88' lang='lat' dir='ltr'><strong>ludex</strong></span> <span class='ocrx_word' id='word_1_264' title='bbox 1134 3307 1318 3372; x_wconf 89' lang='lat' dir='ltr'><strong>litterarius</strong></span> <span class='ocrx_word' id='word_1_265' title='bbox 1336 3308 1473 3373; x_wconf 88' lang='lat' dir='ltr'><strong>elevare</strong></span> <span class='ocrx_word' id='word_1_266' title='bbox 1487 3324 1595 3373; x_wconf 89' lang='lat' dir='ltr'><strong>cona-</strong></span> 
     </span>
     <span class='ocr_line' id='line_1_31' title="bbox 261 3409 1594 3498; baseline -0.003 -16"><span class='ocrx_word' id='word_1_267' title='bbox 261 3417 317 3482; x_wconf 88' lang='lat' dir='ltr'><strong>tus</strong></span> <span class='ocrx_word' id='word_1_268' title='bbox 339 3416 403 3480; x_wconf 88' lang='lat' dir='ltr'><strong>ast.</strong></span> <span class='ocrx_word' id='word_1_269' title='bbox 447 3411 617 3480; x_wconf 81' lang='lat' dir='ltr'><strong>certiores</strong></span> <span class='ocrx_word' id='word_1_270' title='bbox 631 3409 827 3498; x_wconf 84' lang='lat' dir='ltr'><strong>disciplinae</strong></span> <span class='ocrx_word' id='word_1_271' title='bbox 841 3410 936 3498; x_wconf 83' lang='lat' dir='ltr'><strong>leges</strong></span> <span class='ocrx_word' id='word_1_272' title='bbox 952 3411 1008 3497; x_wconf 91' lang='lat' dir='ltr'><strong>qul</strong></span> <span class='ocrx_word' id='word_1_273' title='bbox 1021 3414 1206 3496; x_wconf 90' lang='lat' dir='ltr'><strong>sequuntur</strong></span> <span class='ocrx_word' id='word_1_274' title='bbox 1218 3409 1451 3492; x_wconf 79' lang='lat' dir='ltr'><strong>licentiamque</strong></span> <span class='ocrx_word' id='word_1_275' title='bbox 1466 3427 1594 3478; x_wconf 87' lang='lat' dir='ltr'><strong>omnem</strong></span> 
     </span>
     <span class='ocr_line' id='line_1_32' title="bbox 261 3511 1595 3607; baseline -0.004 -22"><span class='ocrx_word' id='word_1_276' title='bbox 261 3517 488 3604; x_wconf 84' lang='lat' dir='ltr'><strong>detestantur,</strong></span> <span class='ocrx_word' id='word_1_277' title='bbox 504 3511 985 3607; x_wconf 83' lang='lat' dir='ltr'><strong>longeallternunciudicnnt.</strong></span> <span class='ocrx_word' id='word_1_278' title='bbox 1028 3511 1445 3582; x_wconf 82' lang='lat' dir='ltr'><strong>Nomdoieotasfoiiorun</strong></span> <span class='ocrx_word' id='word_1_279' title='bbox 1456 3515 1595 3602; x_wconf 81' lang='lat' dir='ltr'><strong>aliquot,</strong></span> 
     </span>
     <span class='ocr_line' id='line_1_33' title="bbox 260 3617 1595 3708; baseline -0.004 -21"><span class='ocrx_word' id='word_1_280' title='bbox 260 3620 426 3690; x_wconf 89' lang='lat' dir='ltr'><strong>interdum</strong></span> <span class='ocrx_word' id='word_1_281' title='bbox 449 3639 629 3707; x_wconf 89' lang='lat' dir='ltr'><strong>paucorum</strong></span> <span class='ocrx_word' id='word_1_282' title='bbox 651 3623 751 3688; x_wconf 88' lang='lat' dir='ltr'><strong>etiam</strong></span> <span class='ocrx_word' id='word_1_283' title='bbox 772 3619 951 3686; x_wconf 86' lang='lat' dir='ltr'><strong>verboram</strong></span> <span class='ocrx_word' id='word_1_284' title='bbox 972 3617 1094 3686; x_wconf 90' lang='lat' dir='ltr'><strong>indicio</strong></span> <span class='ocrx_word' id='word_1_285' title='bbox 1110 3618 1251 3706; x_wconf 87' lang='lat' dir='ltr'><strong>aliisque</strong></span> <span class='ocrx_word' id='word_1_286' title='bbox 1265 3618 1373 3708; x_wconf 76' lang='lat' dir='ltr'><strong>signis</strong></span> <span class='ocrx_word' id='word_1_287' title='bbox 1387 3619 1471 3685; x_wconf 89' lang='lat' dir='ltr'><strong>satis</strong></span> <span class='ocrx_word' id='word_1_288' title='bbox 1485 3618 1595 3686; x_wconf 88' lang='lat' dir='ltr'><strong>mani-</strong></span> 
     </span>
     <span class='ocr_line' id='line_1_34' title="bbox 259 3719 1592 3808; baseline -0.002 -16"><span class='ocrx_word' id='word_1_289' title='bbox 259 3724 360 3792; x_wconf 84' lang='lat' dir='ltr'><strong>festis</strong></span> <span class='ocrx_word' id='word_1_290' title='bbox 374 3727 427 3792; x_wconf 89' lang='lat' dir='ltr'><strong>usl</strong></span> <span class='ocrx_word' id='word_1_291' title='bbox 441 3724 641 3791; x_wconf 80' lang='lat' dir='ltr'><strong>affirmamus</strong></span> <span class='ocrx_word' id='word_1_292' title='bbox 655 3722 746 3790; x_wconf 90' lang='lat' dir='ltr'><strong>haud</strong></span> <span class='ocrx_word' id='word_1_293' title='bbox 759 3720 859 3788; x_wconf 89' lang='lat' dir='ltr'><strong>dubie</strong></span> <span class='ocrx_word' id='word_1_294' title='bbox 872 3742 914 3790; x_wconf 91' lang='lat' dir='ltr'><strong>ex</strong></span> <span class='ocrx_word' id='word_1_295' title='bbox 932 3743 997 3790; x_wconf 93' lang='lat' dir='ltr'><strong>uno</strong></span> <span class='ocrx_word' id='word_1_296' title='bbox 1008 3722 1182 3790; x_wconf 87' lang='lat' dir='ltr'><strong>dumtaxat</strong></span> <span class='ocrx_word' id='word_1_297' title='bbox 1195 3719 1256 3790; x_wconf 78' lang='lat' dir='ltr'><strong>cn</strong></span> <span class='ocrx_word' id='word_1_298' title='bbox 1265 3720 1310 3790; x_wconf 92' lang='lat' dir='ltr'><strong>ad</strong></span> <span class='ocrx_word' id='word_1_299' title='bbox 1324 3726 1472 3789; x_wconf 89' lang='lat' dir='ltr'><strong>nostram</strong></span> <span class='ocrx_word' id='word_1_300' title='bbox 1487 3739 1592 3808; x_wconf 85' lang='lat' dir='ltr'><strong>usqua</strong></span> 
     </span>
     <span class='ocr_line' id='line_1_35' title="bbox 259 3820 1594 3920; baseline -0.005 -22"><span class='ocrx_word' id='word_1_301' title='bbox 259 3833 405 3899; x_wconf 90' lang='lat' dir='ltr'><strong>aetatem</strong></span> <span class='ocrx_word' id='word_1_302' title='bbox 418 3832 626 3920; x_wconf 84' lang='lat' dir='ltr'><strong>propagatos</strong></span> <span class='ocrx_word' id='word_1_303' title='bbox 638 3847 759 3897; x_wconf 80' lang='lat' dir='ltr'><strong>essex.</strong></span> <span class='ocrx_word' id='word_1_304' title='bbox 772 3820 915 3896; x_wconf 81' lang='lat' dir='ltr'><strong>olibros</strong></span> <span class='ocrx_word' id='word_1_305' title='bbox 928 3827 969 3897; x_wconf 91' lang='lat' dir='ltr'><strong>de</strong></span> <span class='ocrx_word' id='word_1_306' title='bbox 982 3828 1112 3896; x_wconf 88' lang='lat' dir='ltr'><strong>Natura</strong></span> <span class='ocrx_word' id='word_1_307' title='bbox 1123 3828 1287 3916; x_wconf 81' lang='lat' dir='ltr'><strong>lieorum,</strong></span> <span class='ocrx_word' id='word_1_308' title='bbox 1308 3825 1351 3894; x_wconf 91' lang='lat' dir='ltr'><strong>de</strong></span> <span class='ocrx_word' id='word_1_309' title='bbox 1362 3827 1594 3914; x_wconf 82' lang='lat' dir='ltr'><strong>Divinatione,</strong></span> 
     </span>
     <span class='ocr_line' id='line_1_36' title="bbox 261 3930 1594 4023; baseline -0.004 -22"><span class='ocrx_word' id='word_1_310' title='bbox 261 3931 304 4001; x_wconf 89' lang='lat' dir='ltr'><strong>de</strong></span> <span class='ocrx_word' id='word_1_311' title='bbox 323 3934 427 4022; x_wconf 83' lang='lat' dir='ltr'><strong>Fato,</strong></span> <span class='ocrx_word' id='word_1_312' title='bbox 449 3933 491 4002; x_wconf 89' lang='lat' dir='ltr'><strong>de</strong></span> <span class='ocrx_word' id='word_1_313' title='bbox 512 3933 676 4023; x_wconf 81' lang='lat' dir='ltr'><strong>Legibus,</strong></span> <span class='ocrx_word' id='word_1_314' title='bbox 697 3930 917 4020; x_wconf 86' lang='lat' dir='ltr'><strong>Academica,</strong></span> <span class='ocrx_word' id='word_1_315' title='bbox 941 3932 1125 4018; x_wconf 79' lang='lat' dir='ltr'><strong>Timaeum,</strong></span> <span class='ocrx_word' id='word_1_316' title='bbox 1146 3933 1294 4022; x_wconf 78' lang='lat' dir='ltr'><strong>Aratea3</strong></span> <span class='ocrx_word' id='word_1_317' title='bbox 1314 3935 1351 3999; x_wconf 95' lang='lat' dir='ltr'><strong>at</strong></span> <span class='ocrx_word' id='word_1_318' title='bbox 1374 3934 1450 4019; x_wconf 84' lang='lat' dir='ltr'><strong>qaia</strong></span> <span class='ocrx_word' id='word_1_319' title='bbox 1471 3931 1594 3999; x_wconf 85' lang='lat' dir='ltr'><strong>desunt</strong></span> 
     </span>
     <span class='ocr_line' id='line_1_37' title="bbox 259 4035 1593 4125; baseline -0.007 -17"><span class='ocrx_word' id='word_1_320' title='bbox 259 4043 296 4108; x_wconf 87' lang='lat' dir='ltr'><strong>et</strong></span> <span class='ocrx_word' id='word_1_321' title='bbox 319 4037 509 4106; x_wconf 90' lang='lat' dir='ltr'><strong>testimonia</strong></span> <span class='ocrx_word' id='word_1_322' title='bbox 531 4039 676 4107; x_wconf 89' lang='lat' dir='ltr'><strong>certiora</strong></span> <span class='ocrx_word' id='word_1_323' title='bbox 698 4035 740 4104; x_wconf 89' lang='lat' dir='ltr'><strong>de</strong></span> <span class='ocrx_word' id='word_1_324' title='bbox 762 4035 935 4106; x_wconf 87' lang='lat' dir='ltr'><strong>codicibus</strong></span> <span class='ocrx_word' id='word_1_325' title='bbox 965 4055 1078 4104; x_wconf 89' lang='lat' dir='ltr'><strong>eorum</strong></span> <span class='ocrx_word' id='word_1_326' title='bbox 1099 4037 1260 4106; x_wconf 91' lang='lat' dir='ltr'><strong>librorum</strong></span> <span class='ocrx_word' id='word_1_327' title='bbox 1281 4038 1418 4123; x_wconf 90' lang='lat' dir='ltr'><strong>primum</strong></span> <span class='ocrx_word' id='word_1_328' title='bbox 1439 4035 1593 4125; x_wconf 88' lang='lat' dir='ltr'><strong>repertis,</strong></span> 
     </span>
    </p>
   </div>
   <div class='ocr_carea' id='block_1_3' title="bbox 258 4249 1593 4968">
    <p class='ocr_par' dir='ltr' id='par_1_3' title="bbox 258 4249 1593 4968">
     <span class='ocr_line' id='line_1_38' title="bbox 329 4249 1593 4323; baseline -0.006 -15"><span class='ocrx_word' id='word_1_329' title='bbox 329 4253 351 4323; x_wconf 78' lang='lat' dir='ltr'><strong>&#39;l</strong></span> <span class='ocrx_word' id='word_1_330' title='bbox 370 4256 410 4308; x_wconf 87' lang='lat' dir='ltr'><strong>lto</strong></span> <span class='ocrx_word' id='word_1_331' title='bbox 428 4257 511 4318; x_wconf 83' lang='lat' dir='ltr'><strong>ipsios</strong></span> <span class='ocrx_word' id='word_1_332' title='bbox 530 4256 608 4308; x_wconf 86' lang='lat' dir='ltr'><strong>amici</strong></span> <span class='ocrx_word' id='word_1_333' title='bbox 625 4253 722 4309; x_wconf 77' lang='lat' dir='ltr'><strong>narbas</strong></span> <span class='ocrx_word' id='word_1_334' title='bbox 754 4254 839 4308; x_wconf 71' lang='lat' dir='ltr'><strong>«Aba</strong></span> <span class='ocrx_word' id='word_1_335' title='bbox 857 4255 924 4308; x_wconf 83' lang='lat' dir='ltr'><strong>caet</strong></span> <span class='ocrx_word' id='word_1_336' title='bbox 941 4255 989 4308; x_wconf 81' lang='lat' dir='ltr'><strong>lli·</strong></span> <span class='ocrx_word' id='word_1_337' title='bbox 1007 4251 1119 4312; x_wconf 64' lang='lat' dir='ltr'><strong>Grandi</strong></span> <span class='ocrx_word' id='word_1_338' title='bbox 1147 4250 1201 4317; x_wconf 72' lang='lat' dir='ltr'><strong>out</strong></span> <span class='ocrx_word' id='word_1_339' title='bbox 1213 4251 1264 4306; x_wconf 86' lang='lat' dir='ltr'><strong>dan</strong></span> <span class='ocrx_word' id='word_1_340' title='bbox 1282 4250 1325 4305; x_wconf 83' lang='lat' dir='ltr'><strong>Sta</strong></span> <span class='ocrx_word' id='word_1_341' title='bbox 1342 4251 1400 4304; x_wconf 76' lang='lat' dir='ltr'><strong>mbr</strong></span> <span class='ocrx_word' id='word_1_342' title='bbox 1417 4249 1518 4312; x_wconf 77' lang='lat' dir='ltr'><strong>boant.</strong></span> <span class='ocrx_word' id='word_1_343' title='bbox 1545 4249 1593 4301; x_wconf 81' lang='lat' dir='ltr'><strong>iot</strong></span> 
     </span>
     <span class='ocr_line' id='line_1_39' title="bbox 258 4330 1591 4406; baseline -0.009 -14"><span class='ocrx_word' id='word_1_344' title='bbox 258 4341 342 4406; x_wconf 80' lang='lat' dir='ltr'><strong>wantq</strong></span> <span class='ocrx_word' id='word_1_345' title='bbox 362 4336 464 4392; x_wconf 81' lang='lat' dir='ltr'><strong>Gabali.</strong></span> <span class='ocrx_word' id='word_1_346' title='bbox 500 4335 544 4390; x_wconf 82' lang='lat' dir='ltr'><strong>Sia</strong></span> <span class='ocrx_word' id='word_1_347' title='bbox 561 4338 663 4387; x_wconf 68' lang='lat' dir='ltr'><strong>ananan</strong></span> <span class='ocrx_word' id='word_1_348' title='bbox 681 4335 766 4402; x_wconf 83' lang='lat' dir='ltr'><strong>(estne</strong></span> <span class='ocrx_word' id='word_1_349' title='bbox 786 4337 851 4388; x_wconf 86' lang='lat' dir='ltr'><strong>baec</strong></span> <span class='ocrx_word' id='word_1_350' title='bbox 869 4338 959 4399; x_wconf 88' lang='lat' dir='ltr'><strong>opinio</strong></span> <span class='ocrx_word' id='word_1_351' title='bbox 978 4335 1131 4397; x_wconf 81' lang='lat' dir='ltr'><strong>dumtaxat,</strong></span> <span class='ocrx_word' id='word_1_352' title='bbox 1151 4347 1187 4387; x_wconf 82' lang='lat' dir='ltr'><strong>aa</strong></span> <span class='ocrx_word' id='word_1_353' title='bbox 1204 4346 1246 4384; x_wconf 82' lang='lat' dir='ltr'><strong>roa</strong></span> <span class='ocrx_word' id='word_1_354' title='bbox 1263 4333 1354 4400; x_wconf 69' lang='lat' dir='ltr'><strong>socio,</strong></span> <span class='ocrx_word' id='word_1_355' title='bbox 1383 4337 1413 4384; x_wconf 89' lang='lat' dir='ltr'><strong>ut</strong></span> <span class='ocrx_word' id='word_1_356' title='bbox 1431 4336 1468 4383; x_wconf 85' lang='lat' dir='ltr'><strong>aii</strong></span> <span class='ocrx_word' id='word_1_357' title='bbox 1487 4330 1591 4392; x_wconf 80' lang='lat' dir='ltr'><strong>Cicero,</strong></span> 
     </span>
     <span class='ocr_line' id='line_1_40' title="bbox 259 4411 1588 4486; baseline -0.006 -14"><span class='ocrx_word' id='word_1_358' title='bbox 259 4428 387 4486; x_wconf 83' lang='lat' dir='ltr'><strong>extraque</strong></span> <span class='ocrx_word' id='word_1_359' title='bbox 407 4419 612 4472; x_wconf 83' lang='lat' dir='ltr'><strong>controuersiam</strong></span> <span class='ocrx_word' id='word_1_360' title='bbox 632 4413 752 4480; x_wconf 81' lang='lat' dir='ltr'><strong>poaiiai)</strong></span> <span class='ocrx_word' id='word_1_361' title='bbox 770 4417 885 4468; x_wconf 66' lang='lat' dir='ltr'><strong>mombis</strong></span> <span class='ocrx_word' id='word_1_362' title='bbox 903 4417 949 4468; x_wconf 83' lang='lat' dir='ltr'><strong>dsr</strong></span> <span class='ocrx_word' id='word_1_363' title='bbox 965 4415 1096 4468; x_wconf 75' lang='lat' dir='ltr'><strong>Modicam</strong></span> <span class='ocrx_word' id='word_1_364' title='bbox 1116 4413 1153 4467; x_wconf 84' lang='lat' dir='ltr'><strong>sat</strong></span> <span class='ocrx_word' id='word_1_365' title='bbox 1172 4413 1220 4464; x_wconf 84' lang='lat' dir='ltr'><strong>dai·</strong></span> <span class='ocrx_word' id='word_1_366' title='bbox 1238 4413 1329 4465; x_wconf 63' lang='lat' dir='ltr'><strong>mulo</strong></span> <span class='ocrx_word' id='word_1_367' title='bbox 1344 4425 1398 4464; x_wconf 88' lang='lat' dir='ltr'><strong>oon</strong></span> <span class='ocrx_word' id='word_1_368' title='bbox 1415 4411 1493 4467; x_wconf 77' lang='lat' dir='ltr'><strong>otton</strong></span> <span class='ocrx_word' id='word_1_369' title='bbox 1533 4412 1588 4464; x_wconf 81' lang='lat' dir='ltr'><strong>nm</strong></span> 
     </span>
     <span class='ocr_line' id='line_1_41' title="bbox 258 4491 1592 4566; baseline -0.007 -15"><span class='ocrx_word' id='word_1_370' title='bbox 258 4500 320 4566; x_wconf 80' lang='lat' dir='ltr'><strong>pabo</strong></span> <span class='ocrx_word' id='word_1_371' title='bbox 338 4501 381 4552; x_wconf 78' lang='lat' dir='ltr'><strong>tela</strong></span> <span class='ocrx_word' id='word_1_372' title='bbox 398 4501 480 4552; x_wconf 83' lang='lat' dir='ltr'><strong>lbnan</strong></span> <span class='ocrx_word' id='word_1_373' title='bbox 498 4498 571 4548; x_wconf 80' lang='lat' dir='ltr'><strong>raeti</strong></span> <span class='ocrx_word' id='word_1_374' title='bbox 589 4509 672 4564; x_wconf 75' lang='lat' dir='ltr'><strong>perna</strong></span> <span class='ocrx_word' id='word_1_375' title='bbox 689 4511 732 4550; x_wconf 77' lang='lat' dir='ltr'><strong>aa.</strong></span> <span class='ocrx_word' id='word_1_376' title='bbox 768 4495 957 4549; x_wconf 80' lang='lat' dir='ltr'><strong>Nimmmnsbr</strong></span> <span class='ocrx_word' id='word_1_377' title='bbox 973 4497 1040 4562; x_wconf 74' lang='lat' dir='ltr'><strong>salpi</strong></span> <span class='ocrx_word' id='word_1_378' title='bbox 1058 4495 1121 4547; x_wconf 80' lang='lat' dir='ltr'><strong>otor</strong></span> <span class='ocrx_word' id='word_1_379' title='bbox 1139 4496 1257 4557; x_wconf 70' lang='lat' dir='ltr'><strong>dorsu,</strong></span> <span class='ocrx_word' id='word_1_380' title='bbox 1277 4493 1340 4546; x_wconf 80' lang='lat' dir='ltr'><strong>dota</strong></span> <span class='ocrx_word' id='word_1_381' title='bbox 1357 4504 1386 4546; x_wconf 81' lang='lat' dir='ltr'><strong>ar</strong></span> <span class='ocrx_word' id='word_1_382' title='bbox 1403 4491 1451 4544; x_wconf 84' lang='lat' dir='ltr'><strong>dai·</strong></span> <span class='ocrx_word' id='word_1_383' title='bbox 1470 4491 1592 4543; x_wconf 72' lang='lat' dir='ltr'><strong>urentes</strong></span> 
     </span>
     <span class='ocr_line' id='line_1_42' title="bbox 258 4572 1592 4643; baseline -0.005 -13"><span class='ocrx_word' id='word_1_384' title='bbox 258 4582 307 4632; x_wconf 83' lang='lat' dir='ltr'><strong>ari.</strong></span> <span class='ocrx_word' id='word_1_385' title='bbox 345 4581 392 4632; x_wconf 85' lang='lat' dir='ltr'><strong>lcii</strong></span> <span class='ocrx_word' id='word_1_386' title='bbox 409 4580 480 4632; x_wconf 84' lang='lat' dir='ltr'><strong>tono</strong></span> <span class='ocrx_word' id='word_1_387' title='bbox 504 4578 586 4630; x_wconf 83' lang='lat' dir='ltr'><strong>ltnsn</strong></span> <span class='ocrx_word' id='word_1_388' title='bbox 611 4578 688 4630; x_wconf 67' lang='lat' dir='ltr'><strong>oman</strong></span> <span class='ocrx_word' id='word_1_389' title='bbox 705 4589 776 4641; x_wconf 75' lang='lat' dir='ltr'><strong>qm</strong></span> <span class='ocrx_word' id='word_1_390' title='bbox 794 4577 911 4641; x_wconf 78' lang='lat' dir='ltr'><strong>pleioten</strong></span> <span class='ocrx_word' id='word_1_391' title='bbox 929 4575 991 4630; x_wconf 75' lang='lat' dir='ltr'><strong>soii</strong></span> <span class='ocrx_word' id='word_1_392' title='bbox 1009 4577 1135 4643; x_wconf 83' lang='lat' dir='ltr'><strong>onpatan.</strong></span> <span class='ocrx_word' id='word_1_393' title='bbox 1171 4575 1225 4628; x_wconf 81' lang='lat' dir='ltr'><strong>liar</strong></span> <span class='ocrx_word' id='word_1_394' title='bbox 1243 4572 1384 4627; x_wconf 79' lang='lat' dir='ltr'><strong>Boicrsato</strong></span> <span class='ocrx_word' id='word_1_395' title='bbox 1408 4573 1511 4633; x_wconf 78' lang='lat' dir='ltr'><strong>codsa,</strong></span> <span class='ocrx_word' id='word_1_396' title='bbox 1544 4572 1592 4624; x_wconf 84' lang='lat' dir='ltr'><strong>der</strong></span> 
     </span>
     <span class='ocr_line' id='line_1_43' title="bbox 259 4651 1591 4720; baseline -0.01 -10"><span class='ocrx_word' id='word_1_397' title='bbox 259 4659 303 4711; x_wconf 87' lang='lat' dir='ltr'><strong>dio</strong></span> <span class='ocrx_word' id='word_1_398' title='bbox 320 4661 468 4712; x_wconf 82' lang='lat' dir='ltr'><strong>Planciano</strong></span> <span class='ocrx_word' id='word_1_399' title='bbox 486 4657 606 4718; x_wconf 81' lang='lat' dir='ltr'><strong>eotbdii,</strong></span> <span class='ocrx_word' id='word_1_400' title='bbox 637 4659 672 4708; x_wconf 83' lang='lat' dir='ltr'><strong>ist</strong></span> <span class='ocrx_word' id='word_1_401' title='bbox 696 4657 744 4710; x_wconf 88' lang='lat' dir='ltr'><strong>dar</strong></span> <span class='ocrx_word' id='word_1_402' title='bbox 768 4656 860 4707; x_wconf 73' lang='lat' dir='ltr'><strong>citima</strong></span> <span class='ocrx_word' id='word_1_403' title='bbox 885 4670 938 4708; x_wconf 88' lang='lat' dir='ltr'><strong>oon</strong></span> <span class='ocrx_word' id='word_1_404' title='bbox 955 4655 1041 4720; x_wconf 70' lang='lat' dir='ltr'><strong>alba,</strong></span> <span class='ocrx_word' id='word_1_405' title='bbox 1071 4657 1165 4709; x_wconf 79' lang='lat' dir='ltr'><strong>malote</strong></span> <span class='ocrx_word' id='word_1_406' title='bbox 1183 4668 1233 4706; x_wconf 81' lang='lat' dir='ltr'><strong>ons</strong></span> <span class='ocrx_word' id='word_1_407' title='bbox 1251 4655 1321 4707; x_wconf 77' lang='lat' dir='ltr'><strong>dions</strong></span> <span class='ocrx_word' id='word_1_408' title='bbox 1338 4651 1407 4705; x_wconf 76' lang='lat' dir='ltr'><strong>Roda</strong></span> <span class='ocrx_word' id='word_1_409' title='bbox 1424 4651 1591 4716; x_wconf 70' lang='lat' dir='ltr'><strong>onftmotri</strong></span> 
     </span>
     <span class='ocr_line' id='line_1_44' title="bbox 259 4727 1590 4802; baseline -0.005 -11"><span class='ocrx_word' id='word_1_410' title='bbox 259 4740 361 4800; x_wconf 66' lang='lat' dir='ltr'><strong>imao,</strong></span> <span class='ocrx_word' id='word_1_411' title='bbox 380 4741 516 4794; x_wconf 78' lang='lat' dir='ltr'><strong>nniuriieii</strong></span> <span class='ocrx_word' id='word_1_412' title='bbox 533 4740 583 4791; x_wconf 82' lang='lat' dir='ltr'><strong>nait</strong></span> <span class='ocrx_word' id='word_1_413' title='bbox 600 4735 752 4789; x_wconf 68' lang='lat' dir='ltr'><strong>dunelmo</strong></span> <span class='ocrx_word' id='word_1_414' title='bbox 771 4737 815 4788; x_wconf 78' lang='lat' dir='ltr'><strong>dos</strong></span> <span class='ocrx_word' id='word_1_415' title='bbox 832 4734 955 4788; x_wconf 74' lang='lat' dir='ltr'><strong>Amicos.</strong></span> <span class='ocrx_word' id='word_1_416' title='bbox 974 4737 1168 4802; x_wconf 81' lang='lat' dir='ltr'><strong>Poitmpcoaim.</strong></span> <span class='ocrx_word' id='word_1_417' title='bbox 1204 4735 1330 4788; x_wconf 77' lang='lat' dir='ltr'><strong>limnocit</strong></span> <span class='ocrx_word' id='word_1_418' title='bbox 1346 4735 1382 4787; x_wconf 78' lang='lat' dir='ltr'><strong>tsi</strong></span> <span class='ocrx_word' id='word_1_419' title='bbox 1400 4745 1430 4784; x_wconf 81' lang='lat' dir='ltr'><strong>ar</strong></span> <span class='ocrx_word' id='word_1_420' title='bbox 1446 4733 1493 4785; x_wconf 78' lang='lat' dir='ltr'><strong>dar</strong></span> <span class='ocrx_word' id='word_1_421' title='bbox 1513 4727 1590 4778; x_wconf 76' lang='lat' dir='ltr'><strong>linco-</strong></span> 
     </span>
     <span class='ocr_line' id='line_1_45' title="bbox 259 4809 1590 4884; baseline -0.008 -13"><span class='ocrx_word' id='word_1_422' title='bbox 259 4821 311 4871; x_wconf 80' lang='lat' dir='ltr'><strong>daa</strong></span> <span class='ocrx_word' id='word_1_423' title='bbox 327 4821 521 4872; x_wconf 76' lang='lat' dir='ltr'><strong>nimmcrmolsr.</strong></span> <span class='ocrx_word' id='word_1_424' title='bbox 562 4819 658 4873; x_wconf 79' lang='lat' dir='ltr'><strong>Wsdsr</strong></span> <span class='ocrx_word' id='word_1_425' title='bbox 676 4819 723 4869; x_wconf 84' lang='lat' dir='ltr'><strong>dar</strong></span> <span class='ocrx_word' id='word_1_426' title='bbox 735 4817 848 4884; x_wconf 68' lang='lat' dir='ltr'><strong>inopere</strong></span> <span class='ocrx_word' id='word_1_427' title='bbox 865 4817 1008 4883; x_wconf 73' lang='lat' dir='ltr'><strong>ltrsartsr,</strong></span> <span class='ocrx_word' id='word_1_428' title='bbox 1026 4819 1095 4870; x_wconf 83' lang='lat' dir='ltr'><strong>noel</strong></span> <span class='ocrx_word' id='word_1_429' title='bbox 1111 4815 1205 4884; x_wconf 66' lang='lat' dir='ltr'><strong>inpuid</strong></span> <span class='ocrx_word' id='word_1_430' title='bbox 1224 4819 1267 4869; x_wconf 80' lang='lat' dir='ltr'><strong>cin</strong></span> <span class='ocrx_word' id='word_1_431' title='bbox 1282 4815 1398 4870; x_wconf 82' lang='lat' dir='ltr'><strong>ondoror</strong></span> <span class='ocrx_word' id='word_1_432' title='bbox 1414 4816 1451 4866; x_wconf 82' lang='lat' dir='ltr'><strong>iri</strong></span> <span class='ocrx_word' id='word_1_433' title='bbox 1468 4822 1517 4864; x_wconf 78' lang='lat' dir='ltr'><strong>aas</strong></span> <span class='ocrx_word' id='word_1_434' title='bbox 1535 4809 1590 4861; x_wconf 79' lang='lat' dir='ltr'><strong>itai</strong></span> 
     </span>
     <span class='ocr_line' id='line_1_46' title="bbox 258 4891 1522 4968; baseline -0.007 -14"><span class='ocrx_word' id='word_1_435' title='bbox 258 4900 473 4968; x_wconf 65' lang='lat' dir='ltr'><strong>alammion,</strong></span> <span class='ocrx_word' id='word_1_436' title='bbox 489 4903 538 4955; x_wconf 81' lang='lat' dir='ltr'><strong>iota</strong></span> <span class='ocrx_word' id='word_1_437' title='bbox 555 4899 597 4952; x_wconf 82' lang='lat' dir='ltr'><strong>iot</strong></span> <span class='ocrx_word' id='word_1_438' title='bbox 613 4901 645 4952; x_wconf 89' lang='lat' dir='ltr'><strong>tn</strong></span> <span class='ocrx_word' id='word_1_439' title='bbox 661 4897 713 4952; x_wconf 79' lang='lat' dir='ltr'><strong>don</strong></span> <span class='ocrx_word' id='word_1_440' title='bbox 730 4898 879 4964; x_wconf 72' lang='lat' dir='ltr'><strong>Probaona.</strong></span> <span class='ocrx_word' id='word_1_441' title='bbox 897 4911 946 4953; x_wconf 78' lang='lat' dir='ltr'><strong>sor</strong></span> <span class='ocrx_word' id='word_1_442' title='bbox 962 4900 1113 4954; x_wconf 67' lang='lat' dir='ltr'><strong>lionam</strong></span> <span class='ocrx_word' id='word_1_443' title='bbox 1127 4899 1270 4967; x_wconf 75' lang='lat' dir='ltr'><strong>setmpond</strong></span> <span class='ocrx_word' id='word_1_444' title='bbox 1289 4899 1415 4954; x_wconf 69' lang='lat' dir='ltr'><strong>bonoim</strong></span> <span class='ocrx_word' id='word_1_445' title='bbox 1430 4891 1522 4948; x_wconf 75' lang='lat' dir='ltr'><strong>lota.»</strong></span> 
     </span>
    </p>
   </div>
   <div class='ocr_carea' id='block_1_4' title="bbox 0 0 1838 5874">
    <p class='ocr_par' dir='ltr' id='par_1_4' title="bbox 0 0 1838 5874">
     <span class='ocr_line' id='line_1_47' title="bbox 0 0 1838 5874; baseline 0 4"><span class='ocrx_word' id='word_1_446' title='bbox 0 0 1838 5874; x_wconf 95' lang='lat' dir='ltr'><strong> </strong></span> 
     </span>
    </p>
   </div>
  </div>
 </body>
</html>
