3628 5876
306 423 366 496 tlt
729 419 1002 484 uelsrotsnutt
1023 422 1076 485 AD
1097 421 1188 485 del.

302 580 435 655 iaceret,
469 578 510 644 ad
536 597 645 643 omnes
673 595 726 644 res
757 575 948 643 abuteretur.
1004 580 1035 642 2.
1067 575 1189 642 Proieci
1211 575 1315 662 itaque
1337 595 1395 663 per
1416 579 1617 642 Laterensem

301 674 542 752 intemuntium;
564 671 657 737 fidem
678 669 756 736 mibi
777 669 864 736 dedit
876 691 910 735 se
931 669 1117 744 Antonium.
1138 668 1166 736 si
1187 668 1357 755 probibere
1378 669 1540 755 provincia
1565 692 1621 737 sua

301 789 366 834 nou
391 767 561 854 potuisset,
593 764 677 831 bello
698 774 953 853 persecuturum
987 783 1051 837 me,
1081 773 1116 829 ut
1136 762 1277 828 venirem
1300 761 1469 848 copiasque
1491 763 1622 828 coniun-

303 881 428 947 gerem,
449 860 586 945 rogavit,
609 879 711 945 eoque
732 857 847 942 magis,
869 853 954 944 quod
976 867 1007 922 et
1027 856 1179 922 Antonius
1199 854 1239 920 ab
1265 857 1403 943 equitatu
1425 855 1535 922 firmus
1552 877 1620 922 esse

279 953 466 1024 adicebatur
493 962 525 1018 et
553 952 689 1039 Lepidus
718 973 757 1016 ne
792 949 983 1015 mediocrem
1004 949 1131 1037 quidem
1165 949 1336 1036 equitatum
1357 948 1502 1016 babebat.
1544 955 1618 1015 Nam

303 1048 397 1113 etiam
419 1069 459 1112 ex
478 1047 631 1134 paucitate
652 1046 721 1111 eius
742 1065 806 1110 non
831 1044 937 1110 mmsis
959 1055 1030 1110 ante
1055 1043 1167 1110 diebus
1192 1043 1321 1117 decem,
1344 1043 1400 1130 qui
1420 1045 1531 1130 optimi
1553 1044 1625 1109 lue-

302 1150 388 1217 rant,
410 1141 449 1207 ad
470 1161 520 1206 me
540 1140 739 1206 transierunt.
782 1137 905 1216 Quibus
924 1136 1021 1203 rebus
1042 1158 1102 1223 ego
1121 1138 1254 1223 cognitis
1271 1147 1432 1204 cunctatus
1451 1159 1514 1203 non
1533 1160 1618 1214 sum;

304 1239 337 1301 in
358 1255 453 1300 cursu
475 1232 632 1299 bonorum
654 1231 856 1299 consiliorum
884 1230 1036 1318 Lepidum
1056 1231 1265 1296 adiuvandum
1287 1237 1403 1316 putavi.
1446 1237 1477 1296 3.
1497 1230 1620 1296 Adven-

303 1337 353 1394 tus
375 1349 463 1393 meus
484 1327 560 1413 quid
580 1326 779 1414 prolecturus
801 1335 897 1399 esset,
921 1325 1004 1403 vidi3
1041 1325 1090 1390 vel
1112 1324 1198 1413 quod
1219 1326 1358 1411 equitatu
1379 1345 1451 1390 meo
1472 1329 1617 1412 persequi

269 1433 397 1509 aratque
417 1421 597 1508 opprimere
619 1419 790 1506 equitatum
810 1418 878 1484 eius
898 1439 1039 1505 possem,
1064 1419 1112 1484 vel
1133 1418 1220 1505 quod
1241 1419 1398 1484 exercitus
1420 1417 1530 1504 Lepidi
1552 1440 1620 1483 eam

302 1527 438 1603 partem,
474 1535 555 1602 quae
586 1523 733 1600 corrupta
755 1511 915 1578 estetab
941 1512 1122 1600 republica
1153 1512 1298 1587 alienata,
1333 1521 1365 1578 et
1398 1513 1561 1596 corrigere
1589 1523 1620 1576 et

302 1619 451 1676 coercere
471 1609 646 1696 praesentia
668 1607 730 1672 mei
752 1606 909 1672 exercitus
931 1627 1066 1692 possem.
1108 1611 1216 1694 ltaque
1238 1606 1270 1670 in
1287 1611 1396 1680 Isara,
1418 1606 1622 1672 llnminema-

302 1703 405 1780 ximo,
434 1702 520 1790 quod
540 1703 573 1767 in
600 1701 713 1768 finibus
733 1709 781 1766 est
801 1699 1020 1785 Allobrogum,
1050 1709 1145 1787 ponte
1167 1720 1230 1765 uno
1253 1699 1304 1765 die
1325 1699 1424 1774 lacto,
1446 1701 1619 1765 exercitum

303 1797 687 1864 a.d.1111.ldusldaias
708 1795 844 1862 traduxi.
902 1797 978 1862 Cum
1012 1814 1088 1859 vero
1109 1794 1186 1860 mibi
1208 1794 1380 1860 nuntiatum
1403 1802 1484 1859 esset
1504 1797 1538 1858 L.
1560 1801 1622 1858 An-

268 1892 425 1960 astoninm
445 1890 652 1978 praemissum
674 1911 745 1956 cum
767 1887 924 1977 equitibus
946 1900 978 1952 et
999 1888 1181 1960 cohortibus
1206 1888 1245 1954 ad
1258 1893 1375 1954 Forum
1396 1886 1466 1953 lulli
1487 1886 1620 1959 venisse,

302 1985 430 2053 fratrem
459 2005 531 2052 cum
564 1984 704 2070 equitum
731 1994 879 2070 quattuor
906 1980 1047 2058 milibus,
1090 1993 1125 2048 ut
1152 1991 1334 2048 occurreret
1360 1982 1408 2056 ei,
1444 1978 1514 2046 misi
1539 1999 1568 2044 a.
1589 1979 1619 2045 d.

303 2097 336 2146 v.
358 2078 432 2145 Idus
453 2078 565 2157 Maias;
593 2077 659 2165 ipse
681 2076 825 2142 maximis
846 2075 1012 2141 itineribus
1034 2097 1104 2140 cnm
1126 2086 1274 2163 quattuor
1295 2075 1470 2162 legionibus
1492 2073 1620 2161 expedi·

302 2174 343 2241 tis
373 2182 404 2239 et
433 2171 556 2258 reliquo
584 2170 725 2257 equitatu
752 2170 935 2257 subsequar.
992 2174 1023 2235 4.
1053 2171 1085 2235 Si
1109 2191 1167 2236 nus
1188 2171 1356 2236 mediocris
1378 2169 1473 2234 modo
1495 2168 1620 2234 fortuna

303 2268 351 2334 rei
378 2265 521 2354 publicae
546 2263 715 2337 adiuverit,
753 2272 784 2328 et
811 2263 957 2328 audaciae
987 2263 1182 2350 perditorum
1207 2274 1238 2330 et
1259 2273 1384 2330 nostrae
1405 2261 1621 2328 sollicitudinis

266 2361 355 2427 sobic
375 2359 469 2424 buem
489 2358 696 2444 reperiemus.
741 2356 834 2435 Quod
857 2357 882 2422 si
904 2357 1000 2432 latro,
1023 2359 1225 2444 praecognito
1248 2368 1356 2424 nostro
1378 2357 1527 2426 adventu,
1549 2374 1620 2418 rur

302 2475 356 2520 sus
384 2454 417 2518 in
440 2452 560 2519 ltaliam
589 2472 622 2516 se
643 2451 785 2536 recipere
807 2452 962 2538 coeperit,
996 2451 1084 2517 Bruti
1111 2453 1170 2519 erit
1200 2453 1336 2519 officium
1373 2469 1540 2516 occurrere
1573 2445 1620 2524 ei;

304 2547 356 2613 cui
377 2545 442 2614 scio
464 2567 522 2610 nec
543 2544 706 2610 consilium
727 2565 785 2608 nec
813 2545 950 2610 animum
977 2544 1167 2612 defuturum.
1209 2551 1276 2631 Ego
1297 2557 1417 2620 mmen,
1440 2544 1466 2609 si
1488 2543 1520 2608 id
1541 2541 1620 2606 acci·

304 2641 403 2713 derit,
426 2640 554 2705 fratrem
577 2659 647 2704 cum
669 2638 810 2726 equitatu
832 2638 966 2715 mittam,
1003 2640 1058 2725 qui
1079 2652 1242 2729 sequatur,
1270 2641 1388 2706 ltaliam
1409 2659 1428 2704 a
1448 2637 1621 2704 vastatione

305 2733 460 2801 defendat.
500 2738 563 2800 Fac
582 2732 684 2798 valeas
707 2753 820 2818 meque
842 2741 951 2798 mutuo
972 2733 1092 2818 diligas.

269 2909 297 2953 „
759 2875 840 2938 ιιι.
883 2874 937 2954 (A.
962 2875 994 2939 ιι.
1018 2876 1050 2939 c.
1071 2876 1161 2956 ιιι.)

797 2988 938 3052 ucuao
960 2989 1124 3053 rmuco.

390 3113 418 3175 1.
440 3109 522 3174 Nibil
543 3118 615 3196 post
635 3106 795 3174 hominum
818 3108 1001 3173 memoriam
1025 3107 1208 3193 gloriosius,
1230 3107 1306 3173 nibil
1321 3107 1462 3194 gratius,
1485 3131 1524 3175 ne
1543 3119 1621 3175 tem·

304 3223 383 3290 pore
404 3203 530 3290 quidem
551 3203 621 3289 ipso
644 3201 851 3294 opportunius
873 3201 1014 3266 accidere
1039 3200 1103 3266 vidi
1128 3223 1221 3288 quam
1243 3211 1321 3276 tuas,
1343 3203 1470 3280 Plance,
1492 3205 1619 3270 litteras.

304 3297 452 3363 Redditae
483 3305 555 3363 sunt
583 3296 666 3362 euim
693 3295 848 3382 frequenti
878 3305 986 3360 senatu
1009 3300 1167 3371 Cornuto,
1202 3296 1321 3361 cumis
1343 3297 1470 3382 frigidas
1492 3320 1566 3364 saue
1588 3309 1619 3364 et

269 3389 512 3456 uincenstames
540 3391 701 3456 recitasset
732 3389 850 3456 litteras
880 3388 1000 3475 Lepidi.
1058 3387 1122 3455 Sub
1154 3411 1207 3454 eas
1238 3389 1340 3455 statim
1367 3391 1513 3458 recitatae
1549 3403 1621 3456 sunt

305 3490 391 3558 tuae,
413 3504 477 3548 non
498 3484 564 3549 sine
585 3483 704 3567 magnis
726 3482 851 3569 quidem
872 3482 1073 3548 clamoribus.
1116 3486 1193 3549 Cum
1215 3483 1310 3549 rebus
1326 3485 1409 3548 enim
1424 3485 1499 3572 ipsis
1516 3494 1621 3551 essent

305 3584 337 3640 et
357 3576 467 3642 studiis
491 3576 712 3664 beneficiisque
740 3577 861 3642 iurem
884 3575 1037 3662 publicam
1060 3577 1272 3661 gratissimae,
1305 3587 1369 3644 tum
1393 3590 1480 3644 erant
1502 3579 1621 3664 gravis-

306 3669 392 3734 simis
415 3669 518 3736 verbis
540 3692 577 3736 ac
598 3671 767 3737 sententiis.
809 3671 963 3756 Flagitare
985 3679 1108 3736 senatus
1130 3671 1239 3737 institit
1256 3677 1442 3748 Cornutum,
1464 3682 1499 3738 ut
1520 3671 1621 3738 reler-

305 3773 354 3828 ret
375 3765 476 3830 statim
499 3764 538 3831 de
560 3765 621 3830 tuis
642 3765 764 3831 litteris.
822 3765 877 3830 Ille
899 3785 932 3829 se
955 3764 1153 3830 considerare
1175 3766 1265 3831 velle.
1321 3771 1398 3833 Cum
1421 3767 1451 3832 ei
1473 3787 1619 3852 magnum

269 3858 480 3933 „convicium
503 3858 590 3924 lieret
611 3869 722 3925 cuncto
744 3881 761 3924 a
783 3867 911 3933 senatu,
934 3859 1071 3946 quinque
1087 3857 1204 3924 tribuni
1219 3859 1303 3946 plebi
1317 3862 1511 3927 rettulerunt.
1546 3864 1621 3924 Ser-

305 3951 398 4016 vilius
424 3961 554 4036 rogatus
585 3973 653 4017 rem
675 3953 809 4031 distulit3
843 3973 902 4037 ego
932 3974 1000 4017 eam
1022 3953 1205 4019 seutentiam
1227 3953 1308 4028 dixi,
1338 3955 1389 4020 eui
1410 3963 1481 4018 sunt
1502 3951 1619 4018 assensi

305 4043 343 4110 ad
365 4065 472 4110 unum.
514 4049 559 4110 Ea
573 4067 654 4132 quae
668 4045 777 4121 luerit,
799 4067 840 4111 ex
855 4055 979 4112 senatus
994 4048 1136 4113 consulto
1151 4067 1329 4132 cognosces.
1373 4052 1402 4113 2.
1425 4053 1488 4120 Tu,
1511 4067 1619 4132 quam-

304 4159 399 4226 quam
420 4139 551 4204 consilio
573 4161 636 4205 non
658 4161 730 4226 eges
753 4141 802 4206 vel
817 4138 956 4206 abundas
977 4140 1096 4226 potius,
1120 4152 1223 4207 tamen
1238 4140 1297 4206 boc
1311 4142 1415 4207 animo
1430 4161 1498 4206 esse
1513 4139 1618 4212 debes,

304 4243 340 4300 nt
360 4233 436 4299 nibil
458 4232 518 4298 buc
538 4233 662 4299 reiicias
684 4256 762 4299 neve
785 4234 817 4299 in
837 4232 933 4299 rebus
955 4245 1018 4300 tam
1040 4234 1150 4300 subitis
1173 4245 1297 4322 tamque
1312 4232 1450 4321 angustis
1471 4255 1489 4298 a
1511 4242 1620 4299 senatu

265 4329 468 4401 tsmnsilium
490 4329 658 4414 petendum
681 4337 780 4415 putes.
823 4333 892 4416 lpse
915 4327 970 4394 tibi
992 4328 1035 4394 sis
1057 4337 1197 4408 senatus;
1219 4349 1406 4417 quocunque
1428 4337 1458 4393 te
1472 4326 1554 4393 ratio
1571 4325 1620 4390 rei

304 4421 447 4509 publicae
470 4423 584 4498 ducet,
614 4443 756 4510 sequere.
801 4426 913 4498 Cures,
935 4431 970 4488 ut
992 4433 1061 4488 aute
1083 4423 1198 4488 lactum
1219 4422 1345 4510 aliquod
1368 4444 1386 4487 a
1407 4433 1437 4488 te
1460 4419 1619 4506 egregium

304 4516 483 4589 audiamus,
507 4537 599 4603 quam
621 4516 761 4582 futurum
783 4517 966 4604 putarimus.
1014 4516 1093 4582 lllud
1116 4515 1173 4583 tibi
1194 4517 1364 4604 promitto,
1386 4513 1537 4603 quidquid
1559 4513 1621 4578 erit

1425 4644 1617 4653 -..0-...2--1

375 4709 400 4756 1.
420 4707 568 4772 Profusique
593 4721 641 4771 per
666 4713 775 4759 auctore
801 4709 924 4760 Ernestio
951 4710 1110 4768 Selrittzius,
1143 4709 1241 4775 Profert
1266 4711 1355 4774 utique
1375 4723 1422 4772 per
1442 4709 1518 4758 llaud
1539 4709 1617 4756 Ture.

306 4775 355 4825 ΙΜ.
376 4791 403 4840 p.
422 4777 484 4828 510.
511 4801 544 4815 --
578 4779 606 4828 3.
626 4775 698 4842 quid]
717 4782 762 4842 qut
779 4779 817 4828 Μ.
842 4801 875 4814 -
911 4779 972 4830 Post
989 4783 1106 4846 equitatu
1123 4793 1179 4830 meo
1196 4781 1300 4830 videtur
1317 4780 1447 4830 excidisse
1465 4781 1616 4829 Antoniam.

304 4845 354 4896 On.
385 4869 415 4882 -
452 4848 494 4898 tt.
513 4847 580 4902 Maii
600 4847 630 4897 ll.
651 4847 713 4898 item
732 4863 759 4898 v.
779 4849 821 4898 17.
844 4873 871 4883 -
916 4851 959 4900 15.
980 4849 1087 4914 Forum]
1106 4864 1194 4900 eorum
1212 4852 1249 4901 Μ.
1270 4877 1303 4887 -
1339 4851 1382 4901 16.
1400 4865 1428 4900 u.
1447 4850 1474 4899 d.
1493 4863 1537 4898 ιιι.
1560 4849 1619 4899 ldae

305 4915 399 4965 Ambr.
419 4917 462 4967 13.
489 4941 520 4952 -
556 4917 600 4968 33.
626 4918 781 4982 ltaiiumqus
799 4919 891 4970 Dresd.
912 4922 1015 4970 tertius.
1045 4947 1074 4958 -
1112 4922 1156 4971 30.
1180 4922 1233 4971 siut
1255 4921 1292 4972 Μ.
1323 4945 1354 4956 -
1391 4921 1435 4970 33.
1455 4933 1511 4982 rep.
1529 4918 1567 4968 Μ.
1588 4943 1619 4955 -·

304 4984 349 5034 33.
368 5001 409 5105 opi
417 4987 462 5038 bl:
482 4994 506 5038 et
525 4986 555 5037 ll.
570 5012 610 5106 -ὲ
622 4987 666 5039 35.
683 4988 752 5051 plebi
769 4988 815 5038 bl:
833 4989 915 5052 plebei
934 4991 964 5040 il.
981 5017 1009 5028 -
1030 4992 1073 5043 33.
1092 4992 1151 5041 bnis
1165 4991 1202 5041 Μ.
1224 5015 1253 5028 -
1271 4991 1381 5041 subditis
1399 4991 1435 5041 Μ.
1457 5015 1485 5028 -
1505 4989 1551 5040 te.
1569 4991 1619 5050 stit

304 5068 323 5104 u
341 5063 365 5105 ts
419 5071 462 5106 :a
480 5063 505 5107 ts
522 5059 571 5107 erit
613 5093 620 5106 .
