3662 5908
335 334 400 399 att
789 335 849 400 33.
869 336 922 399 AI)
945 335 1191 411 3133111111

333 513 388 559 333
405 511 518 579 regere
529 492 722 580 coepissent,
744 500 799 558 ant
809 491 843 566 ii,
858 491 914 578 qni
927 499 1088 578 regerent,
1104 511 1197 557 omne
1211 512 1303 558 suum
1314 489 1450 558 studium
1465 493 1497 558 in
1512 491 1657 560 doctrina

335 595 367 652 et
401 586 552 672 sapientia
583 586 797 652 collocassent.
852 588 940 652 llanc
973 584 1223 652 coniunctionem
1254 585 1402 651 videlicet
1430 588 1592 673 potestatis
1624 599 1658 656 et

334 680 504 766 sapientiae
525 679 618 746 saluti
641 680 762 746 censuit
782 677 960 746 civitatibus
980 699 1048 744 esse
1069 699 1173 765 posse.
1216 679 1311 757 Quod
1331 678 1465 747 sortasse
1487 681 1657 768 aliqnando

336 774 501 841 universae
529 773 577 840 rei
604 772 747 859 publicae
779 781 920 846 nostrae,
955 792 1038 838 nunc
1062 771 1189 859 quidem
1215 772 1359 859 prolecto
1387 774 1439 840 isti
1472 776 1657 861 provinciae

312 867 483 954 acontigit,
510 876 546 936 nt
572 867 599 932 is
626 866 658 932 in
687 887 724 932 ea
752 886 904 932 sommam
925 875 1112 952 potestatem
1132 859 1350 948 haberet,(eui
1367 868 1404 932 in
1426 868 1581 945 doctrina,
1604 871 1657 936 eui

197 964 270 1060 (ff
334 962 368 1028 in
388 961 503 1028 virtute
525 969 617 1047 atque
638 959 827 1025 humanitate
847 947 1240 1118 percipiendaqplurimum
1261 981 1280 1025 3
1306 961 1439 1047 pueritia
1461 961 1557 1029 studii
1578 963 1658 1028 inis-

335 1063 384 1120 set
407 1063 438 1120 et
459 1053 619 1140 temporis.
676 1056 726 1118 30.
749 1055 855 1131 Quare
877 1073 968 1127 cura,
991 1062 1026 1118 ut
1074 1053 1101 1117 'c
1122 1075 1237 1128 annus,
1266 1055 1320 1140 qui
1342 1055 1382 1120 ad
1404 1055 1544 1121 laborem
1566 1065 1656 1122 tuum

335 1149 486 1221 accessit,
516 1147 597 1212 idem
620 1146 658 1211 ad
681 1147 810 1212 salutem
833 1146 923 1211 Asiae
944 1156 1132 1233 prorogatus
1159 1167 1227 1212 esse
1249 1148 1402 1214 videatur.
1446 1143 1620 1238 Quoniam(
1622 1151 1656 1216 in

196 1244 261 1324 ss‘
336 1250 367 1306 te
389 1240 553 1306 retinendo
575 1240 634 1307 suit
655 1241 726 1306 Asia
748 1239 870 1330 felicior
891 1261 985 1326 quam
1006 1238 1118 1306 nos'tin
1139 1233 1343 1334 deducendo),
1377 1241 1507 1329 perfice,
1538 1244 1658 1310 31133-

300 1336 403 1402 1011113
424 1336 603 1421 provinciae
625 1326 817 1399 desiderium
838 1344 983 1400 nostrum
1005 1333 1147 1400 leniatm.
1189 1335 1327 1410 Etenim,
1349 1336 1376 1401 si
1389 1335 1422 1402 in
1435 1339 1655 1423 promerendo,

337 1439 372 1495 ut
399 1428 453 1494 tibi
487 1430 562 1494 tanti
590 1428 725 1494 bonores
747 1426 952 1502 haberentur,
991 1428 1099 1513 quanti
1131 1426 1213 1494 haud
1245 1429 1310 1494 scio
1339 1451 1378 1494 an
1405 1429 1537 1506 nemini,
1571 1430 1655 1497 laniati

337 1524 476 1589 omnium
507 1521 777 1606 diligentissimus,
805 1521 903 1586 multo
933 1521 1085 1587 maiorem
1107 1523 1139 1586 in
1161 1522 1209 1588 bis
1231 1521 1404 1589 bonoribus
1426 1524 1549 1590 tuendis
1570 1524 1657 1590 adbi-

336 1617 414 1682 bere
436 1616 625 1701 diligentiam
648 1613 753 1680 debes.
797 1619 848 1680 31.
870 1613 1023 1700 Equidem
1045 1614 1084 1680 de
1106 1614 1167 1680 isto
1187 1637 1305 1701 genere
1326 1617 1481 1684 bonorum
1497 1617 1574 1703 quid
1588 1639 1658 1684 sen-

336 1712 443 1782 tirem,
466 1711 575 1796 scripsi
597 1709 636 1774 ad
658 1719 688 1775 te
709 1717 790 1774 ante.
834 1712 966 1794 Semper
988 1728 1043 1772 eos
1065 1708 1184 1794 putavi,
1208 1710 1235 1774 si
1257 1710 1402 1796 vulgares
1418 1720 1539 1785 essent,
1562 1711 1655 1789 viles;

301 1820 327 1858 13
337 1804 365 1870 31
386 1802 535 1890 temporis
557 1823 648 1868 causa
669 1802 949 1877 constituerentur,
972 1801 1077 1879 leves;
1106 1803 1232 1868 sivero
1255 1804 1349 1869 -id
1371 1803 1456 1891 qnod
1478 1805 1521 1870 ita
1541 1803 1655 1870 lactum

337 1907 445 1964 est-
469 1893 589 1962 meritis
610 1895 672 1963 tuis
693 1894 927 1970 tribuerentur,
950 1893 1164 1961 existimabam
1187 1896 1314 1962 multam
1335 1897 1393 1964 tibi
1414 1899 1446 1964 in
1468 1898 1506 1963 iis
1527 1897 1657 1963 bonori-

337 1989 396 2058 bus
429 1990 552 2056 tuendis
580 2010 712 2075 operam
739 2009 808 2054 esse
837 1988 1024 2075 ponendam.
1080 1991 1186 2066 Quare
1213 1991 1360 2076 quoniam
1382 1991 1414 2056 in
1436 1992 1502 2057 istis
1523 1990 1657 2058 urbibus

338 2106 409 2150 cum
424 2105 545 2150 summo
565 2083 699 2170 imperio
718 2093 749 2148 et
769 2091 922 2168 potestate
944 2082 1097 2158 versaris,
1119 2081 1150 2147 in
1172 2083 1286 2169 quibus
1306 2093 1374 2150 tuas
1396 2085 1526 2151 virtutes
1548 2107 1659 2151 conse·

338 2171 702 2244 3331333“1”13(1333333
724 2197 856 2241 numero
881 2176 1048 2241 collocatas
1070 2175 1172 2252 vides,
1211 2177 1243 2242 in
1270 2177 1415 2244 omnibus
1436 2179 1548 2252 rebus,
1578 2201 1657 2266 quas
1725 2211 1727 2216 ·

300 2282 471 2345 usurues,
503 2291 580 2358 quas
606 2270 774 2345 decernes,
810 2290 886 2355 quas
917 2289 1004 2354 ages,
1042 2270 1119 2355 quid
1139 2271 1231 2336 tantis
1252 2270 1414 2338 bominum
1436 2270 1656 2358 opinionibus,

339 2365 430 2432 133113
451 2364 490 2429 (13
513 2374 542 2429 13
563 2363 702 2438 iudiciis,
735 2364 828 2428 tantis
849 2362 1022 2429 honoribus
1044 2363 1174 2437 debeas,
1196 2365 1357 2450 cogitabis.
1407 2365 1440 2431 ld
1462 2375 1566 2432 autem
1597 2365 1658 2431 erit

339 2457 510 2544 eiusmodi,
531 2464 567 2522 nt
587 2457 731 2522 consulas
753 2454 914 2530 omnibus,
937 2464 971 2521 ut
992 2456 1137 2522 medeare
1159 2457 1364 2525 incommodis
1386 2462 1561 2532 bominum,
1584 2480 1659 2546 pro-

338 2551 445 2618 videas
467 2551 576 2628 saluti,
597 2561 632 2617 nt
653 2559 683 2615 te
704 2557 864 2636 parentem
886 2549 977 2615 Asiae
999 2559 1030 2615 et
1052 2550 1113 2616 dici
1135 2561 1167 2616 et
1188 2550 1297 2617 haberi
1319 2553 1406 2619 velis.

423 2647 478 2708 ill.
499 2648 550 2708 33.
572 2649 672 2731 Atque
694 2643 768 2708 huic
788 2651 859 2709 tuae
881 2644 1031 2711 voluntati
1047 2665 1082 2710 ac
1097 2644 1273 2730 diligentiae
1288 2645 1498 2712 dillicnltatem
1515 2667 1659 2733 magnam

301 2755 329 2800 33
339 2738 474 2805 afferunt
503 2736 678 2824 publicani:
720 2736 834 2825 quibus
869 2737 895 2804 si
923 2737 1144 2814 adversamur,
1179 2739 1322 2805 ordinem
1355 2740 1394 2805 de
1422 2740 1512 2806 nobis
1539 2741 1658 2828 optime

339 2832 486 2898 meritum
508 2842 540 2898 et
560 2852 619 2917 per
639 2851 697 2897 nos
718 2852 790 2896 cum
811 2853 846 2897 re
867 2831 992 2918 publica
1021 2833 1222 2899 coniunctum
1250 2843 1281 2898 et
1301 2855 1319 2898 a
1341 2833 1432 2900 nobis
1453 2843 1484 2898 et
1505 2855 1522 2897 a
1544 2855 1579 2898 re
1601 2854 1658 2920 pn·

339 2927 420 2993 blica
440 2927 654 3012 diiungemus3
675 2927 724 2992 sin
745 2935 848 2993 autem
869 2925 1015 2993 omnibus
1036 2927 1069 2993 in
1087 2927 1182 2993 rebus
1196 2926 1425 3013 obsequemur,
1447 2927 1586 2994 funditus
1602 2950 1658 2994 eos

338 3021 443 3109 perire
465 3021 636 3107 patiemur,
670 3042 806 3108 quorum
833 3042 897 3087 non
924 3021 1133 3088 modosaluti
1156 3021 1328 3087 sedetiam
1349 3021 1522 3088 commodis
1546 3041 1660 3088 consu-

338 3116 405 3183 lere
427 3115 587 3181 debemus.
628 3118 713 3204 llaec
734 3124 782 3180 est
801 3135 879 3192 una,
901 3115 929 3180 si
949 3134 1026 3180 vere
1047 3120 1186 3201 cogitare
1207 3115 1371 3204 volumus,
1393 3116 1426 3181 in
1443 3124 1510 3181 toto
1524 3115 1658 3201 imperio

302 3220 394 3277 actuo
416 3209 590 3276 difficultas.
633 3202 711 3274 Nam
732 3229 800 3274 esse
822 3207 1047 3283 abstinentem,
1069 3209 1230 3275 continere
1252 3230 1360 3274 omnes
1376 3209 1569 3295 cupiditates,
1584 3229 1659 3276 suos

339 3313 503 3380 coercere,
533 3302 612 3369 iuris
633 3301 829 3390 aequabilem
850 3311 958 3368 tenore
979 3303 1149 3378 rationem,
1176 3303 1299 3369 facilem
1320 3323 1353 3369 se
1374 3307 1406 3369 in
1427 3302 1523 3370 rebus
1543 3322 1660 3387 cogno-

340 3396 481 3472 scendis,
512 3397 546 3462 in
574 3395 754 3463 bominibus
786 3395 948 3463 audiendis
983 3396 1244 3484 admittendisque
1278 3396 1432 3483 praebere
1462 3397 1658 3482 praeclarum

339 3491 438 3576 magis
465 3499 512 3555 est
540 3511 631 3576 quam
660 3489 795 3556 difficile.
847 3494 916 3554 Non
937 3497 985 3554 est
1008 3490 1091 3554 enim
1113 3491 1250 3576 positum
1271 3491 1304 3555 in
1325 3489 1435 3555 labore
1457 3490 1581 3576 aliquo,
1603 3489 1659 3556 sed

340 3583 371 3648 in
394 3581 526 3669 quadam
547 3583 726 3649 inductione
748 3583 843 3649 animi
864 3592 896 3649 et
915 3583 1085 3650 voluntate.
1135 3589 1186 3650 33.
1215 3583 1272 3649 1113
1293 3603 1385 3649 causa
1420 3582 1659 3670 publicanorum

304 3685 485 3762 aequantem
503 3675 703 3742 acerbitatem
724 3677 834 3743 alienat
852 3677 962 3752 sociis,
984 3676 1192 3743 intelleximus
1214 3697 1253 3742 ex
1272 3676 1407 3750 civibus,
1431 3677 1485 3763 qui
1503 3698 1605 3763 nuper
1625 3677 1658 3743 in

339 3768 491 3856 portoriis
516 3769 621 3835 ltaliae
650 3769 794 3836 tollendis
822 3791 885 3836 non
912 3780 976 3836 tam
999 3770 1037 3836 de
1059 3771 1203 3857 portorio
1224 3791 1318 3857 quarn
1340 3771 1379 3836 de
1401 3770 1558 3836 nonnullis
1579 3769 1660 3836 iniu-

340 3863 396 3928 riis
416 3865 605 3951 portitorum
634 3862 855 3952 querebantur.
908 3867 1013 3942 Quare
1034 3885 1097 3930 non
1118 3864 1251 3948 ignoro,
1274 3865 1350 3950 quid
1371 3864 1465 3930 sociis
1487 3863 1606 3928 accidat
1626 3862 1659 3930 in

340 3956 457 4024 ultimis
479 3957 586 4032 terris,
624 3978 695 4022 cum
717 3957 871 4024 audierim
892 3958 925 4023 in
947 3958 1034 4024 ltalia
1060 3958 1204 4044 querelas
1226 3959 1351 4024 civium.
1394 3957 1452 4022 Hie
1472 3966 1503 4022 te
1525 3957 1567 4022 ita
1589 3978 1660 4022 ven

342 4055 424 4126 sari,
447 4062 482 4117 ut
503 4061 535 4117 et
553 4050 727 4136 publicanis
748 4052 932 4129 satisfacias,
965 4051 1149 4138 praesertim
1166 4051 1298 4138 publicis
1320 4052 1400 4118 male
1421 4050 1606 4136 redemptis,
1628 4061 1660 4116 et

304 4167 336 4210 33
343 4145 446 4211 socios
466 4145 573 4232 perire
594 4167 656 4212 non
679 4146 777 4222 sinas,
805 4146 929 4212 divinae
950 4145 1110 4212 cuiusdam
1132 4147 1256 4212 virtutis
1277 4167 1346 4210 esse
1367 4145 1507 4220 videtur,
1538 4144 1570 4210 id
1592 4154 1658 4218 est,

342 4247 425 4304 tuae.
466 4245 511 4305 Ao
531 4241 668 4326 primum
690 4239 817 4307 Graecis
839 4239 888 4316 id,
912 4239 998 4327 quod
1019 4239 1254 4306 acerbissimum
1277 4249 1338 4314 est,
1366 4239 1451 4324 quod
1473 4247 1545 4304 sunt
1565 4239 1658 4303 veeti-

342 4331 443 4418 gales,
475 4355 539 4398 non
573 4333 616 4400 ita
649 4333 799 4400 acerbum
825 4332 926 4399 videri
963 4331 1070 4410 debet,
1103 4343 1272 4420 propterea
1306 4332 1391 4419 qnod
1426 4331 1493 4396 sine
1525 4331 1659 4418 imperio

411 4495 437 4545 1.
456 4501 503 4544 out
521 4495 547 4544 bt
564 4495 674 4559 quibl,
693 4502 741 4546 331
757 4498 802 4562 qut
820 4496 843 4546 1.
875 4520 906 4532 -
942 4495 970 4545 3.
989 4496 1102 4548 311133
1128 4510 1160 4547 33
1179 4495 1223 4546 111.
1257 4519 1286 4530 -
1322 4494 1491 4544 3333333331
1507 4493 1589 4544 111113
1609 4493 1659 4542 331-

340 4565 456 4615 toeoreut
476 4565 624 4616 ltrnesttus.
656 4589 684 4600 -
722 4565 845 4618 31111113
875 4579 986 4617 orcum
1005 4565 1120 4616 Grutero
1138 4567 1168 4616 3.
1190 4589 1221 4601 -
1257 4565 1284 4616 5.
1302 4577 1360 4616 3333
1378 4563 1428 4615 111.
1451 4587 1480 4599 -
1517 4563 1544 4613 3.
1561 4577 1659 4626 propn-

340 4641 417 4700 33133
449 4634 566 4684 malebat
591 4635 739 4686 Ernestius.
772 4661 802 4672 -
839 4637 1010 4700 quoniamque
1041 4635 1201 4698 llalaspina.
1221 4659 1252 4671 -
1289 4637 1332 4686 11).
1365 4635 1399 4683 Et
1425 4647 1482 4682 cum
1511 4635 1535 4683 33·
1560 4633 1598 4683 11.
1626 4654 1660 4667 -

340 4704 385 4754 13.
405 4705 531 4769 Equidem
548 4705 612 4756 11113
633 4706 667 4755 31
685 4705 787 4768 quidem
804 4706 849 4756 13.
871 4732 898 4743 -
939 4705 1244 4757 13113111313113.
1268 4731 1297 4741 -
1332 4703 1473 4754 bonoribus
1490 4702 1659 4752 33311333-

340 4775 456 4826 1133.-
494 4775 739 4825 1313333131311.
760 4799 790 4810 -
825 4775 870 4826 33.
889 4777 1036 4826 huiuamodi
1053 4777 1085 4827 11.
1113 4801 1142 4812 -
1180 4777 1294 4825 omniunt
1314 4774 1433 4824 Ursinus.
1456 4797 1486 4809 -
1522 4774 1566 4822 31.
1587 4774 1657 4822 3331.

340 4843 374 4894 dt
403 4844 446 4895 val
473 4845 560 4909 Atqui.
589 4845 669 4896 11333.
703 4867 734 4880 -·
775 4845 820 4894 37.
839 4846 1001 4909 obsequimur
1019 4847 1050 4896 3.
1078 4871 1108 4883 -
1144 4847 1187 4895 33-
1208 4845 1338 4894 scombro
1355 4841 1482 4906 33133333]
1501 4843 1659 4893 consulemus

341 4912 394 4964 111.
420 4939 454 4948 -
489 4911 856 4978 31.13313]31133131.-
893 4915 1123 4967 33333313131333
1147 4923 1172 4966 13
1190 4929 1251 4965 curn
1272 4915 1347 4965 libris
1366 4913 1395 4962 3.
1419 4936 1448 4947 -
1486 4913 1529 4963 at.
1548 4921 1573 4962 31
1592 4913 1657 4964 ltu:

342 4990 420 5048 etqua
438 4982 483 5035 13.
515 5008 549 5020 -
584 4984 628 5036 33.
648 4984 832 5036 3331333131.
854 5011 885 5023 -
920 4985 964 5037 33.
984 4985 1153 5039 333331331.
1176 5008 1206 5022 -
1242 4985 1287 5036 ta.
1306 4979 1488 5047 3311311131.
