3662 5908
648 407 723 470 LlB.
745 407 813 470 XV.
856 405 914 468 ΕΡ.
940 406 966 465 1.
989 404 1019 464 2.
1450 405 1512 467 275

187 563 451 654 quemadmodum
472 563 641 630 instructos
664 561 831 648 atquibus
853 559 1016 647 praesidiis
1038 560 1174 626 munitos
1196 562 1234 640 ad
1257 563 1333 628 tanti
1354 562 1428 629 belli
1446 563 1515 648 opi-

187 661 313 726 nionem
340 657 509 731 miseritis,
544 677 607 721 non
636 657 709 722 estis
738 657 850 740 ignari.
906 655 1000 733 Quod
1032 675 1091 739 ego
1117 656 1279 740 negotium
1304 677 1367 722 non
1385 657 1515 724 stultitia

187 753 374 820 obcaecatus
394 752 449 817 sed
467 749 656 816 verecundia
675 750 843 816 deterritus
865 771 929 815 non
948 750 1100 816 recusavi.
1143 755 1250 836 Neque
1270 750 1354 816 enim
1375 773 1515 837 unquam

186 849 285 914 ullum
307 846 481 932 periculum
504 853 622 910 tantum
644 845 766 930 putavi,
788 844 875 931 quod
896 843 1116 928 subterfugere
1137 844 1263 909 mallem
1283 866 1376 930 quam
1392 856 1515 912 vestrae

188 940 367 1008 auctoritati
389 938 621 1024 obtemperare.
665 943 694 1003 5.
717 942 785 1003 Hoc
806 946 910 1003 antem
932 947 1075 1023 tempore
1096 959 1148 1002 res
1175 959 1244 1005 sese
1267 939 1311 1004 sic
1334 939 1441 1015 babet,
1464 950 1538 1016 nt‚⁵

189 1036 248 1101 nisi
285 1035 459 1099 exercitum
494 1043 629 1106 tantum,
667 1040 816 1118 quantum
846 1030 885 1095 ad
915 1032 1086 1097 marimum
1108 1030 1225 1097 bellum
1247 1034 1371 1099 mittere
1393 1035 1514 1108 soletis,
1563 1071 1565 1076 ,

190 1138 310 1196 mature
332 1128 364 1193 in
387 1129 441 1192 bas
463 1125 641 1212 provincias
662 1125 826 1201 miseritis,
859 1145 1015 1190 summum
1038 1125 1212 1211 periculum
1234 1127 1290 1200 sit,
1313 1149 1352 1192 ne
1375 1128 1518 1192 amitten-

190 1223 247 1290 dae
268 1222 330 1288 sint
365 1241 474 1287 omnes
500 1220 558 1284 bae
578 1219 776 1306 provinciae,
813 1217 927 1306 quibus
949 1219 1114 1304 vectigalia
1136 1219 1244 1305 populi
1266 1220 1397 1286 Romani
1419 1223 1519 1286 conti-

190 1329 313 1384 nentur.
372 1313 586 1392 Quamobrem
619 1324 722 1379 autem
756 1317 788 1378 in
820 1314 881 1379 boc
912 1314 1097 1399 provinciali
1126 1313 1248 1378 delectu
1270 1335 1356 1401 spem
1379 1314 1518 1382 babeatis

190 1410 341 1496 aliquam,
365 1428 459 1474 causa
479 1407 564 1473 nulla
587 1418 653 1473 est:
676 1428 778 1493 neque
800 1407 889 1472 multi
911 1417 983 1472 sunt
1005 1416 1036 1472 et
1057 1405 1226 1492 diffugiunt
1246 1408 1301 1494 qui
1323 1417 1410 1483 sunt,
1433 1421 1518 1474 metu
1532 1425 1557 1462 ¹⁰

190 1501 308 1569 oblate.
360 1506 418 1576 Et,
456 1501 540 1587 quod
567 1521 667 1585 genus
689 1501 749 1566 bec
770 1501 904 1566 militum
933 1501 990 1576 sit,
1023 1501 1171 1566 iudicavit
1192 1501 1242 1588 vir
1264 1501 1456 1568 fortissimus
1478 1509 1519 1569 M.
1622 1467 1648 1550 β’

191 1596 321 1662 Bibulus
343 1595 376 1661 in
397 1595 486 1670 dsia,
509 1594 583 1680 qui,
606 1615 677 1660 cum
699 1616 756 1660 vos
778 1596 809 1660 ei
829 1595 1072 1682 permisissetis,
1096 1594 1250 1660 delectum
1272 1593 1389 1660 babere
1410 1596 1521 1661 nolue-

191 1691 243 1756 rit.
291 1694 367 1754 Nam
400 1689 559 1754 sociorum
594 1688 710 1754 auxilia
740 1698 870 1774 propter
901 1688 1102 1754 acerbitatem
1131 1698 1224 1775 atque
1246 1688 1374 1753 iniurias
1395 1689 1520 1774 imperii

193 1783 292 1850 nostri
313 1791 367 1848 aut
387 1782 430 1849 ita
451 1781 606 1847 imbecilla
629 1790 715 1855 sunt,
738 1791 774 1847 ut
796 1803 858 1848 non
880 1783 1011 1848 multum
1035 1803 1092 1848 nos
1114 1783 1223 1847 iuvare
1245 1783 1382 1869 possint,
1405 1794 1457 1849 aut
1479 1786 1521 1849 ita

191 1878 325 1943 alienata
346 1897 364 1941 a
386 1875 492 1948 nobis,
515 1884 551 1941 ut
572 1896 673 1961 neque
696 1874 941 1962 exspectandum
963 1875 1001 1940 ab
1023 1876 1062 1942 iis
1083 1897 1185 1962 nequo
1203 1877 1459 1942 committendum
1483 1878 1520 1942 iis
1535 1892 1559 1928 ¹³

193 1971 364 2059 quidquam
400 1991 468 2036 esse
503 1969 654 2035 videatur.
717 1975 747 2034 6.
784 1969 877 2052 ltqgis
898 1969 1037 2034 Deiotari
1061 1978 1092 2034 et
1115 1970 1306 2034 voluntatem
1338 1981 1369 2034 ot
1398 1973 1519 2058 copias,
1546 1991 1549 2001 ·
1614 1951 1639 2036 rs

193 2075 451 2152 quantaecunque
473 2073 564 2138 sunt,
588 2073 710 2129 nostras
733 2084 801 2128 esse
823 2063 914 2128 duco.
962 2062 1156 2149 Cappadocia
1176 2073 1223 2128 est
1245 2064 1356 2130 inanis.
1399 2067 1521 2152 Reliqui

180 2152 286 2250 (reges
308 2156 493 2245 tyrannique
514 2178 617 2245 neque
650 2156 764 2243 opibus
795 2157 870 2221 satis
902 2154 984 2234 firmi
1006 2177 1064 2221 nec
1085 2157 1244 2223 voluntate
1268 2141 1367 2252 sunt.)
1392 2159 1466 2224 Mihi
1489 2161 1522 2224 in
1578 2152 1659 2244 sai«

194 2253 252 2318 bac
273 2251 427 2338 paucitate
449 2251 582 2316 militum
604 2251 725 2316 animus
747 2259 832 2315 certe
855 2272 919 2316 non
941 2251 1061 2329 deerit;
1090 2271 1246 2338 sperone
1267 2253 1431 2318 consilium
1453 2253 1524 2339 qui-

194 2342 277 2409 dem.
321 2343 404 2421 Quid
426 2364 572 2409 casurum
593 2344 648 2420 sit,
670 2344 824 2409 incertum
847 2356 902 2412 est.
949 2345 1069 2411 Utinam
1092 2345 1183 2411 saluti
1211 2354 1337 2411 nostrae
1358 2347 1562 2412 consuleretu

141 2505 146 2514 ,
194 2438 366 2524 possimus!
390 2437 530 2524 dignitati
551 2447 636 2503 certe
658 2439 866 2505 consulemus.

683 2583 725 2644 11.
769 2581 818 2664 (Α,
845 2583 877 2645 o.
900 2583 931 2646 e.
954 2580 1040 2661 aaa)

279 2703 319 2765 n.
341 2703 502 2765 sumtus
533 2704 574 2766 11.
601 2677 634 2766 a.
663 2705 804 2767 crunno
826 2705 991 2768 anoctis.
1023 2706 1055 2768 s.
1082 2708 1119 2768 n.
1146 2706 1252 2770 coss,
1285 2708 1447 2773 ritanus.

662 2799 787 2860 raranu.
807 2800 864 2860 m.
887 2800 1060 2862 sumum.
1407 2835 1409 2842 1

283 2914 311 2973 1.
334 2909 366 2972 S.
387 2912 424 2973 V.
447 2912 484 2972 V.
506 2912 540 2972 B.
563 2910 597 2976 E.
619 2910 654 2971 E.
671 2911 709 2984 Q.
733 2913 769 2973 V.
813 2911 889 2972 Cum
912 2906 1014 2992 pridie
1030 2907 1159 2972 Kalend.
1183 2912 1267 2977 Sext.
1282 2909 1314 2973 in
1330 2909 1523 2994 provinciam
1533 2935 1560 2971 es

196 3002 353 3070 venissem
377 3021 480 3086 neque
502 3001 654 3066 maturius
675 3011 807 3086 propter
838 2999 984 3066 itinerum
1007 3009 1038 3064 et
1057 3002 1291 3085 navigationum
1314 3002 1523 3068 difficultatem

196 3101 306 3162 venire
327 3096 516 3179 potuissem,
540 3095 677 3160 maxime
699 3098 867 3159 convenire
890 3094 993 3159 officio
1016 3115 1088 3160 meo
1108 3095 1220 3181 reique
1241 3095 1384 3182 publicae
1406 3095 1524 3161 condu-

197 3210 271 3256 cere
292 3188 413 3274 putavi,
456 3209 569 3275 parare
591 3209 646 3262 ea,
682 3208 762 3274 quae
784 3187 823 3252 ad
845 3188 1019 3253 exercitum
1040 3210 1184 3276 quaeque
1205 3190 1245 3254 ad
1267 3211 1334 3254 rem
1357 3188 1524 3254 militarem

198 3283 402 3371 pertinerent.
446 3285 534 3360 Quae
556 3303 627 3347 cnm
650 3293 754 3346 essent
774 3302 793 3345 a
813 3302 863 3346 me
885 3303 960 3346 cura
982 3283 1079 3366 magis
1102 3293 1133 3347 et
1147 3281 1306 3368 diligentia
1321 3305 1414 3370 quam
1428 3283 1525 3349 sacul-

198 3389 261 3443 tate
284 3387 316 3442 et
337 3377 427 3463 copia
449 3377 630 3450 constituta,
669 3376 831 3462 nuntiique
854 3384 887 3440 et
908 3376 1029 3442 litterae
1052 3377 1090 3442 de
1112 3375 1195 3442 bello
1217 3399 1234 3441 a
1257 3378 1379 3443 Parthis
1395 3379 1429 3443 in
1450 3398 1560 3464 pro-sa
1639 3443 1645 3465 ⁶

198 3471 333 3563 alapiam
356 3475 476 3558 Syriam
499 3471 585 3536 illato
613 3469 754 3557 quotidie
776 3469 844 3534 lere
865 3469 1069 3546 afferrentur,
1091 3471 1151 3536 iter
1172 3471 1250 3536 mibi
1270 3471 1446 3538 laciendum
1467 3493 1524 3558 per
1634 3490 1648 3530 a·

199 3563 387 3654 Lycaoniam
403 3573 435 3629 et
455 3586 514 3652 per
535 3569 662 3630 Isauros
676 3574 708 3628 et
721 3584 778 3649 per
794 3564 1019 3649 Cappadociam
1035 3564 1203 3632 arbitratus
1224 3587 1303 3632 snm.
1346 3571 1421 3630 Erat
1441 3566 1524 3630 enim

199 3678 313 3743 magna
338 3659 495 3743 suspicio,
519 3657 671 3733 Parthos,
699 3658 726 3722 si
748 3678 789 3723 ex
812 3657 901 3744 Syria
923 3658 1031 3741 egredi
1053 3667 1147 3744 atque
1169 3659 1346 3745 irrumpere
1367 3661 1400 3724 in
1418 3657 1524 3724 meam

200 3751 393 3840 provinciam
416 3763 621 3827 conarentur,
644 3753 705 3817 iter
727 3771 781 3816 eos
803 3771 861 3836 per
883 3751 1129 3838 Cappadociam,
1152 3753 1237 3839 quod
1258 3773 1295 3818 ea
1315 3759 1452 3819 maxima
1470 3773 1523 3839 pa·

200 3855 301 3919 teret,
336 3867 404 3912 esse
436 3845 584 3914 facturos.
640 3851 670 3911 2.
693 3851 799 3930 ltaque
821 3865 892 3908 cum
915 3846 1057 3911 exercitu
1085 3867 1142 3938 per
1168 3844 1380 3933 Cappadociae
1399 3859 1560 3934 partcmss

202 3961 292 4012 earn,
329 3961 410 4026 quae
442 3959 513 4005 cum
536 3939 641 4007 Cilicia
669 3938 915 4012 caminensem,
952 3937 1013 4003 iter
1034 3939 1278 4026 leciicastraqne
1299 3940 1339 4005 ad
1360 3939 1522 4028 Cybistra,
1713 3967 1723 4003 r

203 4031 289 4126 qne-d
310 4031 460 4118 oppidum
482 4043 530 4100 est
550 4034 588 4098 ad
607 4042 746 4098 montem
761 4038 919 4106 Taurum,
942 4029 1060 4114 locavit
1083 4043 1116 4097 ut
1130 4033 1315 4108 Artuasdes,
1336 4055 1396 4120 rex
1415 4040 1526 4100 Arare-
1593 4009 1649 4104 ai
1672 4087 1677 4111 ,
1706 4008 1720 4070 ⁶

204 4125 288 4199 nius,
321 4148 510 4214 quocunque
531 4126 637 4192 animo
659 4135 755 4200 esset,
796 4126 904 4200 sciret,
934 4116 996 4190 nori
1018 4127 1128 4211 procul
1149 4149 1167 4192 a
1185 4127 1250 4192 suis
1271 4127 1384 4194 linibus
1406 4129 1526 4194 exorci-

204 4230 271 4285 tum
292 4219 401 4306 populi
423 4221 558 4286 Romani
581 4241 665 4294 esse,
689 4229 720 4284 et
740 4219 942 4292 Deiotamm‚
966 4218 1179 4285 fidelissimum
1206 4241 1313 4316 rogem
1331 4230 1423 4308 atque
1449 4222 1527 4286 arni·
1653 4233 1668 4304 32

204 4313 364 4379 cissimum
393 4313 442 4379 rei
464 4314 608 4401 publicae
630 4322 775 4386 nostrae,
810 4313 948 4378 maxime
969 4313 1169 4379 coniunctum
1190 4311 1355 4389 babcr'em,
1385 4316 1474 4381 cuius
1496 4324 1564 4380 etse

205 4407 337 4472 consilio
370 4417 401 4471 ct
433 4407 545 4493 opibus
573 4407 714 4473 adiuvari
742 4416 847 4492 posset
875 4427 927 4472 res
955 4405 1087 4490 publica.
1147 4413 1176 4473 3.
1216 4413 1288 4486 Quo
1310 4428 1381 4473 cnm
1401 4409 1435 4474 in
1456 4409 1527 4474 loco

205 4511 306 4566 castra
327 4499 477 4566 haberem
499 4502 733 4589 equitatumque
755 4500 787 4564 in
810 4500 946 4566 Ciliciam
968 4499 1139 4575 misissem,
1161 4511 1197 4567 ut
1216 4511 1248 4567 et
1267 4523 1356 4567 meus
1378 4502 1528 4568 adventus

206 4593 245 4658 iis
281 4592 477 4669 civitatibus,
514 4615 596 4682 quae
631 4595 663 4660 in
699 4615 737 4660 ea
762 4603 849 4680 parte
879 4603 1001 4668 essent,
1038 4596 1194 4663 nuntiatus
1218 4595 1375 4661 firmiores
1407 4597 1528 4662 animos

208 4686 348 4752 omnium
370 4687 487 4754 laceret
514 4698 546 4754 et
567 4710 626 4774 ego
649 4696 785 4762 mature,
820 4685 897 4774 quid
919 4697 1065 4772 ageretur
1086 4689 1118 4754 in
1140 4690 1250 4778 Syria,
1284 4690 1364 4755 scire
1386 4711 1528 4776 possem,

277 4907 305 4956 3.
325 4906 418 4957 dtlectu
436 4907 473 4958 bl.
493 4907 556 4958 item
576 4923 601 4956 v.
622 4907 665 4956 te.
694 4929 727 4942 -
764 4905 807 4956 1a.
825 4907 978 4968 permistam
1002 4908 1039 4958 111.
1066 4933 1100 4944 -
1135 4909 1250 4958 nolucrit
1268 4910 1311 4958 lla
1338 4910 1424 4961 noluit
1450 4912 1531 4960 Erne-

210 4975 287 5024 stius.
307 5002 340 5010 -
376 4977 720 5043 :interdictisententiam
739 4976 775 5026 111.
796 5001 828 5012 -
864 4975 908 5026 33.
937 4978 1030 5030 Parthi
1057 4979 1174 5030 rnalebat
1198 4980 1336 5030 Ernestius
1356 5003 1386 5017 -
1430 4981 1474 5032 13.
1503 4983 1532 5030 in

211 5045 290 5109 Syrio
307 5055 428 5110 operetur
448 5049 485 5098 Va
504 5055 530 5098 et
548 5048 670 5098 fortassis
690 5047 726 5096 111.
747 5045 808 5110 (Vb.
829 5051 938 5108 tamen,
958 5046 1077 5112 utnon.)
1362 5071 1364 5078 ⁴
