3668 5936
650 462 724 525 Llll.
747 464 784 525 V.
828 462 887 523 ΕΡ.
912 462 960 525 16.
985 462 1033 524 17.
1060 461 1108 524 18.

663 620 760 684 xau.
802 617 861 699 (a.
887 620 920 683 u.
943 620 976 684 c.
997 609 1094 698 aaa.)

699 740 842 807 CICERO
864 741 1009 805 ATTICO
1032 741 1063 805 S.

300 862 329 923 l.
357 853 470 941 Accepi
497 858 595 920 Roma
624 851 691 917 sine
724 849 853 938 epistola
883 861 933 916 tua
964 849 1144 916 fasciculum
1175 850 1367 931 litterarum
1401 853 1432 918 in
1454 875 1536 941 quo,

212 952 239 1020 si
261 949 358 1017 modo
381 948 504 1016 valuisti
528 957 559 1012 et
579 953 699 1014 Romae
714 946 816 1020 luisti,
839 945 998 1011 Philotimi
1014 945 1096 1011 duco
1111 967 1180 1010 esse
1200 944 1339 1032 cuipam,
1362 969 1425 1012 non
1442 958 1536 1014 tuam.

213 1051 300 1113 lianc
321 1044 484 1132 epistolam
506 1041 620 1107 dictavi
641 1039 753 1106 sedens
776 1040 808 1104 in
831 1039 949 1110 rheda,
973 1059 1044 1102 cum
1076 1039 1107 1104 in
1135 1051 1235 1104 eastra
1257 1041 1490 1127 proficiscerer,
1518 1065 1559 1108 aa

212 1138 327 1226 quibus
357 1137 483 1204 aberam
520 1135 616 1201 bidui.
667 1134 774 1200 Paucis
796 1132 906 1199 diebus
937 1132 1089 1198 habebam
1113 1144 1216 1198 certos
1238 1132 1397 1208 homines,
1422 1135 1537 1223 quibus

213 1234 321 1299 darem
352 1233 482 1299 litteras.
527 1234 634 1317 ltaque
665 1249 704 1294 eo
735 1251 785 1293 me
813 1227 948 1293 servavi.
994 1231 1023 1292 2.
1048 1233 1127 1301 Nos.
1156 1236 1260 1292 tamen
1283 1229 1340 1294 etsi
1363 1230 1422 1295 hoo
1444 1239 1474 1295 te
1496 1252 1536 1296 ex

213 1327 281 1393 aliis
303 1325 413 1391 audire
436 1323 538 1398 malo,
574 1328 620 1389 sle
640 1323 673 1387 in
696 1321 856 1408 provincia
880 1343 938 1386 nos
960 1325 1118 1406 gerimus,
1148 1320 1235 1408 quod
1257 1322 1297 1387 ad
1318 1322 1536 1389 abstinentiam

212 1426 335 1492 attinet,
369 1428 403 1485 ut
435 1417 537 1483 nullus
567 1416 727 1482 teruncius
755 1415 930 1480 insumatur
958 1415 991 1481 in
1022 1436 1222 1502 quemquam.
1280 1415 1314 1482 ld
1337 1417 1371 1483 lit
1391 1419 1482 1484 eliam
1506 1428 1537 1482 et

211 1516 386 1600 legatorum
402 1521 434 1576 et
450 1509 648 1577 tribunorum
672 1521 703 1575 et
724 1509 954 1596 praefectorum
976 1509 1143 1594 diligentia.
1187 1515 1261 1574 Nam
1282 1533 1390 1578 ‹smnes
1406 1513 1572 1579 mirilicem

211 1611 514 1694 συμφιλοδοξοῠσιν
546 1604 666 1691 gloriae
699 1625 797 1670 meae.
850 1609 947 1690 Lepta
968 1615 1077 1669 noster
1099 1602 1250 1670 mirificus
1272 1615 1328 1670 est.
1372 1606 1431 1671 Sed
1454 1628 1536 1672 nunc

212 1723 361 1790 propero.
404 1697 600 1765 Perscriham
629 1697 669 1764 ad
692 1710 722 1765 te
750 1697 856 1784 paucis
878 1697 989 1763 diebus
1012 1697 1129 1764 omnia.
1171 1703 1201 1763 3.
1224 1699 1390 1766 Cicerones
1412 1710 1536 1765 nostros

213 1799 379 1864 Deiotarus
408 1793 511 1868 lilius,
545 1792 601 1879 qui
630 1814 689 1858 rex
717 1791 757 1858 ab
784 1802 893 1858 senatu
921 1791 1093 1878 appellatus
1116 1801 1183 1866 est,
1210 1814 1316 1859 secum
1337 1794 1371 1858 in
1393 1816 1535 1879 regnum.

211 1895 292 1956 Dum
315 1890 347 1954 in
368 1885 493 1953 aes'tiiis
516 1909 574 1953 nos
596 1907 750 1960 essemus,
787 1887 875 1952 illum
897 1885 1006 1973 pueris
1027 1886 1131 1952 locum
1157 1909 1227 1952 esse
1250 1887 1455 1955 bellissimum
1478 1888 1535 1954 du-

213 1985 327 2049 ximus.
368 1987 399 2047 b.
422 1982 542 2048 Sestius
563 1980 601 2047 ad
623 2003 674 2046 me
697 1981 840 2068 scripsit,
872 2003 952 2070 qnae
983 1991 1084 2047 tecum
1108 1991 1190 2048 esset
1211 1982 1250 2047 de
1273 2004 1341 2047 mea
1363 1981 1571 2048 domesticam

213 2087 246 2142 et
266 2078 399 2143 maxima
422 2097 497 2142 eura
527 2076 650 2142 locutus
672 2075 800 2164 etquid
827 2073 885 2140 tibi
913 2084 994 2140 esset
1022 2075 1135 2142 visum.
1177 2075 1298 2141 Amabo
1320 2087 1366 2150 te,
1388 2074 1534 2141 incumbe

214 2171 247 2239 in
269 2194 336 2236 eam
365 2193 432 2236 rem
462 2181 496 2236 et
524 2170 563 2235 ad
590 2191 642 2234 me
670 2167 788 2242 scribe,
817 2168 894 2257 quid
920 2179 952 2234 et
979 2169 1077 2255 possit
1107 2180 1138 2235 et
1161 2179 1194 2236 tu
1216 2191 1353 2236 censeas.
1398 2175 1427 2236 5.
1449 2169 1534 2234 Idem

213 2266 338 2353 scripsit
359 2264 561 2331 Hortensium
584 2263 623 2329 de
645 2262 844 2350 proroganda
866 2271 973 2329 nostra
995 2263 1157 2350 provincia
1180 2263 1296 2330 dixisse
1318 2266 1425 2332 neseio
1447 2263 1534 2352 quid.

211 2359 285 2427 hIihi
308 2359 340 2425 in
363 2361 502 2426 Cumano
525 2357 762 2443 dihgentissime
784 2380 836 2432 se,
865 2366 900 2423 ut
920 2358 1016 2423 annui
1039 2379 1194 2433 essemus,
1224 2357 1426 2424 defensurum
1448 2381 1536 2424 rece·

211 2463 311 2541 perat.
354 2453 387 2519 Si
417 2451 588 2541 quidquam
617 2473 668 2517 me
696 2473 797 2526 amas,
822 2451 905 2517 hunc
934 2453 1037 2517 locum
1067 2452 1166 2518 muni.
1214 2453 1282 2518 Dici
1315 2475 1379 2519 non
1413 2463 1571 2539 potestne

211 2568 305 2636 quam
327 2547 445 2613 invitus
466 2569 484 2612 a
512 2545 603 2612 vobis
625 2545 737 2612 absim.
791 2551 829 2612 Et
850 2546 942 2612 simul
964 2545 1043 2611 hanc
1070 2545 1202 2632 gloriam
1224 2547 1360 2612 iustitiae
1386 2557 1417 2611 et
1441 2545 1536 2612 absti-

210 2642 332 2707 nentiae
353 2640 423 2708 lore
445 2641 648 2707 illustriorem
672 2661 783 2727 spero,
806 2640 832 2706 si
854 2640 916 2705 cito
938 2639 1181 2718 decesserimus;
1203 2640 1236 2707 id
1258 2640 1344 2727 quod
1367 2642 1534 2706 Scaevolae

210 2734 357 2820 contigit,
381 2735 435 2822 qui
456 2735 541 2801 solos
562 2757 677 2802 novem
700 2755 823 2799 menses
837 2733 928 2800 Asiae
943 2733 1088 2820 praefuit.
1132 2740 1162 2800 6.
1185 2735 1303 2822 Appius
1324 2744 1440 2808 noster,
1463 2756 1532 2800 cum

210 2851 261 2894 me
283 2827 452 2895 adventare
474 2829 611 2904 videret,
634 2826 794 2915 proiectus
816 2837 864 2892 est
884 2833 1015 2893 Tarsum
1038 2850 1139 2915 usque
1155 2829 1317 2894 Laodicea.
1359 2827 1406 2893 lbi
1428 2829 1533 2894 lorum

211 2923 290 3008 agit,
313 2943 384 2987 eum
406 2943 467 3008 ego
488 2923 548 2989 sim
568 2923 601 2989 in
623 2921 803 3009 provincia;
826 2942 919 3007 quam
942 2920 1009 2985 eius
1035 2921 1183 2987 iniuriam
1206 2944 1270 2987 non
1291 2927 1435 2987 Insector.
1480 2926 1571 2987 Sa··t⁵

212 3016 250 3082 tis
272 3016 355 3080 enim
378 3015 479 3083 habeo
501 3017 618 3103 negotii
640 3016 672 3081 in
695 3013 840 3080 sanandis
862 3013 1061 3089 vulneribus,
1100 3036 1180 3101 quae
1202 3025 1274 3080 sunt
1295 3015 1439 3102 imposita
1461 3037 1535 3101 pro-

212 3110 345 3176 vinciae.
389 3111 496 3188 Quod,
529 3111 572 3177 do
595 3131 741 3197 operam,
772 3117 805 3174 ut
828 3108 938 3173 luciam
962 3129 1056 3195 quam
1079 3108 1207 3174 minima
1229 3109 1313 3174 illius
1334 3107 1533 3178 contumelia.

212 3203 273 3269 Sed
301 3203 361 3270 hoc
389 3209 487 3271 Bruto
519 3213 628 3271 nostro
659 3203 751 3269 velim
783 3201 886 3276 dicas,
921 3201 1009 3267 illum
1039 3201 1148 3266 secisse
1177 3224 1239 3268 non
1272 3201 1372 3278 belle,
1405 3202 1458 3290 qui
1481 3201 1535 3267 ad-

212 3307 306 3366 ventu
328 3321 417 3375 meo,
440 3320 533 3387 quam
554 3295 737 3384 longissime
759 3295 916 3382 potuerit,
939 3293 1125 3361 discesserit.

668 3497 781 3560 XVIII.
823 3495 876 3574 (A.
903 3495 935 3559 U.
958 3497 990 3559 C.
1012 3493 1098 3572 703.)
1543 3519 1571 3561 ao

696 3636 838 3703 ClCEltO
860 3636 1003 3700 ATTICO
1027 3637 1059 3700 S.

298 3772 325 3834 I.
349 3770 451 3846 Quam
479 3766 590 3840 ,vellem
620 3773 738 3832 Romae
767 3787 869 3840 esses,
905 3765 932 3831 si
961 3765 1042 3831 Iorte
1072 3786 1135 3831 non
1163 3771 1216 3832 es!
1250 3767 1330 3833 Nihil
1352 3773 1434 3834 enlm
1456 3773 1534 3834 certi

212 3860 403 3928 habebamus
424 3862 483 3927 nisi
507 3862 664 3947 accepisse
687 3882 743 3926 nos
766 3870 834 3926 tuas
857 3860 974 3926 litteras
1003 3882 1030 3926 a.
1062 3859 1092 3926 d.
1115 3880 1209 3927 xttn.
1231 3862 1298 3927 Ital.
1322 3866 1407 3929 Sext.
1429 3863 1533 3940 datas;

119 3981 121 3986 ·
212 3957 243 4022 in
271 3956 385 4043 quibus
413 3957 565 4042 scriptum
594 3966 676 4038 esset
704 3966 734 4022 te
771 3956 803 4021 in
832 3955 963 4042 Epirum
995 3956 1113 4021 iturum
1142 3955 1268 4021 circiter
1294 3957 1361 4022 Kal.
1391 3959 1534 4023 Sextiles.

212 4051 287 4126 Sed,
311 4051 377 4117 sive
400 4057 517 4117 Itomae
540 4071 574 4116 es
596 4050 662 4115 sive
684 4050 715 4115 in
744 4050 857 4136 Epiro,
892 4048 995 4115 Parthi
1019 4049 1200 4134 Euphraten
1223 4031 1610 4140 transiveruntldueesaff

211 4150 345 4219 Pacoro,
384 4143 482 4210 Orodi
494 4128 522 4237 ,J
540 4144 624 4231 regis
656 4143 842 4210 Parthorum
867 4142 962 4216 filio.
997 4143 1115 4209 curretis
1145 4141 1211 4208 lere
1243 4143 1351 4230 copiis.
1406 4145 1535 4211 Bibulus
1621 4143 1641 4240 β

212 4237 348 4305 nondum
379 4237 566 4305 audiebatur
594 4259 663 4303 esse
697 4239 728 4303 in
759 4237 858 4326 Syria.
904 4237 1027 4304 Cassius
1056 4237 1088 4302 in
1118 4236 1234 4323 oppido
1262 4238 1442 4304 Antiochiae
1464 4261 1536 4304 eum
1621 4232 1631 4254 ⁴

263 4457 290 4508 3.
311 4460 387 4508 donae
398 4471 437 4521 pr.
451 4457 488 4511 Μ.
500 4458 568 4508 -5
583 4458 616 4507 ab
628 4457 649 4506 1.
664 4483 695 4492 —
714 4457 741 4506 7.
759 4458 864 4506 tonaetat
874 4457 989 4506 Ernestii
999 4469 1109 4519 operae.
1131 4478 1158 4488 -
1179 4458 1206 4506 c.
1217 4456 1316 4506 nullius
1327 4456 1348 4504 I.
1365 4480 1395 4492 -
1410 4459 1536 4508 terentius

210 4527 397 4586 thammata
424 4533 449 4578 et
469 4535 494 4578 ta
511 4529 604 4578 raetica
633 4541 687 4588 mg.
713 4525 750 4576 Μ.
774 4551 804 4562 -
843 4525 886 4576 13.
906 4528 951 4590 prta·
969 4540 1024 4576 om.
1055 4525 1066 4575 I
1093 4533 1119 4576 et
1139 4539 1179 4590 pr.
1200 4526 1238 4577 Μ.
1260 4551 1288 4560 -
1326 4534 1361 4576 cat
1381 4540 1436 4576 om.
1459 4529 1480 4577 t.
1503 4553 1535 4564 -

211 4598 255 4648 to.
276 4600 433 4648 Hortensius
452 4598 471 4647 I.
494 4622 522 4634 -
563 4597 637 4647 Iiim't
653 4598 739 4646 necato
758 4597 808 4647 llll.
831 4620 860 4630 -
899 4592 1534 4659 to.t1tttom.t.—2o.mant]amamut.

211 4667 402 4730 (Emendatum
434 4682 464 4719 ex
491 4667 580 4726 XYZ.)
610 4691 640 4702 -
676 4667 721 4716 22.
747 4667 911 4716 {vetustiorem
938 4667 960 4716 It
986 4672 1012 4716 ct
1030 4680 1071 4730 pr.
1098 4667 1143 4723 Μ,
1175 4667 1310 4716 Imtloram
1331 4666 1341 4715 I
1359 4674 1385 4717 et
1404 4681 1474 4718 corr.
1495 4670 1533 4720 Μ.

211 4737 403 4799 (Emendatum
431 4739 457 4788 In
488 4731 665 4799 Victoriana.)
694 4759 721 4770 -
760 4737 804 4786 et.
834 4749 875 4785 mc
893 4751 947 4787 om·
969 4750 1009 4800 pr.
1030 4737 1067 4788 Μ.
1098 4763 1125 4774 -
1165 4734 1253 4800 caque]
1278 4739 1361 4800 itaqua
1380 4751 1421 4801 pr.
1442 4739 1478 4788 Μ.
1503 4764 1531 4774 -

211 4808 324 4859 laodicea
343 4810 384 4867 Μ,
417 4808 558 4859 Laodiceae
583 4806 627 4856 ItI.
658 4831 685 4842 -
726 4807 771 4859 25.
797 4807 899 4856 intorto
929 4807 966 4858 Μ.
997 4833 1024 4844 -
1064 4807 1107 4856 tr.
1127 4808 1260 4856 {nimirum
1278 4806 1314 4856 Μ.
1336 4805 1457 4870 (minimo
1477 4823 1532 4872 mg.

210 4877 262 4938 tt.)
285 4904 312 4915 -
352 4881 395 4928 28.
414 4881 489 4928 celim
508 4886 536 4927 at
554 4879 627 4927 dicus
645 4877 667 4926 1.
689 4900 719 4912 -·
756 4877 800 4926 32.
820 4884 887 4926 certe
908 4878 928 4927 I.
959 4901 985 4911 -
1026 4877 1069 4928 35.
1089 4879 1269 4926 tranaiueramt
1288 4876 1350 4927 tlt:
1371 4882 1534 4932 translerant

211 4949 264 4999 RE.
286 4975 315 4986 -
354 4949 397 4999 36.
419 4943 529 5012 Parare]
559 4947 642 4997 Parca
661 4960 702 5010 pr.
722 4946 765 5006 tt,
783 4946 882 5011 partho
901 4947 922 4996 1.
952 4972 983 4983 -
1020 4949 1147 4998 Ororadts
1166 4947 1208 5006 tt,
1241 4947 1335 5013 Orodtp
1353 4948 1393 5010 ts,
1422 4951 1535 5002 Herodis

211 5018 232 5068 I.
261 5043 293 5056 -
330 5020 490 5070 Parthorum
509 5020 576 5084 repta
595 5017 626 5068 a.
645 5041 679 5053 -
714 5012 778 5082 [era]
803 5017 899 5082 caserta
916 5017 993 5072 Mill.
1029 5015 1222 5082 (emendatum
1241 5030 1273 5068 ex
1293 5017 1333 5068 tz
1351 5024 1378 5070 et
1397 5033 1451 5082 mg.
1472 5020 1536 5074 Cra·

210 5087 323 5153 tandri.)
345 5113 372 5124 -
411 5089 456 5142 37.
475 5090 610 5140 enattoata
628 5087 665 5141 tt.
