3662 5908
324 415 387 478 304
551 411 827 478 EPlSTOLARUM
846 415 899 477 Ao
921 406 1012 479 ΕΔΜ.
1054 416 1128 478 LlB.
1150 415 1232 478 xvi.
1274 416 1333 478 ΕΡ.
1355 415 1407 484 27.

766 573 892 640 usin.
935 569 983 656 (Α.
1009 574 1042 638 u,
1065 574 1097 636 c.
1119 571 1204 656 πο.)

625 777 628 784 r
672 698 708 773 Q.
732 696 874 762 menno
896 695 1031 760 rmom
1053 696 1128 761 suo
1151 697 1181 760 s
1203 698 1237 761 r.
1258 700 1296 760 n.

407 813 436 874 1.
464 807 626 875 Mirificam
650 815 693 873 ml
719 806 970 873 verberationem
1003 807 1184 872 cessationis
1213 806 1343 892 epistola
1371 805 1493 873 dedisti.
1549 811 1644 884 Nam,

325 921 406 990 quoe
427 903 552 989 parcius
574 901 671 967 irater
692 902 931 989 perscripserat,
966 903 1154 968 verecundia
1182 902 1325 969 videlicet
1346 911 1378 967 et
1404 903 1643 988 properatione,

302 1017 363 1061 sea
385 1006 419 1063 tu
440 996 507 1062 sinc
529 996 750 1072 assentatione,
782 1006 818 1061 ut
839 1004 941 1070 crant,
972 995 1011 1061 ad
1032 1016 1082 1060 me
1104 995 1269 1082 scripsisti,
1299 1003 1330 1061 et
1350 999 1486 1061 maxime
1509 995 1547 1062 de
1569 1017 1645 1063 con-

325 1089 446 1156 sulibus
467 1090 649 1176 designatis,
683 1111 763 1177 qnos
786 1110 846 1175 ego
870 1089 993 1177 penitus
1015 1090 1090 1154 novi
1107 1089 1271 1156 libidinum
1293 1099 1324 1156 et
1345 1091 1503 1176 languoris
1525 1091 1644 1157 effemi-

324 1184 476 1250 natissimi
497 1185 592 1250 animi
612 1183 737 1271 plcn0s;
759 1185 814 1272 qui
835 1185 895 1250 nisi
915 1205 933 1248 a
954 1181 1173 1270 gubernaculis
1194 1186 1394 1258 recesserint,
1417 1185 1587 1251 maximnm
1602 1185 1642 1250 ab

323 1277 472 1344 universo
501 1278 665 1364 naufragio
692 1278 867 1364 periculum
896 1287 952 1344 est
1008 1281 1038 1344 2.
1060 1277 1245 1344 incredibile
1274 1288 1335 1355 est,
1368 1299 1449 1365 quae
1480 1299 1540 1364 ego
1571 1279 1643 1344 illos

324 1372 406 1448 scio,
425 1373 581 1459 oppositis
604 1373 764 1439 Gallorum
785 1378 914 1448 castris,
936 1373 969 1440 in
990 1373 1114 1438 aestivis
1134 1371 1259 1451 iecisse,
1289 1395 1369 1461 qnos
1390 1373 1442 1439 ille
1462 1373 1561 1447 latro,
1583 1372 1644 1438 nisi

289 1485 317 1526 aa
327 1466 444 1552 aliquid
464 1465 585 1531 firmius
606 1467 718 1543 fircrit,
746 1468 894 1534 societate
922 1467 1070 1534 viliorum
1091 1465 1235 1533 deleniet
1289 1473 1349 1533 Res
1371 1476 1418 1534 cst
1438 1475 1492 1532 aut
1510 1465 1643 1534 tribuni-

325 1561 380 1626 ciis
402 1570 455 1626 aut
474 1560 605 1648 privatis
627 1561 764 1628 consiliis
784 1560 962 1627 munienda.
1012 1565 1088 1625 Nam
1109 1559 1162 1625 isti
1183 1560 1246 1626 duo
1268 1560 1323 1628 vix
1344 1568 1416 1626 sunt
1437 1559 1538 1644 digni,
1574 1560 1643 1646 qui-

325 1655 383 1720 bus
404 1655 494 1720 alteri
523 1659 706 1730 Caesenam,
743 1656 833 1722 alteri
861 1655 1114 1723 Cossutianarum
1135 1652 1336 1721 tabernarum
1357 1654 1554 1720 firndamenta
1575 1676 1661 1720 cre-v

325 1747 389 1814 das.
432 1754 492 1825 Tc,
527 1749 666 1826 uldini,
688 1749 758 1815 lero
780 1750 889 1817 oculis.
930 1754 998 1836 Ego
1022 1770 1080 1814 vos
1097 1769 1125 1813 a.
1145 1747 1175 1816 d.
1198 1769 1249 1815 111.
1271 1747 1400 1814 Kalend.
1423 1747 1538 1814 videbo
1558 1756 1643 1812 tuos-

325 1864 386 1929 qne
411 1843 537 1919 oculos,
571 1844 691 1910 etiamsi
712 1854 744 1910 te
765 1844 891 1911 veniens
912 1850 944 1911 in
966 1843 1069 1910 medio
1092 1841 1163 1909 loro
1185 1843 1312 1918 sidero,
1341 1840 1545 1908 dissaviabor.
1590 1845 1642 1907 lle

288 1954 404 2002 asama.
446 1937 534 2005 Vale.

393 2157 420 2208 3.
438 2156 535 2206 mill:
566 2158 630 2207 miti
648 2157 678 2206 Ε.
706 2182 741 2192 -
776 2157 803 2208 5.
822 2160 967 2209 assentione
985 2156 1028 2218 ll,
1059 2159 1206 2208 assensione
1223 2157 1254 2207 Ε.
1285 2182 1313 2192 -
1351 2155 1378 2206 o.
1405 2155 1512 2206 lilinum
1543 2153 1580 2206 Μ.
1609 2180 1639 2191 -

323 2229 350 2276 ’1.
369 2229 452 2277 animi
470 2227 615 2278 delendum
637 2229 777 2278 ridebatur
798 2227 930 2278 Ernestio.
960 2253 989 2265 -
1028 2229 1071 2278 10.
1089 2228 1196 2278 munet
1214 2227 1256 2278 ll:
1275 2227 1380 2276 deliniet
1397 2225 1428 2276 Ε.
1444 2251 1480 2288 ,-
1525 2225 1568 2276 1³.
1586 2224 1643 2290 [oso

324 2299 353 2346 in
371 2297 450 2347 oculis
468 2297 586 2348 molebat
602 2298 751 2348 Ernesttus.
771 2322 804 2334 -
841 2299 884 2350 tt·
903 2297 1065 2349 &sociabor
1083 2297 1130 2349 ll:
1149 2297 1330 2348 dissuooiator
1347 2297 1378 2348 Ε.
