<?xml version="1.0" encoding="UTF-8"?>
<!DOCTYPE html PUBLIC "-//W3C//DTD XHTML 1.0 Transitional//EN"
    "http://www.w3.org/TR/xhtml1/DTD/xhtml1-transitional.dtd">
<html xmlns="http://www.w3.org/1999/xhtml" xml:lang="en" lang="en">
 <head>
  <title>
</title>
<meta http-equiv="Content-Type" content="text/html;charset=utf-8" />
  <meta name='ocr-system' content='tesseract 3.04.00' />
  <meta name='ocr-capabilities' content='ocr_page ocr_carea ocr_par ocr_line ocrx_word'/>
</head>
<body>
  <div class='ocr_page' id='page_1' title='image "./mtulliiciceroni06baitgoog_0177.png"; bbox 0 0 3656 5868; ppageno 0'>
   <div class='ocr_carea' id='block_1_1' title="bbox 315 402 1207 469">
    <p class='ocr_par' dir='ltr' id='par_1_1' title="bbox 315 402 1207 469">
     <span class='ocr_line' id='line_1_1' title="bbox 315 402 1207 469; baseline -0.002 -1"><span class='ocrx_word' id='word_1_1' title='bbox 315 405 375 469; x_wconf 86' lang='lat' dir='ltr'><strong>lto</strong></span> <span class='ocrx_word' id='word_1_2' title='bbox 744 402 1021 468; x_wconf 81' lang='lat' dir='ltr'><strong>EPISTOLARUM</strong></span> <span class='ocrx_word' id='word_1_3' title='bbox 1041 402 1094 467; x_wconf 77' lang='lat' dir='ltr'><strong>AD</strong></span> <span class='ocrx_word' id='word_1_4' title='bbox 1115 402 1207 466; x_wconf 77' lang='lat' dir='ltr'><strong>Fau.</strong></span> 
     </span>
    </p>
   </div>
   <div class='ocr_carea' id='block_1_2' title="bbox 311 557 1642 928">
    <p class='ocr_par' dir='ltr' id='par_1_2' title="bbox 311 557 1642 928">
     <span class='ocr_line' id='line_1_2' title="bbox 311 557 1642 648; baseline -0.002 -21"><span class='ocrx_word' id='word_1_5' title='bbox 311 581 437 648; x_wconf 83' lang='lat' dir='ltr'><strong>semper</strong></span> <span class='ocrx_word' id='word_1_6' title='bbox 457 559 564 627; x_wconf 84' lang='lat' dir='ltr'><strong>valere</strong></span> <span class='ocrx_word' id='word_1_7' title='bbox 585 559 700 647; x_wconf 91' lang='lat' dir='ltr'><strong>cupio,</strong></span> <span class='ocrx_word' id='word_1_8' title='bbox 723 569 790 625; x_wconf 90' lang='lat' dir='ltr'><strong>tum</strong></span> <span class='ocrx_word' id='word_1_9' title='bbox 812 568 913 633; x_wconf 90' lang='lat' dir='ltr'><strong>certe,</strong></span> <span class='ocrx_word' id='word_1_10' title='bbox 951 561 1025 627; x_wconf 94' lang='lat' dir='ltr'><strong>dum</strong></span> <span class='ocrx_word' id='word_1_11' title='bbox 1047 558 1097 624; x_wconf 89' lang='lat' dir='ltr'><strong>hic</strong></span> <span class='ocrx_word' id='word_1_12' title='bbox 1119 579 1236 623; x_wconf 91' lang='lat' dir='ltr'><strong>sumus.</strong></span> <span class='ocrx_word' id='word_1_13' title='bbox 1279 557 1375 624; x_wconf 84' lang='lat' dir='ltr'><strong>Vides</strong></span> <span class='ocrx_word' id='word_1_14' title='bbox 1395 564 1499 635; x_wconf 89' lang='lat' dir='ltr'><strong>enim,</strong></span> <span class='ocrx_word' id='word_1_15' title='bbox 1521 567 1642 646; x_wconf 89' lang='lat' dir='ltr'><strong>quanto</strong></span> 
     </span>
     <span class='ocr_line' id='line_1_3' title="bbox 311 651 1639 743; baseline 0 -23"><span class='ocrx_word' id='word_1_16' title='bbox 311 665 383 743; x_wconf 88' lang='lat' dir='ltr'><strong>post</strong></span> <span class='ocrx_word' id='word_1_17' title='bbox 402 677 468 721; x_wconf 89' lang='lat' dir='ltr'><strong>una</strong></span> <span class='ocrx_word' id='word_1_18' title='bbox 499 654 598 720; x_wconf 85' lang='lat' dir='ltr'><strong>luturi</strong></span> <span class='ocrx_word' id='word_1_19' title='bbox 630 675 747 720; x_wconf 90' lang='lat' dir='ltr'><strong>snmus.</strong></span> <span class='ocrx_word' id='word_1_20' title='bbox 799 657 924 732; x_wconf 87' lang='lat' dir='ltr'><strong>Quare,</strong></span> <span class='ocrx_word' id='word_1_21' title='bbox 948 653 976 718; x_wconf 90' lang='lat' dir='ltr'><strong>si</strong></span> <span class='ocrx_word' id='word_1_22' title='bbox 997 653 1082 740; x_wconf 87' lang='lat' dir='ltr'><strong>quod</strong></span> <span class='ocrx_word' id='word_1_23' title='bbox 1103 653 1305 718; x_wconf 88' lang='lat' dir='ltr'><strong>constitutum</strong></span> <span class='ocrx_word' id='word_1_24' title='bbox 1326 673 1397 717; x_wconf 92' lang='lat' dir='ltr'><strong>cum</strong></span> <span class='ocrx_word' id='word_1_25' title='bbox 1418 651 1560 738; x_wconf 81' lang='lat' dir='ltr'><strong>podagra</strong></span> <span class='ocrx_word' id='word_1_26' title='bbox 1581 653 1639 720; x_wconf 83' lang='lat' dir='ltr'><strong>lra-</strong></span> 
     </span>
     <span class='ocr_line' id='line_1_4' title="bbox 312 745 1642 832; baseline -0.002 -18"><span class='ocrx_word' id='word_1_27' title='bbox 312 749 385 823; x_wconf 87' lang='lat' dir='ltr'><strong>bes,</strong></span> <span class='ocrx_word' id='word_1_28' title='bbox 417 748 467 814; x_wconf 90' lang='lat' dir='ltr'><strong>lac</strong></span> <span class='ocrx_word' id='word_1_29' title='bbox 487 758 522 814; x_wconf 94' lang='lat' dir='ltr'><strong>nt</strong></span> <span class='ocrx_word' id='word_1_30' title='bbox 543 747 576 812; x_wconf 96' lang='lat' dir='ltr'><strong>in</strong></span> <span class='ocrx_word' id='word_1_31' title='bbox 597 747 693 812; x_wconf 91' lang='lat' dir='ltr'><strong>alium</strong></span> <span class='ocrx_word' id='word_1_32' title='bbox 715 747 798 812; x_wconf 93' lang='lat' dir='ltr'><strong>diem</strong></span> <span class='ocrx_word' id='word_1_33' title='bbox 819 747 955 814; x_wconf 78' lang='lat' dir='ltr'><strong>differas.</strong></span> <span class='ocrx_word' id='word_1_34' title='bbox 1011 751 1093 816; x_wconf 87' lang='lat' dir='ltr'><strong>Cura</strong></span> <span class='ocrx_word' id='word_1_35' title='bbox 1113 746 1224 832; x_wconf 78' lang='lat' dir='ltr'><strong>igitur,</strong></span> <span class='ocrx_word' id='word_1_36' title='bbox 1255 754 1291 812; x_wconf 93' lang='lat' dir='ltr'><strong>ut</strong></span> <span class='ocrx_word' id='word_1_37' title='bbox 1310 746 1431 820; x_wconf 86' lang='lat' dir='ltr'><strong>valeas,</strong></span> <span class='ocrx_word' id='word_1_38' title='bbox 1454 755 1486 811; x_wconf 86' lang='lat' dir='ltr'><strong>et</strong></span> <span class='ocrx_word' id='word_1_39' title='bbox 1506 766 1558 811; x_wconf 91' lang='lat' dir='ltr'><strong>me</strong></span> <span class='ocrx_word' id='word_1_40' title='bbox 1579 745 1642 812; x_wconf 91' lang='lat' dir='ltr'><strong>hoc</strong></span> 
     </span>
     <span class='ocr_line' id='line_1_5' title="bbox 314 841 793 928; baseline -0.004 -18"><span class='ocrx_word' id='word_1_41' title='bbox 314 842 411 910; x_wconf 92' lang='lat' dir='ltr'><strong>biduo</strong></span> <span class='ocrx_word' id='word_1_42' title='bbox 432 851 486 908; x_wconf 91' lang='lat' dir='ltr'><strong>aut</strong></span> <span class='ocrx_word' id='word_1_43' title='bbox 506 841 613 908; x_wconf 92' lang='lat' dir='ltr'><strong>triduo</strong></span> <span class='ocrx_word' id='word_1_44' title='bbox 636 851 793 928; x_wconf 86' lang='lat' dir='ltr'><strong>exspecta.</strong></span> 
     </span>
    </p>
   </div>
   <div class='ocr_carea' id='block_1_3' title="bbox 290 1015 1253 1236">
    <p class='ocr_par' dir='ltr' id='par_1_3' title="bbox 290 1015 1253 1236">
     <span class='ocr_line' id='line_1_6' title="bbox 290 1015 1161 1103; baseline -0.006 -16"><span class='ocrx_word' id='word_1_45' title='bbox 290 1042 305 1087; x_wconf 83' lang='lat' dir='ltr'><strong>a</strong></span> <span class='ocrx_word' id='word_1_46' title='bbox 818 1021 848 1083; x_wconf 84' lang='lat' dir='ltr'><strong>V.</strong></span> <span class='ocrx_word' id='word_1_47' title='bbox 892 1015 940 1102; x_wconf 76' lang='lat' dir='ltr'><strong>(A.</strong></span> <span class='ocrx_word' id='word_1_48' title='bbox 966 1020 999 1083; x_wconf 85' lang='lat' dir='ltr'><strong>ll.</strong></span> <span class='ocrx_word' id='word_1_49' title='bbox 1021 1021 1054 1083; x_wconf 85' lang='lat' dir='ltr'><strong>C.</strong></span> <span class='ocrx_word' id='word_1_50' title='bbox 1076 1017 1161 1103; x_wconf 85' lang='lat'><em>700.)</em></span> 
     </span>
     <span class='ocr_line' id='line_1_7' title="bbox 710 1150 1253 1236; baseline -0.004 -20"><span class='ocrx_word' id='word_1_51' title='bbox 710 1150 852 1217; x_wconf 80' lang='lat' dir='ltr'><strong>uenae</strong></span> <span class='ocrx_word' id='word_1_52' title='bbox 876 1151 1041 1236; x_wconf 76' lang='lat' dir='ltr'><strong>cansam</strong></span> <span class='ocrx_word' id='word_1_53' title='bbox 1060 1152 1140 1214; x_wconf 83' lang='lat' dir='ltr'><strong>nar.</strong></span> <span class='ocrx_word' id='word_1_54' title='bbox 1163 1152 1194 1215; x_wconf 93' lang='lat' dir='ltr'><strong>s.</strong></span> <span class='ocrx_word' id='word_1_55' title='bbox 1215 1153 1253 1214; x_wconf 90' lang='lat' dir='ltr'><strong>n.</strong></span> 
     </span>
    </p>
   </div>
   <div class='ocr_carea' id='block_1_4' title="bbox 280 1289 1641 1851">
    <p class='ocr_par' dir='ltr' id='par_1_4' title="bbox 315 1289 1641 1564">
     <span class='ocr_line' id='line_1_8' title="bbox 402 1289 1640 1378; baseline 0.002 -20"><span class='ocrx_word' id='word_1_56' title='bbox 402 1295 430 1358; x_wconf 88' lang='lat' dir='ltr'><strong>l.</strong></span> <span class='ocrx_word' id='word_1_57' title='bbox 452 1291 548 1367; x_wconf 88' lang='lat' dir='ltr'><strong>Vide,</strong></span> <span class='ocrx_word' id='word_1_58' title='bbox 576 1311 670 1378; x_wconf 89' lang='lat' dir='ltr'><strong>quam</strong></span> <span class='ocrx_word' id='word_1_59' title='bbox 692 1289 770 1355; x_wconf 94' lang='lat' dir='ltr'><strong>mibi</strong></span> <span class='ocrx_word' id='word_1_60' title='bbox 790 1289 1000 1375; x_wconf 84' lang='lat' dir='ltr'>persuaserim</span> <span class='ocrx_word' id='word_1_61' title='bbox 1029 1299 1060 1353; x_wconf 92' lang='lat' dir='ltr'><strong>te</strong></span> <span class='ocrx_word' id='word_1_62' title='bbox 1082 1309 1132 1352; x_wconf 92' lang='lat' dir='ltr'><strong>me</strong></span> <span class='ocrx_word' id='word_1_63' title='bbox 1155 1309 1226 1354; x_wconf 88' lang='lat' dir='ltr'><strong>esse</strong></span> <span class='ocrx_word' id='word_1_64' title='bbox 1247 1290 1384 1354; x_wconf 88' lang='lat' dir='ltr'><strong>alterum</strong></span> <span class='ocrx_word' id='word_1_65' title='bbox 1405 1311 1469 1356; x_wconf 92' lang='lat' dir='ltr'><strong>uon</strong></span> <span class='ocrx_word' id='word_1_66' title='bbox 1490 1293 1640 1362; x_wconf 87' lang='lat' dir='ltr'><strong>modain</strong></span> 
     </span>
     <span class='ocr_line' id='line_1_9' title="bbox 315 1382 1640 1474; baseline 0.002 -22"><span class='ocrx_word' id='word_1_67' title='bbox 315 1386 354 1452; x_wconf 91' lang='lat' dir='ltr'><strong>iis</strong></span> <span class='ocrx_word' id='word_1_68' title='bbox 375 1386 491 1461; x_wconf 87' lang='lat' dir='ltr'><strong>rebus,</strong></span> <span class='ocrx_word' id='word_1_69' title='bbox 524 1406 604 1472; x_wconf 88' lang='lat' dir='ltr'><strong>quae</strong></span> <span class='ocrx_word' id='word_1_70' title='bbox 632 1383 670 1448; x_wconf 92' lang='lat' dir='ltr'><strong>ad</strong></span> <span class='ocrx_word' id='word_1_71' title='bbox 700 1405 751 1448; x_wconf 91' lang='lat' dir='ltr'><strong>me</strong></span> <span class='ocrx_word' id='word_1_72' title='bbox 779 1383 899 1469; x_wconf 90' lang='lat' dir='ltr'><strong>ipsum,</strong></span> <span class='ocrx_word' id='word_1_73' title='bbox 936 1382 992 1448; x_wconf 91' lang='lat' dir='ltr'><strong>sed</strong></span> <span class='ocrx_word' id='word_1_74' title='bbox 1014 1382 1109 1447; x_wconf 90' lang='lat' dir='ltr'><strong>etiam</strong></span> <span class='ocrx_word' id='word_1_75' title='bbox 1130 1382 1162 1446; x_wconf 93' lang='lat' dir='ltr'><strong>in</strong></span> <span class='ocrx_word' id='word_1_76' title='bbox 1188 1383 1246 1458; x_wconf 90' lang='lat' dir='ltr'><strong>iis,</strong></span> <span class='ocrx_word' id='word_1_77' title='bbox 1270 1405 1351 1470; x_wconf 89' lang='lat' dir='ltr'><strong>quae</strong></span> <span class='ocrx_word' id='word_1_78' title='bbox 1373 1384 1412 1450; x_wconf 85' lang='lat' dir='ltr'><strong>ed</strong></span> <span class='ocrx_word' id='word_1_79' title='bbox 1433 1407 1521 1453; x_wconf 85' lang='lat' dir='ltr'><strong>meos</strong></span> <span class='ocrx_word' id='word_1_80' title='bbox 1542 1391 1640 1474; x_wconf 90' lang='lat' dir='ltr'><strong>perti·</strong></span> 
     </span>
     <span class='ocr_line' id='line_1_10' title="bbox 316 1477 1641 1564; baseline 0.002 -17"><span class='ocrx_word' id='word_1_81' title='bbox 316 1490 401 1547; x_wconf 85' lang='lat' dir='ltr'><strong>nent.</strong></span> <span class='ocrx_word' id='word_1_82' title='bbox 457 1483 490 1546; x_wconf 88' lang='lat' dir='ltr'><strong>C.</strong></span> <span class='ocrx_word' id='word_1_83' title='bbox 513 1477 693 1544; x_wconf 78' lang='lat' dir='ltr'>Trebatium</span> <span class='ocrx_word' id='word_1_84' title='bbox 715 1477 903 1564; x_wconf 78' lang='lat' dir='ltr'><strong>cogitaram,</strong></span> <span class='ocrx_word' id='word_1_85' title='bbox 937 1498 1126 1564; x_wconf 77' lang='lat' dir='ltr'><strong>quocunque</strong></span> <span class='ocrx_word' id='word_1_86' title='bbox 1149 1477 1286 1552; x_wconf 83' lang='lat' dir='ltr'><strong>exirem,</strong></span> <span class='ocrx_word' id='word_1_87' title='bbox 1308 1500 1430 1544; x_wconf 90' lang='lat' dir='ltr'><strong>mecum</strong></span> <span class='ocrx_word' id='word_1_88' title='bbox 1452 1480 1584 1557; x_wconf 89' lang='lat' dir='ltr'><strong>ducere,</strong></span> <span class='ocrx_word' id='word_1_89' title='bbox 1605 1492 1641 1549; x_wconf 89' lang='lat' dir='ltr'><strong>ut</strong></span> 
     </span>
    </p>

    <p class='ocr_par' dir='ltr' id='par_1_5' title="bbox 280 1569 1641 1851">
     <span class='ocr_line' id='line_1_11' title="bbox 280 1569 1641 1657; baseline 0.002 -19"><span class='ocrx_word' id='word_1_90' title='bbox 280 1597 388 1642; x_wconf 84' lang='lat' dir='ltr'><strong>recum</strong></span> <span class='ocrx_word' id='word_1_91' title='bbox 410 1575 487 1639; x_wconf 92' lang='lat' dir='ltr'><strong>meis</strong></span> <span class='ocrx_word' id='word_1_92' title='bbox 509 1571 655 1639; x_wconf 92' lang='lat' dir='ltr'><strong>omnibus</strong></span> <span class='ocrx_word' id='word_1_93' title='bbox 677 1571 807 1643; x_wconf 87' lang='lat' dir='ltr'><strong>studiis,</strong></span> <span class='ocrx_word' id='word_1_94' title='bbox 843 1569 1001 1636; x_wconf 83' lang='lat' dir='ltr'><strong>beneficiis</strong></span> <span class='ocrx_word' id='word_1_95' title='bbox 1024 1592 1117 1657; x_wconf 87' lang='lat' dir='ltr'><strong>quam</strong></span> <span class='ocrx_word' id='word_1_96' title='bbox 1140 1571 1372 1637; x_wconf 86' lang='lat' dir='ltr'><strong>ornatissimum</strong></span> <span class='ocrx_word' id='word_1_97' title='bbox 1395 1572 1523 1638; x_wconf 91' lang='lat' dir='ltr'><strong>domum</strong></span> <span class='ocrx_word' id='word_1_98' title='bbox 1546 1576 1641 1642; x_wconf 90' lang='lat' dir='ltr'><strong>redu-</strong></span> 
     </span>
     <span class='ocr_line' id='line_1_12' title="bbox 314 1665 1639 1756; baseline 0 -20"><span class='ocrx_word' id='word_1_99' title='bbox 314 1691 429 1736; x_wconf 88' lang='lat' dir='ltr'><strong>cerem.</strong></span> <span class='ocrx_word' id='word_1_100' title='bbox 472 1667 534 1733; x_wconf 87' lang='lat' dir='ltr'><strong>Sed</strong></span> <span class='ocrx_word' id='word_1_101' title='bbox 555 1675 760 1754; x_wconf 76' lang='lat' dir='ltr'><strong>posteaquam</strong></span> <span class='ocrx_word' id='word_1_102' title='bbox 782 1671 813 1730; x_wconf 91' lang='lat' dir='ltr'><strong>et</strong></span> <span class='ocrx_word' id='word_1_103' title='bbox 833 1665 975 1751; x_wconf 90' lang='lat' dir='ltr'><strong>Pompeii</strong></span> <span class='ocrx_word' id='word_1_104' title='bbox 1006 1666 1213 1730; x_wconf 82' lang='lat' dir='ltr'><strong>commoratio</strong></span> <span class='ocrx_word' id='word_1_105' title='bbox 1235 1665 1414 1731; x_wconf 79' lang='lat' dir='ltr'><strong>diuturnior</strong></span> <span class='ocrx_word' id='word_1_106' title='bbox 1435 1678 1523 1742; x_wconf 91' lang='lat' dir='ltr'><strong>erat,</strong></span> <span class='ocrx_word' id='word_1_107' title='bbox 1547 1691 1639 1756; x_wconf 90' lang='lat' dir='ltr'><strong>quam</strong></span> 
     </span>
     <span class='ocr_line' id='line_1_13' title="bbox 314 1757 1641 1851; baseline 0.001 -22"><span class='ocrx_word' id='word_1_108' title='bbox 314 1773 471 1850; x_wconf 87' lang='lat' dir='ltr'><strong>putaram,</strong></span> <span class='ocrx_word' id='word_1_109' title='bbox 498 1773 529 1827; x_wconf 89' lang='lat' dir='ltr'><strong>et</strong></span> <span class='ocrx_word' id='word_1_110' title='bbox 556 1783 626 1826; x_wconf 90' lang='lat' dir='ltr'><strong>mea</strong></span> <span class='ocrx_word' id='word_1_111' title='bbox 654 1759 807 1847; x_wconf 85' lang='lat' dir='ltr'><strong>quaedam</strong></span> <span class='ocrx_word' id='word_1_112' title='bbox 836 1757 893 1825; x_wconf 92' lang='lat' dir='ltr'><strong>tibi</strong></span> <span class='ocrx_word' id='word_1_113' title='bbox 921 1781 985 1825; x_wconf 94' lang='lat' dir='ltr'><strong>non</strong></span> <span class='ocrx_word' id='word_1_114' title='bbox 1013 1760 1122 1844; x_wconf 79' lang='lat' dir='ltr'><strong>ignota</strong></span> <span class='ocrx_word' id='word_1_115' title='bbox 1144 1758 1297 1824; x_wconf 73' lang='lat' dir='ltr'><strong>dubitatio</strong></span> <span class='ocrx_word' id='word_1_116' title='bbox 1319 1769 1372 1826; x_wconf 92' lang='lat' dir='ltr'><strong>aut</strong></span> <span class='ocrx_word' id='word_1_117' title='bbox 1393 1761 1546 1846; x_wconf 88' lang='lat' dir='ltr'><strong>impedire</strong></span> <span class='ocrx_word' id='word_1_118' title='bbox 1566 1785 1641 1851; x_wconf 92' lang='lat' dir='ltr'><strong>pro-</strong></span> 
     </span>
    </p>
   </div>
   <div class='ocr_carea' id='block_1_5' title="bbox 133 1852 1642 4270">
    <p class='ocr_par' dir='ltr' id='par_1_6' title="bbox 133 1852 1642 4270">
     <span class='ocr_line' id='line_1_14' title="bbox 313 1852 1639 1944; baseline 0.002 -22"><span class='ocrx_word' id='word_1_119' title='bbox 313 1858 480 1924; x_wconf 79' lang='lat' dir='ltr'><strong>fectionem</strong></span> <span class='ocrx_word' id='word_1_120' title='bbox 502 1876 602 1920; x_wconf 88' lang='lat' dir='ltr'><strong>meam</strong></span> <span class='ocrx_word' id='word_1_121' title='bbox 635 1853 800 1919; x_wconf 81' lang='lat' dir='ltr'><strong>ridebatur</strong></span> <span class='ocrx_word' id='word_1_122' title='bbox 828 1863 882 1919; x_wconf 88' lang='lat' dir='ltr'><strong>aut</strong></span> <span class='ocrx_word' id='word_1_123' title='bbox 905 1863 989 1918; x_wconf 90' lang='lat' dir='ltr'><strong>certe</strong></span> <span class='ocrx_word' id='word_1_124' title='bbox 1013 1852 1160 1928; x_wconf 90' lang='lat' dir='ltr'><strong>tardare,</strong></span> <span class='ocrx_word' id='word_1_125' title='bbox 1182 1852 1274 1929; x_wconf 86' lang='lat' dir='ltr'><strong>vide,</strong></span> <span class='ocrx_word' id='word_1_126' title='bbox 1310 1854 1386 1940; x_wconf 92' lang='lat' dir='ltr'><strong>quid</strong></span> <span class='ocrx_word' id='word_1_127' title='bbox 1404 1855 1481 1920; x_wconf 88' lang='lat' dir='ltr'><strong>mihi</strong></span> <span class='ocrx_word' id='word_1_128' title='bbox 1500 1879 1639 1944; x_wconf 89' lang='lat' dir='ltr'><strong>sumpse-</strong></span> 
     </span>
     <span class='ocr_line' id='line_1_15' title="bbox 313 1946 1638 2037; baseline -0.003 -18"><span class='ocrx_word' id='word_1_129' title='bbox 313 1952 385 2018; x_wconf 87' lang='lat' dir='ltr'><strong>rim.</strong></span> <span class='ocrx_word' id='word_1_130' title='bbox 433 1950 530 2037; x_wconf 85' lang='lat' dir='ltr'><strong>Coepi</strong></span> <span class='ocrx_word' id='word_1_131' title='bbox 551 1949 631 2015; x_wconf 85' lang='lat' dir='ltr'><strong>velle</strong></span> <span class='ocrx_word' id='word_1_132' title='bbox 652 1970 689 2013; x_wconf 91' lang='lat' dir='ltr'><strong>ea</strong></span> <span class='ocrx_word' id='word_1_133' title='bbox 711 1946 891 2013; x_wconf 86' lang='lat' dir='ltr'><strong>Trebatium</strong></span> <span class='ocrx_word' id='word_1_134' title='bbox 913 1955 1096 2033; x_wconf 89' lang='lat' dir='ltr'><strong>exspectare</strong></span> <span class='ocrx_word' id='word_1_135' title='bbox 1118 1968 1137 2010; x_wconf 93' lang='lat' dir='ltr'><strong>a</strong></span> <span class='ocrx_word' id='word_1_136' title='bbox 1162 1955 1212 2022; x_wconf 90' lang='lat' dir='ltr'><strong>tc,</strong></span> <span class='ocrx_word' id='word_1_137' title='bbox 1249 1969 1329 2034; x_wconf 90' lang='lat' dir='ltr'><strong>quae</strong></span> <span class='ocrx_word' id='word_1_138' title='bbox 1351 1959 1507 2034; x_wconf 88' lang='lat' dir='ltr'><strong>sperasset</strong></span> <span class='ocrx_word' id='word_1_139' title='bbox 1528 1972 1546 2015; x_wconf 90' lang='lat' dir='ltr'><strong>a</strong></span> <span class='ocrx_word' id='word_1_140' title='bbox 1572 1971 1638 2026; x_wconf 91' lang='lat' dir='ltr'><strong>me,</strong></span> 
     </span>
     <span class='ocr_line' id='line_1_16' title="bbox 280 2041 1639 2132; baseline 0.001 -24"><span class='ocrx_word' id='word_1_141' title='bbox 280 2065 306 2110; x_wconf 82' lang='lat' dir='ltr'><strong>u</strong></span> <span class='ocrx_word' id='word_1_142' title='bbox 314 2066 416 2132; x_wconf 89' lang='lat' dir='ltr'><strong>neque</strong></span> <span class='ocrx_word' id='word_1_143' title='bbox 437 2044 616 2110; x_wconf 83' lang='lat' dir='ltr'><strong>mehercule</strong></span> <span class='ocrx_word' id='word_1_144' title='bbox 637 2043 740 2108; x_wconf 90' lang='lat' dir='ltr'><strong>minus</strong></span> <span class='ocrx_word' id='word_1_145' title='bbox 761 2042 790 2107; x_wconf 89' lang='lat' dir='ltr'><strong>ei</strong></span> <span class='ocrx_word' id='word_1_146' title='bbox 808 2042 932 2127; x_wconf 82' lang='lat' dir='ltr'><strong>prolixe</strong></span> <span class='ocrx_word' id='word_1_147' title='bbox 954 2041 993 2106; x_wconf 94' lang='lat' dir='ltr'><strong>de</strong></span> <span class='ocrx_word' id='word_1_148' title='bbox 1015 2051 1068 2108; x_wconf 93' lang='lat' dir='ltr'><strong>tua</strong></span> <span class='ocrx_word' id='word_1_149' title='bbox 1088 2041 1247 2106; x_wconf 89' lang='lat' dir='ltr'><strong>voluntate</strong></span> <span class='ocrx_word' id='word_1_150' title='bbox 1261 2043 1412 2127; x_wconf 88' lang='lat' dir='ltr'><strong>promisi,</strong></span> <span class='ocrx_word' id='word_1_151' title='bbox 1435 2065 1529 2130; x_wconf 91' lang='lat' dir='ltr'><strong>quam</strong></span> <span class='ocrx_word' id='word_1_152' title='bbox 1552 2066 1639 2110; x_wconf 89' lang='lat' dir='ltr'><strong>eram</strong></span> 
     </span>
     <span class='ocr_line' id='line_1_17' title="bbox 314 2133 1641 2225; baseline -0.002 -19"><span class='ocrx_word' id='word_1_153' title='bbox 314 2141 424 2206; x_wconf 90' lang='lat' dir='ltr'><strong>solitus</strong></span> <span class='ocrx_word' id='word_1_154' title='bbox 446 2139 485 2203; x_wconf 92' lang='lat' dir='ltr'><strong>de</strong></span> <span class='ocrx_word' id='word_1_155' title='bbox 507 2159 578 2203; x_wconf 93' lang='lat' dir='ltr'><strong>mea</strong></span> <span class='ocrx_word' id='word_1_156' title='bbox 597 2136 750 2223; x_wconf 90' lang='lat' dir='ltr'><strong>polliceri.</strong></span> <span class='ocrx_word' id='word_1_157' title='bbox 793 2140 824 2200; x_wconf 80' lang='lat'><strong>2.</strong></span> <span class='ocrx_word' id='word_1_158' title='bbox 847 2139 943 2200; x_wconf 87' lang='lat' dir='ltr'><strong>Casus</strong></span> <span class='ocrx_word' id='word_1_159' title='bbox 959 2155 1036 2200; x_wconf 80' lang='lat' dir='ltr'><strong>vero</strong></span> <span class='ocrx_word' id='word_1_160' title='bbox 1060 2133 1210 2200; x_wconf 89' lang='lat' dir='ltr'><strong>mirificus</strong></span> <span class='ocrx_word' id='word_1_161' title='bbox 1227 2135 1355 2220; x_wconf 88' lang='lat' dir='ltr'><strong>quidam</strong></span> <span class='ocrx_word' id='word_1_162' title='bbox 1369 2136 1537 2202; x_wconf 87' lang='lat' dir='ltr'><strong>intervenit</strong></span> <span class='ocrx_word' id='word_1_163' title='bbox 1551 2138 1641 2225; x_wconf 91' lang='lat' dir='ltr'><strong>quasi</strong></span> 
     </span>
     <span class='ocr_line' id='line_1_18' title="bbox 314 2227 1641 2320; baseline 0 -21"><span class='ocrx_word' id='word_1_164' title='bbox 314 2233 365 2300; x_wconf 84' lang='lat' dir='ltr'><strong>rel</strong></span> <span class='ocrx_word' id='word_1_165' title='bbox 387 2232 473 2297; x_wconf 89' lang='lat' dir='ltr'><strong>testis</strong></span> <span class='ocrx_word' id='word_1_166' title='bbox 510 2229 667 2317; x_wconf 89' lang='lat' dir='ltr'><strong>opinionis</strong></span> <span class='ocrx_word' id='word_1_167' title='bbox 695 2249 784 2294; x_wconf 89' lang='lat' dir='ltr'><strong>meae</strong></span> <span class='ocrx_word' id='word_1_168' title='bbox 818 2228 869 2294; x_wconf 84' lang='lat' dir='ltr'><strong>rel</strong></span> <span class='ocrx_word' id='word_1_169' title='bbox 896 2249 1030 2320; x_wconf 69' lang='lat' dir='ltr'><strong>spensor</strong></span> <span class='ocrx_word' id='word_1_170' title='bbox 1057 2227 1256 2293; x_wconf 89' lang='lat' dir='ltr'><strong>humanitatis</strong></span> <span class='ocrx_word' id='word_1_171' title='bbox 1283 2238 1367 2294; x_wconf 90' lang='lat' dir='ltr'><strong>tuae.</strong></span> <span class='ocrx_word' id='word_1_172' title='bbox 1409 2235 1485 2296; x_wconf 88' lang='lat' dir='ltr'><strong>Nam</strong></span> <span class='ocrx_word' id='word_1_173' title='bbox 1507 2253 1578 2298; x_wconf 93' lang='lat' dir='ltr'><strong>cum</strong></span> <span class='ocrx_word' id='word_1_174' title='bbox 1601 2234 1641 2299; x_wconf 92' lang='lat' dir='ltr'><strong>de</strong></span> 
     </span>
     <span class='ocr_line' id='line_1_19' title="bbox 315 2317 1640 2410; baseline 0.002 -19"><span class='ocrx_word' id='word_1_175' title='bbox 315 2327 377 2392; x_wconf 91' lang='lat' dir='ltr'><strong>boc</strong></span> <span class='ocrx_word' id='word_1_176' title='bbox 400 2317 468 2410; x_wconf 79' lang='lat' dir='ltr'><strong>ipso</strong></span> <span class='ocrx_word' id='word_1_177' title='bbox 493 2323 641 2389; x_wconf 85' lang='lat' dir='ltr'><strong>Trebatio</strong></span> <span class='ocrx_word' id='word_1_178' title='bbox 663 2344 734 2387; x_wconf 91' lang='lat' dir='ltr'><strong>cum</strong></span> <span class='ocrx_word' id='word_1_179' title='bbox 763 2321 860 2388; x_wconf 91' lang='lat' dir='ltr'><strong>Balbo</strong></span> <span class='ocrx_word' id='word_1_180' title='bbox 892 2330 1001 2386; x_wconf 81' lang='lat' dir='ltr'><strong>nostro</strong></span> <span class='ocrx_word' id='word_1_181' title='bbox 1033 2321 1184 2408; x_wconf 89' lang='lat' dir='ltr'><strong>loquerer</strong></span> <span class='ocrx_word' id='word_1_182' title='bbox 1214 2324 1389 2388; x_wconf 86' lang='lat' dir='ltr'><strong>accuratius</strong></span> <span class='ocrx_word' id='word_1_183' title='bbox 1418 2324 1504 2390; x_wconf 91' lang='lat' dir='ltr'><strong>domi</strong></span> <span class='ocrx_word' id='word_1_184' title='bbox 1532 2348 1640 2404; x_wconf 88' lang='lat' dir='ltr'><strong>meae,</strong></span> 
     </span>
     <span class='ocr_line' id='line_1_20' title="bbox 316 2415 1640 2504; baseline 0.002 -20"><span class='ocrx_word' id='word_1_185' title='bbox 316 2419 437 2484; x_wconf 82' lang='lat' dir='ltr'><strong>litterae</strong></span> <span class='ocrx_word' id='word_1_186' title='bbox 458 2417 535 2483; x_wconf 92' lang='lat' dir='ltr'><strong>mibi</strong></span> <span class='ocrx_word' id='word_1_187' title='bbox 555 2417 702 2482; x_wconf 90' lang='lat' dir='ltr'><strong>dantura</strong></span> <span class='ocrx_word' id='word_1_188' title='bbox 724 2425 774 2492; x_wconf 90' lang='lat' dir='ltr'><strong>te,</strong></span> <span class='ocrx_word' id='word_1_189' title='bbox 797 2416 911 2504; x_wconf 89' lang='lat' dir='ltr'><strong>quibus</strong></span> <span class='ocrx_word' id='word_1_190' title='bbox 926 2415 957 2479; x_wconf 92' lang='lat' dir='ltr'><strong>iu</strong></span> <span class='ocrx_word' id='word_1_191' title='bbox 974 2415 1124 2480; x_wconf 83' lang='lat' dir='ltr'><strong>extremis</strong></span> <span class='ocrx_word' id='word_1_192' title='bbox 1147 2415 1297 2501; x_wconf 91' lang='lat' dir='ltr'><strong>scriptum</strong></span> <span class='ocrx_word' id='word_1_193' title='bbox 1314 2427 1396 2485; x_wconf 90' lang='lat' dir='ltr'><strong>erat:</strong></span> <span class='ocrx_word' id='word_1_194' title='bbox 1420 2425 1486 2493; x_wconf 89' lang='lat' dir='ltr'><strong>„M.</strong></span> <span class='ocrx_word' id='word_1_195' title='bbox 1510 2423 1640 2496; x_wconf 89' lang='lat' dir='ltr'><strong>Orfium,</strong></span> 
     </span>
     <span class='ocr_line' id='line_1_21' title="bbox 279 2507 1641 2600; baseline 0.002 -24"><span class='ocrx_word' id='word_1_196' title='bbox 279 2535 308 2578; x_wconf 84' lang='grc' dir='ltr'>ιο</span> <span class='ocrx_word' id='word_1_197' title='bbox 317 2533 412 2598; x_wconf 88' lang='lat' dir='ltr'><strong>quem</strong></span> <span class='ocrx_word' id='word_1_198' title='bbox 437 2511 513 2576; x_wconf 93' lang='lat' dir='ltr'><strong>mihi</strong></span> <span class='ocrx_word' id='word_1_199' title='bbox 535 2509 750 2585; x_wconf 88' lang='lat' dir='ltr'><strong>commendas,</strong></span> <span class='ocrx_word' id='word_1_200' title='bbox 782 2510 832 2575; x_wconf 86' lang='lat' dir='ltr'><strong>vel</strong></span> <span class='ocrx_word' id='word_1_201' title='bbox 854 2529 963 2594; x_wconf 80' lang='lat' dir='ltr'><strong>regem</strong></span> <span class='ocrx_word' id='word_1_202' title='bbox 987 2509 1104 2573; x_wconf 85' lang='lat' dir='ltr'><strong>Galliae</strong></span> <span class='ocrx_word' id='word_1_203' title='bbox 1136 2507 1267 2584; x_wconf 81' lang='lat' dir='ltr'><strong>faciam,</strong></span> <span class='ocrx_word' id='word_1_204' title='bbox 1304 2511 1354 2576; x_wconf 87' lang='lat' dir='ltr'><strong>vel</strong></span> <span class='ocrx_word' id='word_1_205' title='bbox 1383 2510 1465 2577; x_wconf 90' lang='lat' dir='ltr'><strong>bunc</strong></span> <span class='ocrx_word' id='word_1_206' title='bbox 1486 2513 1641 2600; x_wconf 84' lang='lat' dir='ltr'><strong>†Leptae</strong></span> 
     </span>
     <span class='ocr_line' id='line_1_22' title="bbox 194 2599 1642 2690; baseline -0.003 -20"><span class='ocrx_word' id='word_1_207' title='bbox 194 2618 198 2641; x_wconf 84' lang='lat'><em>¹</em></span> <span class='ocrx_word' id='word_1_208' title='bbox 317 2605 446 2690; x_wconf 82' lang='lat' dir='ltr'><strong>delega,</strong></span> <span class='ocrx_word' id='word_1_209' title='bbox 483 2604 510 2669; x_wconf 94' lang='lat' dir='ltr'><strong>si</strong></span> <span class='ocrx_word' id='word_1_210' title='bbox 529 2603 586 2669; x_wconf 86' lang='lat' dir='ltr'><strong>vis.</strong></span> <span class='ocrx_word' id='word_1_211' title='bbox 630 2609 676 2669; x_wconf 90' lang='lat' dir='ltr'><strong>Tu</strong></span> <span class='ocrx_word' id='word_1_212' title='bbox 696 2602 801 2668; x_wconf 90' lang='lat' dir='ltr'><strong>adme</strong></span> <span class='ocrx_word' id='word_1_213' title='bbox 820 2603 916 2668; x_wconf 92' lang='lat' dir='ltr'><strong>alium</strong></span> <span class='ocrx_word' id='word_1_214' title='bbox 941 2601 1042 2678; x_wconf 89' lang='lat' dir='ltr'><strong>mitte,</strong></span> <span class='ocrx_word' id='word_1_215' title='bbox 1066 2623 1158 2689; x_wconf 90' lang='lat' dir='ltr'><strong>quem</strong></span> <span class='ocrx_word' id='word_1_216' title='bbox 1184 2609 1323 2668; x_wconf 86' lang='lat' dir='ltr'><strong>ornem.”</strong></span> <span class='ocrx_word' id='word_1_217' title='bbox 1347 2599 1554 2689; x_wconf 72' lang='lat' dir='ltr'><strong>(Sustulimus</strong></span> <span class='ocrx_word' id='word_1_218' title='bbox 1574 2629 1642 2673; x_wconf 66' lang='lat' dir='ltr'><strong>maq</strong></span> 
     </span>
     <span class='ocr_line' id='line_1_23' title="bbox 176 2683 1642 2786; baseline 0.002 -23"><span class='ocrx_word' id='word_1_219' title='bbox 176 2693 204 2710; x_wconf 69' lang='grc'><strong>’”</strong></span> <span class='ocrx_word' id='word_1_220' title='bbox 317 2720 376 2764; x_wconf 91' lang='lat' dir='ltr'><strong>uus</strong></span> <span class='ocrx_word' id='word_1_221' title='bbox 398 2705 429 2762; x_wconf 90' lang='lat' dir='ltr'><strong>et</strong></span> <span class='ocrx_word' id='word_1_222' title='bbox 450 2717 509 2782; x_wconf 78' lang='lat' dir='ltr'><strong>ego</strong></span> <span class='ocrx_word' id='word_1_223' title='bbox 532 2705 563 2761; x_wconf 86' lang='lat' dir='ltr'><strong>et</strong></span> <span class='ocrx_word' id='word_1_224' title='bbox 583 2683 722 2775; x_wconf 73' lang='lat' dir='ltr'><strong>balbus)</strong></span> <span class='ocrx_word' id='word_1_225' title='bbox 750 2703 833 2760; x_wconf 86' lang='lat' dir='ltr'><strong>tanta</strong></span> <span class='ocrx_word' id='word_1_226' title='bbox 855 2695 915 2761; x_wconf 89' lang='lat' dir='ltr'><strong>luit</strong></span> <span class='ocrx_word' id='word_1_227' title='bbox 935 2695 1166 2782; x_wconf 87' lang='lat' dir='ltr'><strong>opportunitas,</strong></span> <span class='ocrx_word' id='word_1_228' title='bbox 1190 2705 1226 2760; x_wconf 95' lang='lat' dir='ltr'><strong>ut</strong></span> <span class='ocrx_word' id='word_1_229' title='bbox 1246 2697 1324 2762; x_wconf 92' lang='lat' dir='ltr'><strong>illud</strong></span> <span class='ocrx_word' id='word_1_230' title='bbox 1343 2699 1448 2764; x_wconf 90' lang='lat' dir='ltr'><strong>nescio</strong></span> <span class='ocrx_word' id='word_1_231' title='bbox 1470 2700 1556 2786; x_wconf 90' lang='lat' dir='ltr'><strong>quod</strong></span> <span class='ocrx_word' id='word_1_232' title='bbox 1576 2721 1642 2766; x_wconf 93' lang='lat' dir='ltr'><strong>non</strong></span> 
     </span>
     <span class='ocr_line' id='line_1_24' title="bbox 318 2787 1642 2880; baseline 0.002 -23"><span class='ocrx_word' id='word_1_233' title='bbox 318 2790 497 2866; x_wconf 82' lang='lat' dir='ltr'><strong>fortuitum,</strong></span> <span class='ocrx_word' id='word_1_234' title='bbox 530 2790 585 2856; x_wconf 91' lang='lat' dir='ltr'><strong>sed</strong></span> <span class='ocrx_word' id='word_1_235' title='bbox 614 2789 755 2854; x_wconf 90' lang='lat' dir='ltr'><strong>divinum</strong></span> <span class='ocrx_word' id='word_1_236' title='bbox 783 2787 953 2855; x_wconf 86' lang='lat' dir='ltr'><strong>videretur.</strong></span> <span class='ocrx_word' id='word_1_237' title='bbox 1003 2790 1092 2855; x_wconf 87' lang='lat' dir='ltr'><strong>Mitto</strong></span> <span class='ocrx_word' id='word_1_238' title='bbox 1116 2789 1213 2875; x_wconf 79' lang='lat' dir='ltr'><strong>igitur</strong></span> <span class='ocrx_word' id='word_1_239' title='bbox 1234 2790 1273 2855; x_wconf 93' lang='lat' dir='ltr'><strong>ad</strong></span> <span class='ocrx_word' id='word_1_240' title='bbox 1292 2800 1323 2856; x_wconf 93' lang='lat' dir='ltr'><strong>te</strong></span> <span class='ocrx_word' id='word_1_241' title='bbox 1345 2790 1525 2858; x_wconf 89' lang='lat' dir='ltr'><strong>Trebatium</strong></span> <span class='ocrx_word' id='word_1_242' title='bbox 1547 2803 1642 2880; x_wconf 88' lang='lat' dir='ltr'><strong>atque</strong></span> 
     </span>
     <span class='ocr_line' id='line_1_25' title="bbox 317 2883 1642 2969; baseline 0.002 -18"><span class='ocrx_word' id='word_1_243' title='bbox 317 2887 359 2952; x_wconf 90' lang='lat' dir='ltr'><strong>ita</strong></span> <span class='ocrx_word' id='word_1_244' title='bbox 381 2885 485 2960; x_wconf 87' lang='lat' dir='ltr'><strong>mitto,</strong></span> <span class='ocrx_word' id='word_1_245' title='bbox 519 2893 554 2948; x_wconf 87' lang='lat' dir='ltr'><strong>ut</strong></span> <span class='ocrx_word' id='word_1_246' title='bbox 574 2883 664 2949; x_wconf 91' lang='lat' dir='ltr'><strong>initio</strong></span> <span class='ocrx_word' id='word_1_247' title='bbox 689 2905 759 2948; x_wconf 91' lang='lat' dir='ltr'><strong>mea</strong></span> <span class='ocrx_word' id='word_1_248' title='bbox 779 2891 906 2969; x_wconf 91' lang='lat' dir='ltr'><strong>sponte,</strong></span> <span class='ocrx_word' id='word_1_249' title='bbox 927 2891 1000 2969; x_wconf 89' lang='lat' dir='ltr'><strong>post</strong></span> <span class='ocrx_word' id='word_1_250' title='bbox 1020 2892 1124 2948; x_wconf 90' lang='lat' dir='ltr'><strong>autem</strong></span> <span class='ocrx_word' id='word_1_251' title='bbox 1145 2883 1277 2950; x_wconf 87' lang='lat' dir='ltr'><strong>invitatu</strong></span> <span class='ocrx_word' id='word_1_252' title='bbox 1299 2892 1354 2951; x_wconf 91' lang='lat' dir='ltr'><strong>tuo</strong></span> <span class='ocrx_word' id='word_1_253' title='bbox 1376 2887 1561 2953; x_wconf 88' lang='lat' dir='ltr'><strong>mittendum</strong></span> <span class='ocrx_word' id='word_1_254' title='bbox 1584 2889 1642 2954; x_wconf 91' lang='lat' dir='ltr'><strong>du-</strong></span> 
     </span>
     <span class='ocr_line' id='line_1_26' title="bbox 280 2976 1641 3066; baseline 0.002 -23"><span class='ocrx_word' id='word_1_255' title='bbox 280 2979 431 3048; x_wconf 85' lang='lat' dir='ltr'><strong>eexerim.</strong></span> <span class='ocrx_word' id='word_1_256' title='bbox 474 2984 504 3043; x_wconf 87' lang='grc'><strong>3.</strong></span> <span class='ocrx_word' id='word_1_257' title='bbox 526 2981 634 3052; x_wconf 89' lang='lat' dir='ltr'><strong>Hunc,</strong></span> <span class='ocrx_word' id='word_1_258' title='bbox 667 2977 711 3041; x_wconf 92' lang='lat' dir='ltr'><strong>mi</strong></span> <span class='ocrx_word' id='word_1_259' title='bbox 734 2981 863 3050; x_wconf 87' lang='lat' dir='ltr'><strong>Caesar,</strong></span> <span class='ocrx_word' id='word_1_260' title='bbox 885 2976 931 3041; x_wconf 91' lang='lat' dir='ltr'><strong>sic</strong></span> <span class='ocrx_word' id='word_1_261' title='bbox 951 2976 1045 3044; x_wconf 80' lang='lat' dir='ltr'><strong>velim</strong></span> <span class='ocrx_word' id='word_1_262' title='bbox 1067 2977 1153 3042; x_wconf 91' lang='lat' dir='ltr'><strong>omni</strong></span> <span class='ocrx_word' id='word_1_263' title='bbox 1174 2987 1227 3043; x_wconf 94' lang='lat' dir='ltr'><strong>tua</strong></span> <span class='ocrx_word' id='word_1_264' title='bbox 1249 2979 1394 3044; x_wconf 89' lang='lat' dir='ltr'><strong>comitate</strong></span> <span class='ocrx_word' id='word_1_265' title='bbox 1416 2981 1641 3066; x_wconf 84' lang='lat' dir='ltr'><strong>complectare,</strong></span> 
     </span>
     <span class='ocr_line' id='line_1_27' title="bbox 317 3070 1642 3159; baseline 0.001 -20"><span class='ocrx_word' id='word_1_266' title='bbox 317 3081 353 3139; x_wconf 92' lang='grc' dir='ltr'><strong>ιιι</strong></span> <span class='ocrx_word' id='word_1_267' title='bbox 373 3071 494 3145; x_wconf 89' lang='lat' dir='ltr'><strong>omnia,</strong></span> <span class='ocrx_word' id='word_1_268' title='bbox 518 3093 598 3159; x_wconf 89' lang='lat' dir='ltr'><strong>quae</strong></span> <span class='ocrx_word' id='word_1_269' title='bbox 619 3090 678 3157; x_wconf 91' lang='lat' dir='ltr'><strong>per</strong></span> <span class='ocrx_word' id='word_1_270' title='bbox 700 3093 749 3136; x_wconf 92' lang='lat' dir='ltr'><strong>me</strong></span> <span class='ocrx_word' id='word_1_271' title='bbox 765 3071 867 3156; x_wconf 89' lang='lat' dir='ltr'><strong>possis</strong></span> <span class='ocrx_word' id='word_1_272' title='bbox 888 3070 1010 3145; x_wconf 90' lang='lat' dir='ltr'><strong>adduci,</strong></span> <span class='ocrx_word' id='word_1_273' title='bbox 1025 3078 1060 3135; x_wconf 92' lang='grc' dir='ltr'><strong>ιιι</strong></span> <span class='ocrx_word' id='word_1_274' title='bbox 1075 3070 1108 3135; x_wconf 88' lang='lat' dir='ltr'><strong>iu</strong></span> <span class='ocrx_word' id='word_1_275' title='bbox 1122 3091 1210 3136; x_wconf 87' lang='lat' dir='ltr'><strong>meos</strong></span> <span class='ocrx_word' id='word_1_276' title='bbox 1224 3072 1369 3137; x_wconf 84' lang='lat' dir='ltr'><strong>conferre</strong></span> <span class='ocrx_word' id='word_1_277' title='bbox 1384 3073 1477 3150; x_wconf 79' lang='lat' dir='ltr'><strong>velis,</strong></span> <span class='ocrx_word' id='word_1_278' title='bbox 1500 3075 1642 3140; x_wconf 91' lang='lat' dir='ltr'><strong>inunum</strong></span> 
     </span>
     <span class='ocr_line' id='line_1_28' title="bbox 317 3161 1641 3251; baseline 0.003 -19"><span class='ocrx_word' id='word_1_279' title='bbox 317 3165 400 3232; x_wconf 90' lang='lat' dir='ltr'><strong>bunc</strong></span> <span class='ocrx_word' id='word_1_280' title='bbox 421 3165 574 3231; x_wconf 82' lang='lat' dir='ltr'><strong>conseras.</strong></span> <span class='ocrx_word' id='word_1_281' title='bbox 617 3169 663 3229; x_wconf 92' lang='lat' dir='ltr'><strong>De</strong></span> <span class='ocrx_word' id='word_1_282' title='bbox 686 3184 749 3251; x_wconf 87' lang='lat' dir='ltr'><strong>quo</strong></span> <span class='ocrx_word' id='word_1_283' title='bbox 771 3161 828 3227; x_wconf 91' lang='lat' dir='ltr'><strong>tibi</strong></span> <span class='ocrx_word' id='word_1_284' title='bbox 849 3163 976 3229; x_wconf 90' lang='lat' dir='ltr'><strong>homine</strong></span> <span class='ocrx_word' id='word_1_285' title='bbox 998 3162 1074 3228; x_wconf 89' lang='lat' dir='ltr'><strong>haec</strong></span> <span class='ocrx_word' id='word_1_286' title='bbox 1096 3164 1253 3251; x_wconf 91' lang='lat' dir='ltr'><strong>spondeo,</strong></span> <span class='ocrx_word' id='word_1_287' title='bbox 1276 3165 1405 3231; x_wconf 92' lang='lat' dir='ltr'><strong>nonillo</strong></span> <span class='ocrx_word' id='word_1_288' title='bbox 1419 3176 1526 3232; x_wconf 90' lang='lat' dir='ltr'><strong>vetere</strong></span> <span class='ocrx_word' id='word_1_289' title='bbox 1540 3168 1641 3236; x_wconf 78' lang='lat' dir='ltr'><strong>verbo</strong></span> 
     </span>
     <span class='ocr_line' id='line_1_29' title="bbox 317 3254 1642 3347; baseline 0.003 -22"><span class='ocrx_word' id='word_1_290' title='bbox 317 3281 405 3335; x_wconf 91' lang='lat' dir='ltr'><strong>meo,</strong></span> <span class='ocrx_word' id='word_1_291' title='bbox 421 3258 523 3347; x_wconf 88' lang='lat' dir='ltr'><strong>quod,</strong></span> <span class='ocrx_word' id='word_1_292' title='bbox 544 3280 615 3324; x_wconf 90' lang='lat' dir='ltr'><strong>cum</strong></span> <span class='ocrx_word' id='word_1_293' title='bbox 632 3257 672 3322; x_wconf 91' lang='lat' dir='ltr'><strong>ad</strong></span> <span class='ocrx_word' id='word_1_294' title='bbox 693 3264 724 3321; x_wconf 91' lang='lat' dir='ltr'><strong>te</strong></span> <span class='ocrx_word' id='word_1_295' title='bbox 746 3256 785 3322; x_wconf 90' lang='lat' dir='ltr'><strong>de</strong></span> <span class='ocrx_word' id='word_1_296' title='bbox 807 3254 922 3322; x_wconf 86' lang='lat' dir='ltr'><strong>Milone</strong></span> <span class='ocrx_word' id='word_1_297' title='bbox 944 3257 1154 3343; x_wconf 88' lang='lat' dir='ltr'><strong>scripsissem,</strong></span> <span class='ocrx_word' id='word_1_298' title='bbox 1177 3258 1247 3323; x_wconf 90' lang='lat' dir='ltr'><strong>iure</strong></span> <span class='ocrx_word' id='word_1_299' title='bbox 1260 3258 1377 3333; x_wconf 90' lang='lat' dir='ltr'><strong>lusisti,</strong></span> <span class='ocrx_word' id='word_1_300' title='bbox 1400 3259 1455 3324; x_wconf 90' lang='lat' dir='ltr'><strong>sed</strong></span> <span class='ocrx_word' id='word_1_301' title='bbox 1475 3281 1565 3326; x_wconf 90' lang='lat' dir='ltr'><strong>more</strong></span> <span class='ocrx_word' id='word_1_302' title='bbox 1579 3268 1642 3329; x_wconf 82' lang='lat' dir='ltr'><strong>llo-</strong></span> 
     </span>
     <span class='ocr_line' id='line_1_30' title="bbox 318 3350 1641 3440; baseline 0.002 -22"><span class='ocrx_word' id='word_1_303' title='bbox 318 3375 429 3428; x_wconf 93' lang='lat' dir='ltr'><strong>mano,</strong></span> <span class='ocrx_word' id='word_1_304' title='bbox 463 3374 527 3440; x_wconf 93' lang='lat' dir='ltr'><strong>quo</strong></span> <span class='ocrx_word' id='word_1_305' title='bbox 554 3353 649 3418; x_wconf 91' lang='lat' dir='ltr'><strong>modo</strong></span> <span class='ocrx_word' id='word_1_306' title='bbox 671 3350 813 3416; x_wconf 89' lang='lat' dir='ltr'><strong>homines</strong></span> <span class='ocrx_word' id='word_1_307' title='bbox 841 3369 905 3413; x_wconf 90' lang='lat' dir='ltr'><strong>non</strong></span> <span class='ocrx_word' id='word_1_308' title='bbox 925 3350 1024 3436; x_wconf 91' lang='lat' dir='ltr'><strong>inepti</strong></span> <span class='ocrx_word' id='word_1_309' title='bbox 1044 3351 1235 3436; x_wconf 88' lang='lat' dir='ltr'><strong>loquuntur:</strong></span> <span class='ocrx_word' id='word_1_310' title='bbox 1262 3352 1444 3437; x_wconf 84' lang='lat' dir='ltr'><strong>probiorem</strong></span> <span class='ocrx_word' id='word_1_311' title='bbox 1467 3353 1641 3431; x_wconf 89' lang='lat' dir='ltr'><strong>hominem,</strong></span> 
     </span>
     <span class='ocr_line' id='line_1_31' title="bbox 133 3439 1642 3536; baseline 0.001 -22"><span class='ocrx_word' id='word_1_312' title='bbox 133 3495 146 3518; x_wconf 73' lang='lat'><strong>,</strong></span> <span class='ocrx_word' id='word_1_313' title='bbox 174 3439 215 3498; x_wconf 56' lang='grc' dir='ltr'><strong>ἕ»</strong></span> <span class='ocrx_word' id='word_1_314' title='bbox 281 3447 482 3514; x_wconf 81' lang='lat' dir='ltr'><strong>remeliorem</strong></span> <span class='ocrx_word' id='word_1_315' title='bbox 504 3446 628 3520; x_wconf 85' lang='lat' dir='ltr'><strong>virum,</strong></span> <span class='ocrx_word' id='word_1_316' title='bbox 682 3443 879 3509; x_wconf 92' lang='lat' dir='ltr'><strong>udentiorem</strong></span> <span class='ocrx_word' id='word_1_317' title='bbox 901 3463 969 3507; x_wconf 89' lang='lat' dir='ltr'><strong>esse</strong></span> <span class='ocrx_word' id='word_1_318' title='bbox 991 3443 1157 3508; x_wconf 90' lang='lat' dir='ltr'><strong>neminem.</strong></span> <span class='ocrx_word' id='word_1_319' title='bbox 1197 3445 1340 3528; x_wconf 77' lang='lat' dir='ltr'><strong>(Accedit</strong></span> <span class='ocrx_word' id='word_1_320' title='bbox 1357 3447 1467 3532; x_wconf 75' lang='lat' dir='ltr'><strong>}etiam</strong></span> <span class='ocrx_word' id='word_1_321' title='bbox 1490 3485 1532 3496; x_wconf 96' lang='lat'>—</span> <span class='ocrx_word' id='word_1_322' title='bbox 1555 3449 1642 3536; x_wconf 87' lang='lat' dir='ltr'><strong>quod</strong></span> 
     </span>
     <span class='ocr_line' id='line_1_32' title="bbox 317 3466 1642 3636; baseline 0.004 -33"><span class='ocrx_word' id='word_1_323' title='bbox 317 3537 467 3604; x_wconf 82' lang='lat' dir='ltr'><strong>familiam</strong></span> <span class='ocrx_word' id='word_1_324' title='bbox 489 3539 574 3606; x_wconf 92' lang='lat' dir='ltr'><strong>ducit</strong></span> <span class='ocrx_word' id='word_1_325' title='bbox 604 3466 701 3636; x_wconf 49' lang='lat' dir='ltr'><strong>-gin</strong></span> <span class='ocrx_word' id='word_1_326' title='bbox 720 3538 791 3602; x_wconf 91' lang='lat' dir='ltr'><strong>iure</strong></span> <span class='ocrx_word' id='word_1_327' title='bbox 806 3534 891 3601; x_wconf 85' lang='lat' dir='ltr'><strong>civili</strong></span> <span class='ocrx_word' id='word_1_328' title='bbox 907 3535 1071 3620; x_wconf 79' lang='lat' dir='ltr'><strong>singularis</strong></span> <span class='ocrx_word' id='word_1_329' title='bbox 1087 3539 1249 3613; x_wconf 91' lang='lat' dir='ltr'><strong>memoria,</strong></span> <span class='ocrx_word' id='word_1_330' title='bbox 1271 3559 1390 3604; x_wconf 91' lang='lat' dir='ltr'><strong>summa</strong></span> <span class='ocrx_word' id='word_1_331' title='bbox 1402 3529 1551 3616; x_wconf 84' lang='lat' dir='ltr'><strong>scientia.)</strong></span> <span class='ocrx_word' id='word_1_332' title='bbox 1560 3543 1642 3608; x_wconf 88' lang='lat' dir='ltr'><strong>Huic</strong></span> 
     </span>
     <span class='ocr_line' id='line_1_33' title="bbox 318 3627 1641 3720; baseline 0.005 -24"><span class='ocrx_word' id='word_1_333' title='bbox 318 3647 501 3720; x_wconf 80' lang='lat' dir='ltr'><strong>egenaque</strong></span> <span class='ocrx_word' id='word_1_334' title='bbox 522 3631 715 3697; x_wconf 90' lang='lat' dir='ltr'><strong>tribunatum</strong></span> <span class='ocrx_word' id='word_1_335' title='bbox 737 3651 838 3717; x_wconf 87' lang='lat' dir='ltr'><strong>neque</strong></span> <span class='ocrx_word' id='word_1_336' title='bbox 859 3627 1089 3713; x_wconf 83' lang='lat' dir='ltr'><strong>praefecturam</strong></span> <span class='ocrx_word' id='word_1_337' title='bbox 1110 3653 1213 3718; x_wconf 87' lang='lat' dir='ltr'><strong>neque</strong></span> <span class='ocrx_word' id='word_1_338' title='bbox 1235 3633 1329 3699; x_wconf 92' lang='lat' dir='ltr'><strong>ullius</strong></span> <span class='ocrx_word' id='word_1_339' title='bbox 1353 3634 1497 3700; x_wconf 84' lang='lat' dir='ltr'><strong>beneficii</strong></span> <span class='ocrx_word' id='word_1_340' title='bbox 1518 3645 1641 3702; x_wconf 84' lang='lat' dir='ltr'><strong>eertum</strong></span> 
     </span>
     <span class='ocr_line' id='line_1_34' title="bbox 318 3721 1640 3815; baseline 0.004 -24"><span class='ocrx_word' id='word_1_341' title='bbox 318 3747 433 3791; x_wconf 92' lang='lat' dir='ltr'><strong>nomen</strong></span> <span class='ocrx_word' id='word_1_342' title='bbox 454 3735 544 3813; x_wconf 90' lang='lat' dir='ltr'><strong>peto;</strong></span> <span class='ocrx_word' id='word_1_343' title='bbox 579 3725 828 3792; x_wconf 82' lang='lat' dir='ltr'><strong>benevolentiam</strong></span> <span class='ocrx_word' id='word_1_344' title='bbox 849 3731 933 3786; x_wconf 89' lang='lat' dir='ltr'><strong>tuam</strong></span> <span class='ocrx_word' id='word_1_345' title='bbox 954 3730 984 3786; x_wconf 89' lang='lat' dir='ltr'><strong>ct</strong></span> <span class='ocrx_word' id='word_1_346' title='bbox 1005 3721 1224 3790; x_wconf 89' lang='lat' dir='ltr'><strong>liberalitatem</strong></span> <span class='ocrx_word' id='word_1_347' title='bbox 1247 3736 1341 3813; x_wconf 91' lang='lat' dir='ltr'><strong>peto,</strong></span> <span class='ocrx_word' id='word_1_348' title='bbox 1364 3749 1466 3814; x_wconf 87' lang='lat' dir='ltr'><strong>neque</strong></span> <span class='ocrx_word' id='word_1_349' title='bbox 1487 3729 1640 3815; x_wconf 90' lang='lat' dir='ltr'><strong>impedio,</strong></span> 
     </span>
     <span class='ocr_line' id='line_1_35' title="bbox 319 3814 1641 3907; baseline 0.002 -22"><span class='ocrx_word' id='word_1_350' title='bbox 319 3820 528 3907; x_wconf 91' lang='lat' dir='ltr'><strong>quominus,</strong></span> <span class='ocrx_word' id='word_1_351' title='bbox 561 3820 587 3885; x_wconf 90' lang='lat' dir='ltr'><strong>si</strong></span> <span class='ocrx_word' id='word_1_352' title='bbox 607 3819 665 3884; x_wconf 93' lang='lat' dir='ltr'><strong>tibi</strong></span> <span class='ocrx_word' id='word_1_353' title='bbox 686 3819 730 3884; x_wconf 87' lang='lat' dir='ltr'><strong>ita</strong></span> <span class='ocrx_word' id='word_1_354' title='bbox 750 3815 917 3905; x_wconf 90' lang='lat' dir='ltr'><strong>placuerit,</strong></span> <span class='ocrx_word' id='word_1_355' title='bbox 951 3814 1045 3880; x_wconf 91' lang='lat' dir='ltr'><strong>etiam</strong></span> <span class='ocrx_word' id='word_1_356' title='bbox 1067 3815 1152 3882; x_wconf 88' lang='lat' dir='ltr'><strong>hisce</strong></span> <span class='ocrx_word' id='word_1_357' title='bbox 1183 3840 1256 3885; x_wconf 90' lang='lat' dir='ltr'><strong>eum</strong></span> <span class='ocrx_word' id='word_1_358' title='bbox 1278 3841 1372 3886; x_wconf 89' lang='lat' dir='ltr'><strong>ornes</strong></span> <span class='ocrx_word' id='word_1_359' title='bbox 1393 3821 1544 3907; x_wconf 83' lang='lat' dir='ltr'><strong>gloriolae</strong></span> <span class='ocrx_word' id='word_1_360' title='bbox 1566 3822 1641 3888; x_wconf 92' lang='lat' dir='ltr'><strong>insi-</strong></span> 
     </span>
     <span class='ocr_line' id='line_1_36' title="bbox 282 3908 1642 3998; baseline 0.004 -21"><span class='ocrx_word' id='word_1_361' title='bbox 282 3912 447 3998; x_wconf 80' lang='lat' dir='ltr'><strong>aagnibus:</strong></span> <span class='ocrx_word' id='word_1_362' title='bbox 486 3922 585 3978; x_wconf 91' lang='lat' dir='ltr'><strong>totum</strong></span> <span class='ocrx_word' id='word_1_363' title='bbox 608 3912 743 3998; x_wconf 90' lang='lat' dir='ltr'><strong>denique</strong></span> <span class='ocrx_word' id='word_1_364' title='bbox 762 3909 922 3975; x_wconf 90' lang='lat' dir='ltr'><strong>hominem</strong></span> <span class='ocrx_word' id='word_1_365' title='bbox 947 3908 1004 3974; x_wconf 94' lang='lat' dir='ltr'><strong>tibi</strong></span> <span class='ocrx_word' id='word_1_366' title='bbox 1024 3909 1067 3974; x_wconf 90' lang='lat' dir='ltr'><strong>ita</strong></span> <span class='ocrx_word' id='word_1_367' title='bbox 1090 3912 1180 3978; x_wconf 92' lang='lat' dir='ltr'><strong>trado</strong></span> <span class='ocrx_word' id='word_1_368' title='bbox 1202 3913 1241 3980; x_wconf 94' lang='lat' dir='ltr'><strong>de</strong></span> <span class='ocrx_word' id='word_1_369' title='bbox 1271 3935 1382 3990; x_wconf 90' lang='lat' dir='ltr'><strong>manu,</strong></span> <span class='ocrx_word' id='word_1_370' title='bbox 1418 3923 1454 3980; x_wconf 92' lang='lat' dir='ltr'><strong>ut</strong></span> <span class='ocrx_word' id='word_1_371' title='bbox 1475 3915 1577 3990; x_wconf 91' lang='lat' dir='ltr'><strong>aiunt,</strong></span> <span class='ocrx_word' id='word_1_372' title='bbox 1609 3916 1642 3982; x_wconf 90' lang='lat' dir='ltr'><strong>iu</strong></span> 
     </span>
     <span class='ocr_line' id='line_1_37' title="bbox 319 4002 1642 4095; baseline 0.003 -25"><span class='ocrx_word' id='word_1_373' title='bbox 319 4027 445 4071; x_wconf 90' lang='lat' dir='ltr'><strong>manum</strong></span> <span class='ocrx_word' id='word_1_374' title='bbox 472 4014 556 4070; x_wconf 89' lang='lat' dir='ltr'><strong>tuam</strong></span> <span class='ocrx_word' id='word_1_375' title='bbox 589 4006 680 4070; x_wconf 88' lang='lat' dir='ltr'><strong>istam</strong></span> <span class='ocrx_word' id='word_1_376' title='bbox 708 4012 740 4070; x_wconf 92' lang='lat' dir='ltr'><strong>et</strong></span> <span class='ocrx_word' id='word_1_377' title='bbox 770 4002 902 4070; x_wconf 84' lang='lat' dir='ltr'><strong>victoria</strong></span> <span class='ocrx_word' id='word_1_378' title='bbox 927 4011 958 4067; x_wconf 92' lang='lat' dir='ltr'><strong>et</strong></span> <span class='ocrx_word' id='word_1_379' title='bbox 983 4002 1045 4068; x_wconf 89' lang='lat' dir='ltr'><strong>lide</strong></span> <span class='ocrx_word' id='word_1_380' title='bbox 1066 4016 1285 4090; x_wconf 88' lang='lat' dir='ltr'><strong>praestantem.</strong></span> <span class='ocrx_word' id='word_1_381' title='bbox 1329 4009 1431 4074; x_wconf 90' lang='lat' dir='ltr'><strong>Simus</strong></span> <span class='ocrx_word' id='word_1_382' title='bbox 1454 4008 1537 4073; x_wconf 91' lang='lat' dir='ltr'><strong>euim</strong></span> <span class='ocrx_word' id='word_1_383' title='bbox 1558 4010 1642 4095; x_wconf 91' lang='lat' dir='ltr'><strong>puti-</strong></span> 
     </span>
     <span class='ocr_line' id='line_1_38' title="bbox 320 4097 1642 4186; baseline 0.002 -21"><span class='ocrx_word' id='word_1_384' title='bbox 320 4097 470 4174; x_wconf 87' lang='lat' dir='ltr'><strong>diusculi,</strong></span> <span class='ocrx_word' id='word_1_385' title='bbox 503 4121 597 4186; x_wconf 87' lang='lat' dir='ltr'><strong>quam</strong></span> <span class='ocrx_word' id='word_1_386' title='bbox 618 4121 677 4186; x_wconf 91' lang='lat' dir='ltr'><strong>per</strong></span> <span class='ocrx_word' id='word_1_387' title='bbox 704 4107 734 4163; x_wconf 91' lang='lat' dir='ltr'><strong>te</strong></span> <span class='ocrx_word' id='word_1_388' title='bbox 756 4098 811 4163; x_wconf 83' lang='lat' dir='ltr'><strong>vix</strong></span> <span class='ocrx_word' id='word_1_389' title='bbox 832 4097 920 4174; x_wconf 91' lang='lat' dir='ltr'><strong>licet;</strong></span> <span class='ocrx_word' id='word_1_390' title='bbox 953 4118 1082 4175; x_wconf 88' lang='lat' dir='ltr'><strong>verum,</strong></span> <span class='ocrx_word' id='word_1_391' title='bbox 1115 4110 1149 4165; x_wconf 93' lang='lat' dir='ltr'><strong>ut</strong></span> <span class='ocrx_word' id='word_1_392' title='bbox 1170 4100 1280 4179; x_wconf 87' lang='lat' dir='ltr'><strong>video,</strong></span> <span class='ocrx_word' id='word_1_393' title='bbox 1313 4101 1428 4168; x_wconf 89' lang='lat' dir='ltr'><strong>licebit.</strong></span> <span class='ocrx_word' id='word_1_394' title='bbox 1485 4107 1583 4179; x_wconf 83' lang='lat' dir='ltr'><strong>Cura,</strong></span> <span class='ocrx_word' id='word_1_395' title='bbox 1606 4111 1642 4169; x_wconf 89' lang='lat' dir='ltr'><strong>ut</strong></span> 
     </span>
     <span class='ocr_line' id='line_1_39' title="bbox 320 4193 867 4270; baseline -0.007 -10"><span class='ocrx_word' id='word_1_396' title='bbox 320 4193 441 4270; x_wconf 85' lang='lat' dir='ltr'><strong>valeas,</strong></span> <span class='ocrx_word' id='word_1_397' title='bbox 464 4201 495 4258; x_wconf 89' lang='lat' dir='ltr'><strong>et</strong></span> <span class='ocrx_word' id='word_1_398' title='bbox 516 4215 583 4267; x_wconf 91' lang='lat' dir='ltr'><strong>me,</strong></span> <span class='ocrx_word' id='word_1_399' title='bbox 605 4202 641 4260; x_wconf 90' lang='lat' dir='ltr'><strong>ut</strong></span> <span class='ocrx_word' id='word_1_400' title='bbox 663 4213 766 4268; x_wconf 90' lang='lat' dir='ltr'><strong>amas,</strong></span> <span class='ocrx_word' id='word_1_401' title='bbox 788 4212 867 4257; x_wconf 90' lang='lat' dir='ltr'><strong>ama.</strong></span> 
     </span>
    </p>
   </div>
   <div class='ocr_carea' id='block_1_6' title="bbox 319 4411 1642 4969">
    <p class='ocr_par' dir='ltr' id='par_1_7' title="bbox 319 4411 1642 4969">
     <span class='ocr_line' id='line_1_40' title="bbox 388 4411 1642 4466; baseline 0 -2"><span class='ocrx_word' id='word_1_402' title='bbox 388 4414 415 4464; x_wconf 72' lang='grc' dir='ltr'><strong>Ε.</strong></span> <span class='ocrx_word' id='word_1_403' title='bbox 434 4427 521 4464; x_wconf 81' lang='lat' dir='ltr'><strong>eumue</strong></span> <span class='ocrx_word' id='word_1_404' title='bbox 538 4413 580 4464; x_wconf 80' lang='lat' dir='ltr'><strong>M:</strong></span> <span class='ocrx_word' id='word_1_405' title='bbox 599 4415 677 4463; x_wconf 79' lang='lat' dir='ltr'><strong>elmere</strong></span> <span class='ocrx_word' id='word_1_406' title='bbox 696 4412 727 4462; x_wconf 98' lang='grc' dir='ltr'><strong>Ε.</strong></span> <span class='ocrx_word' id='word_1_407' title='bbox 756 4435 787 4449; x_wconf 92' lang='lat'><strong>·-</strong></span> <span class='ocrx_word' id='word_1_408' title='bbox 823 4413 850 4462; x_wconf 82' lang='lat' dir='ltr'><strong>&#39;L</strong></span> <span class='ocrx_word' id='word_1_409' title='bbox 869 4425 909 4461; x_wconf 88' lang='lat' dir='ltr'><strong>me</strong></span> <span class='ocrx_word' id='word_1_410' title='bbox 926 4424 978 4460; x_wconf 82' lang='lat' dir='ltr'><strong>erae</strong></span> <span class='ocrx_word' id='word_1_411' title='bbox 995 4411 1107 4461; x_wconf 81' lang='lat' dir='ltr'><strong>alterum</strong></span> <span class='ocrx_word' id='word_1_412' title='bbox 1123 4411 1170 4463; x_wconf 82' lang='lat' dir='ltr'><strong>bl:</strong></span> <span class='ocrx_word' id='word_1_413' title='bbox 1190 4426 1243 4462; x_wconf 81' lang='lat' dir='ltr'><strong>eree</strong></span> <span class='ocrx_word' id='word_1_414' title='bbox 1260 4415 1372 4463; x_wconf 78' lang='lat' dir='ltr'><strong>alterum</strong></span> <span class='ocrx_word' id='word_1_415' title='bbox 1390 4429 1429 4464; x_wconf 91' lang='lat' dir='ltr'><strong>me</strong></span> <span class='ocrx_word' id='word_1_416' title='bbox 1448 4413 1478 4466; x_wconf 88' lang='grc' dir='ltr'><strong>Ε.</strong></span> <span class='ocrx_word' id='word_1_417' title='bbox 1499 4437 1531 4449; x_wconf 91' lang='grc'>-</span> <span class='ocrx_word' id='word_1_418' title='bbox 1549 4414 1576 4464; x_wconf 86' lang='grc'><strong>8.</strong></span> <span class='ocrx_word' id='word_1_419' title='bbox 1608 4417 1642 4464; x_wconf 83' lang='lat' dir='ltr'><strong>tta</strong></span> 
     </span>
     <span class='ocr_line' id='line_1_41' title="bbox 320 4480 1642 4550; baseline 0.001 -17"><span class='ocrx_word' id='word_1_420' title='bbox 320 4484 396 4533; x_wconf 77' lang='lat' dir='ltr'><strong>rebus</strong></span> <span class='ocrx_word' id='word_1_421' title='bbox 420 4484 444 4535; x_wconf 84' lang='lat' dir='ltr'>N</span> <span class='ocrx_word' id='word_1_422' title='bbox 452 4498 459 4533; x_wconf 82' lang='lat' dir='ltr'><strong>a</strong></span> <span class='ocrx_word' id='word_1_423' title='bbox 490 4485 529 4533; x_wconf 75' lang='lat' dir='ltr'><strong>hta</strong></span> <span class='ocrx_word' id='word_1_424' title='bbox 554 4484 630 4534; x_wconf 82' lang='lat' dir='ltr'><strong>retur</strong></span> <span class='ocrx_word' id='word_1_425' title='bbox 658 4483 718 4533; x_wconf 87' lang='grc' dir='ltr'><strong>ΜΕ.</strong></span> <span class='ocrx_word' id='word_1_426' title='bbox 747 4505 777 4517; x_wconf 87' lang='grc'>-</span> <span class='ocrx_word' id='word_1_427' title='bbox 814 4484 843 4531; x_wconf 84' lang='lat' dir='ltr'><strong>ta</strong></span> <span class='ocrx_word' id='word_1_428' title='bbox 861 4483 900 4531; x_wconf 75' lang='lat' dir='ltr'><strong>hta</strong></span> <span class='ocrx_word' id='word_1_429' title='bbox 917 4495 983 4544; x_wconf 79' lang='lat' dir='ltr'><strong>quae</strong></span> <span class='ocrx_word' id='word_1_430' title='bbox 1002 4480 1039 4531; x_wconf 83' lang='lat' dir='ltr'><strong>bl.</strong></span> <span class='ocrx_word' id='word_1_431' title='bbox 1070 4505 1101 4518; x_wconf 89' lang='lat'>-</span> <span class='ocrx_word' id='word_1_432' title='bbox 1140 4483 1181 4532; x_wconf 89' lang='lat'><strong>10.</strong></span> <span class='ocrx_word' id='word_1_433' title='bbox 1209 4483 1384 4549; x_wconf 61' lang='lat' dir='ltr'><strong>beneficiisque</strong></span> <span class='ocrx_word' id='word_1_434' title='bbox 1402 4485 1440 4542; x_wconf 84' lang='lat' dir='ltr'><strong>a,</strong></span> <span class='ocrx_word' id='word_1_435' title='bbox 1471 4491 1496 4534; x_wconf 82' lang='lat' dir='ltr'><strong>et</strong></span> <span class='ocrx_word' id='word_1_436' title='bbox 1515 4485 1642 4550; x_wconf 69' lang='lat' dir='ltr'><strong>beneficiis</strong></span> 
     </span>
     <span class='ocr_line' id='line_1_42' title="bbox 320 4549 1638 4618; baseline 0 -15"><span class='ocrx_word' id='word_1_437' title='bbox 320 4554 476 4604; x_wconf 82' lang='lat' dir='ltr'><strong>Lambinus.</strong></span> <span class='ocrx_word' id='word_1_438' title='bbox 498 4577 528 4589; x_wconf 96' lang='lat'>-</span> <span class='ocrx_word' id='word_1_439' title='bbox 565 4555 608 4605; x_wconf 81' lang='lat'><strong>19.</strong></span> <span class='ocrx_word' id='word_1_440' title='bbox 628 4567 664 4603; x_wconf 87' lang='lat' dir='ltr'><strong>m.</strong></span> <span class='ocrx_word' id='word_1_441' title='bbox 682 4553 796 4618; x_wconf 73' lang='lat' dir='ltr'><strong>ttfiutnm</strong></span> <span class='ocrx_word' id='word_1_442' title='bbox 813 4551 855 4612; x_wconf 84' lang='grc' dir='ltr'><strong>Μ,</strong></span> <span class='ocrx_word' id='word_1_443' title='bbox 874 4551 913 4602; x_wconf 82' lang='lat' dir='ltr'><strong>dl.</strong></span> <span class='ocrx_word' id='word_1_444' title='bbox 933 4551 1042 4600; x_wconf 82' lang='lat' dir='ltr'><strong>Furtum</strong></span> <span class='ocrx_word' id='word_1_445' title='bbox 1069 4549 1233 4613; x_wconf 80' lang='lat' dir='ltr'><strong>Cratander,</strong></span> <span class='ocrx_word' id='word_1_446' title='bbox 1267 4555 1305 4606; x_wconf 79' lang='grc' dir='ltr'><strong>Μ.</strong></span> <span class='ocrx_word' id='word_1_447' title='bbox 1326 4555 1419 4618; x_wconf 72' lang='lat' dir='ltr'><strong>llupcm</strong></span> <span class='ocrx_word' id='word_1_448' title='bbox 1437 4555 1587 4604; x_wconf 83' lang='lat' dir='ltr'><strong>Schtttrtus.</strong></span> <span class='ocrx_word' id='word_1_449' title='bbox 1610 4581 1638 4590; x_wconf 98' lang='lat'><em>-</em></span> 
     </span>
     <span class='ocr_line' id='line_1_43' title="bbox 319 4621 1642 4689; baseline 0.002 -17"><span class='ocrx_word' id='word_1_450' title='bbox 319 4625 364 4674; x_wconf 74' lang='lat'><strong>20.</strong></span> <span class='ocrx_word' id='word_1_451' title='bbox 383 4623 422 4674; x_wconf 85' lang='lat' dir='ltr'><strong>cel</strong></span> <span class='ocrx_word' id='word_1_452' title='bbox 440 4625 537 4686; x_wconf 83' lang='lat' dir='ltr'><strong>Leptae</strong></span> <span class='ocrx_word' id='word_1_453' title='bbox 565 4624 678 4689; x_wconf 70' lang='lat' dir='ltr'><strong>boatum</strong></span> <span class='ocrx_word' id='word_1_454' title='bbox 700 4623 866 4682; x_wconf 80' lang='lat' dir='ltr'><strong>Cratander,</strong></span> <span class='ocrx_word' id='word_1_455' title='bbox 893 4621 933 4671; x_wconf 85' lang='lat' dir='ltr'><strong>vet</strong></span> <span class='ocrx_word' id='word_1_456' title='bbox 950 4621 1056 4684; x_wconf 84' lang='lat' dir='ltr'><strong>Lepttde</strong></span> <span class='ocrx_word' id='word_1_457' title='bbox 1074 4621 1187 4686; x_wconf 71' lang='lat' dir='ltr'><strong>kpntum</strong></span> <span class='ocrx_word' id='word_1_458' title='bbox 1205 4625 1385 4686; x_wconf 78' lang='lat' dir='ltr'><strong>llutgerslue,</strong></span> <span class='ocrx_word' id='word_1_459' title='bbox 1403 4625 1443 4674; x_wconf 84' lang='lat' dir='ltr'><strong>cet</strong></span> <span class='ocrx_word' id='word_1_460' title='bbox 1460 4626 1527 4674; x_wconf 81' lang='lat' dir='ltr'><strong>laune</strong></span> <span class='ocrx_word' id='word_1_461' title='bbox 1544 4626 1642 4687; x_wconf 83' lang='lat' dir='ltr'><strong>Leptae</strong></span> 
     </span>
     <span class='ocr_line' id='line_1_44' title="bbox 319 4689 1640 4758; baseline 0.002 -16"><span class='ocrx_word' id='word_1_462' title='bbox 319 4695 441 4758; x_wconf 62' lang='lat' dir='ltr'><strong>&amp;upote</strong></span> <span class='ocrx_word' id='word_1_463' title='bbox 469 4694 607 4745; x_wconf 85' lang='lat' dir='ltr'><strong>Wleland.</strong></span> <span class='ocrx_word' id='word_1_464' title='bbox 633 4717 667 4727; x_wconf 90' lang='lat'><em>-</em></span> <span class='ocrx_word' id='word_1_465' title='bbox 702 4693 746 4742; x_wconf 73' lang='lat'><strong>21.</strong></span> <span class='ocrx_word' id='word_1_466' title='bbox 778 4692 877 4756; x_wconf 78' lang='lat' dir='ltr'><strong>delepn.</strong></span> <span class='ocrx_word' id='word_1_467' title='bbox 914 4689 943 4741; x_wconf 78' lang='lat' dir='ltr'><strong>st</strong></span> <span class='ocrx_word' id='word_1_468' title='bbox 968 4693 1008 4740; x_wconf 81' lang='lat' dir='ltr'><strong>uta</strong></span> <span class='ocrx_word' id='word_1_469' title='bbox 1033 4699 1079 4748; x_wconf 82' lang='lat' dir='ltr'><strong>ta,</strong></span> <span class='ocrx_word' id='word_1_470' title='bbox 1108 4693 1144 4742; x_wconf 84' lang='lat' dir='ltr'><strong>od</strong></span> <span class='ocrx_word' id='word_1_471' title='bbox 1169 4707 1209 4744; x_wconf 92' lang='lat' dir='ltr'><strong>me</strong></span> <span class='ocrx_word' id='word_1_472' title='bbox 1226 4707 1288 4744; x_wconf 93' lang='lat' dir='ltr'><strong>cum</strong></span> <span class='ocrx_word' id='word_1_473' title='bbox 1317 4695 1421 4758; x_wconf 80' lang='lat' dir='ltr'><strong>Repett.</strong></span> <span class='ocrx_word' id='word_1_474' title='bbox 1442 4693 1535 4746; x_wconf 88' lang='lat' dir='ltr'><strong>Lamb.</strong></span> <span class='ocrx_word' id='word_1_475' title='bbox 1556 4695 1587 4744; x_wconf 91' lang='grc' dir='ltr'><strong>Ε.</strong></span> <span class='ocrx_word' id='word_1_476' title='bbox 1609 4718 1640 4729; x_wconf 98' lang='grc'>-</span> 
     </span>
     <span class='ocr_line' id='line_1_45' title="bbox 319 4761 1640 4828; baseline 0 -14"><span class='ocrx_word' id='word_1_477' title='bbox 319 4763 513 4822; x_wconf 74' lang='lat' dir='ltr'><strong>³1.samtttam</strong></span> <span class='ocrx_word' id='word_1_478' title='bbox 531 4761 823 4817; x_wconf 78' lang='lat' dir='ltr'><strong>ductttatnrectottt,</strong></span> <span class='ocrx_word' id='word_1_479' title='bbox 843 4761 984 4826; x_wconf 74' lang='lat' dir='ltr'><strong>rtnputnrta</strong></span> <span class='ocrx_word' id='word_1_480' title='bbox 1007 4764 1133 4812; x_wconf 76' lang='lat' dir='ltr'><strong>mamerto</strong></span> <span class='ocrx_word' id='word_1_481' title='bbox 1151 4762 1182 4814; x_wconf 90' lang='grc' dir='ltr'><strong>Ε.</strong></span> <span class='ocrx_word' id='word_1_482' title='bbox 1204 4787 1234 4799; x_wconf 92' lang='grc'>-</span> <span class='ocrx_word' id='word_1_483' title='bbox 1272 4765 1316 4815; x_wconf 78' lang='lat' dir='ltr'><strong>aa.</strong></span> <span class='ocrx_word' id='word_1_484' title='bbox 1335 4765 1562 4828; x_wconf 77' lang='lat' dir='ltr'><strong>tmpndmttmcult</strong></span> <span class='ocrx_word' id='word_1_485' title='bbox 1584 4777 1640 4827; x_wconf 74' lang='lat' dir='ltr'><strong>ma.</strong></span> 
     </span>
     <span class='ocr_line' id='line_1_46' title="bbox 321 4831 1642 4897; baseline 0.002 -15"><span class='ocrx_word' id='word_1_486' title='bbox 321 4832 424 4895; x_wconf 83' lang='lat' dir='ltr'><strong>Repett.</strong></span> <span class='ocrx_word' id='word_1_487' title='bbox 445 4833 538 4884; x_wconf 87' lang='lat' dir='ltr'><strong>Lamb.</strong></span> <span class='ocrx_word' id='word_1_488' title='bbox 558 4840 585 4884; x_wconf 87' lang='lat' dir='ltr'><strong>et</strong></span> <span class='ocrx_word' id='word_1_489' title='bbox 602 4831 781 4883; x_wconf 76' lang='lat' dir='ltr'><strong>Torcelllniua</strong></span> <span class='ocrx_word' id='word_1_490' title='bbox 799 4831 827 4880; x_wconf 92' lang='lat' dir='ltr'><strong>ln</strong></span> <span class='ocrx_word' id='word_1_491' title='bbox 852 4831 881 4882; x_wconf 87' lang='lat' dir='ltr'><strong>h.</strong></span> <span class='ocrx_word' id='word_1_492' title='bbox 910 4846 937 4882; x_wconf 86' lang='lat' dir='ltr'><strong>r.</strong></span> <span class='ocrx_word' id='word_1_493' title='bbox 961 4832 1081 4888; x_wconf 76' lang='lat' dir='ltr'><strong>(Factum</strong></span> <span class='ocrx_word' id='word_1_494' title='bbox 1099 4832 1152 4883; x_wconf 88' lang='lat' dir='ltr'><strong>hoc</strong></span> <span class='ocrx_word' id='word_1_495' title='bbox 1179 4845 1210 4884; x_wconf 83' lang='lat' dir='ltr'><strong>ex</strong></span> <span class='ocrx_word' id='word_1_496' title='bbox 1234 4835 1283 4885; x_wconf 85' lang='lat' dir='ltr'><strong>Ed.</strong></span> <span class='ocrx_word' id='word_1_497' title='bbox 1309 4835 1382 4886; x_wconf 84' lang='lat' dir='ltr'><strong>lens.</strong></span> <span class='ocrx_word' id='word_1_498' title='bbox 1408 4841 1433 4884; x_wconf 89' lang='lat' dir='ltr'><strong>et</strong></span> <span class='ocrx_word' id='word_1_499' title='bbox 1458 4834 1526 4886; x_wconf 83' lang='lat' dir='ltr'><strong>blla.</strong></span> <span class='ocrx_word' id='word_1_500' title='bbox 1543 4835 1642 4897; x_wconf 82' lang='lat' dir='ltr'><strong>puden·</strong></span> 
     </span>
     <span class='ocr_line' id='line_1_47' title="bbox 321 4899 1587 4969; baseline 0.005 -17"><span class='ocrx_word' id='word_1_501' title='bbox 321 4899 446 4968; x_wconf 82' lang='lat' dir='ltr'><strong>tturcutt.)</strong></span> <span class='ocrx_word' id='word_1_502' title='bbox 468 4929 497 4940; x_wconf 95' lang='lat'><em>-</em></span> <span class='ocrx_word' id='word_1_503' title='bbox 534 4903 580 4955; x_wconf 77' lang='grc'><strong>37.</strong></span> <span class='ocrx_word' id='word_1_504' title='bbox 599 4916 678 4968; x_wconf 73' lang='lat' dir='ltr'><strong>quom</strong></span> <span class='ocrx_word' id='word_1_505' title='bbox 694 4901 738 4955; x_wconf 78' lang='lat' dir='ltr'><strong>bl:</strong></span> <span class='ocrx_word' id='word_1_506' title='bbox 757 4915 915 4967; x_wconf 72' lang='lat' dir='ltr'><strong>quamquam</strong></span> <span class='ocrx_word' id='word_1_507' title='bbox 932 4901 1082 4954; x_wconf 84' lang='lat' dir='ltr'><strong>Erneetlua.</strong></span> <span class='ocrx_word' id='word_1_508' title='bbox 1119 4901 1174 4955; x_wconf 84' lang='lat' dir='ltr'><strong>Clr.</strong></span> <span class='ocrx_word' id='word_1_509' title='bbox 1195 4903 1326 4956; x_wconf 85' lang='lat' dir='ltr'><strong>Schellert</strong></span> <span class='ocrx_word' id='word_1_510' title='bbox 1344 4904 1457 4958; x_wconf 83' lang='lat' dir='ltr'><strong>Obserr.</strong></span> <span class='ocrx_word' id='word_1_511' title='bbox 1479 4919 1506 4969; x_wconf 83' lang='lat' dir='ltr'><strong>p.</strong></span> <span class='ocrx_word' id='word_1_512' title='bbox 1526 4905 1587 4958; x_wconf 78' lang='grc'><strong>169.</strong></span> 
     </span>
    </p>
   </div>
   <div class='ocr_carea' id='block_1_7' title="bbox 0 0 1833 5860">
    <p class='ocr_par' dir='ltr' id='par_1_8' title="bbox 0 0 1833 5860">
     <span class='ocr_line' id='line_1_48' title="bbox 0 0 1833 5860; baseline 0 0"><span class='ocrx_word' id='word_1_513' title='bbox 0 0 1833 5860; x_wconf 95' lang='lat' dir='ltr'><strong> </strong></span> 
     </span>
    </p>
   </div>
  </div>
 </body>
</html>
