3668 5936
515 431 588 492 LIB.
611 433 647 495 V.
690 431 749 492 ΕΡ.
773 431 825 492 at.
850 461 889 474 —
911 429 986 492 LIB.
1009 432 1062 494 Vl.
1083 431 1142 495 ΕΡ.
1163 433 1191 494 1.
1453 435 1515 497 teti

195 590 292 677 igitur
319 583 537 673 respondebo:
572 585 618 650 sic
639 585 722 650 enirn
745 585 902 673 postulas;
925 607 984 652 nec
1005 596 1195 672 οἰκονομίαν
1217 608 1319 654 meam
1339 590 1516 668 instituam,

195 685 251 750 sed
285 681 428 748 ordinem
466 679 661 746 conservabo
690 688 789 746 tunm.
852 681 1090 746 Recentissimas
1129 702 1147 746 a
1181 681 1331 769 Cybistris
1363 693 1394 750 te
1430 707 1516 753 meas

193 779 312 846 litteras
340 770 458 840 babere
486 773 546 849 ais,
570 795 598 839 a.
621 774 651 840 d.
673 793 707 840 x.
730 775 797 840 llal.
820 774 950 841 Octobr.
972 774 1074 849 datas,
1112 783 1143 840 et
1165 775 1246 840 scire
1269 777 1329 850 vis,
1359 787 1427 844 tuas
1456 799 1516 865 ego

195 893 272 961 quas
302 868 488 955 acceperim.
538 870 654 934 Omnes
681 868 767 942 lere,
804 889 881 954 quas
903 888 1149 943 commemoras,
1185 880 1406 956 praetereas,
1438 894 1517 961 quas

195 965 305 1034 scribis
334 963 455 1031 Lentuli
483 963 592 1048 pueris
622 970 653 1028 et
680 963 868 1050 Equotutico
902 973 932 1028 et
964 963 1133 1030 Brundisio
1163 963 1258 1030 datas.
1317 969 1422 1044 Quare
1454 983 1542 1034 nont

195 1065 318 1140 οἴχεται
339 1066 392 1123 tua
416 1054 585 1130 industria,
615 1056 701 1141 quod
722 1055 859 1128 vereris,
882 1056 938 1122 sed
959 1055 1119 1143 praeclare
1141 1059 1287 1143 ponitur,
1310 1060 1464 1146 siquidem
1486 1060 1520 1126 id

195 1152 303 1240 egisti,
325 1159 362 1216 ut
381 1169 442 1235 ego
464 1147 646 1214 delectarer.
689 1153 764 1214 Nam
780 1149 863 1214 nulla
886 1171 921 1214 re
943 1172 1012 1216 sum
1034 1150 1203 1217 delectatus
1218 1153 1326 1238 magis.
1371 1157 1400 1219 2.
1424 1153 1520 1232 Quod

194 1268 297 1312 meam
318 1245 490 1328 βαθύτητα
511 1243 544 1308 in
565 1242 667 1329 Appio
694 1241 765 1317 tibi,
789 1242 964 1309 libertatem
993 1244 1085 1311 etiam
1109 1248 1140 1311 in
1163 1250 1261 1312 Bruto
1283 1245 1403 1333 probo,
1426 1247 1520 1312 rebe·

195 1350 317 1407 menter
348 1337 487 1425 gaudem
525 1357 562 1402 ac
592 1347 732 1422 putaram
758 1337 863 1421 paullo
886 1358 984 1402 secus.
1026 1337 1145 1425 Appius
1167 1340 1250 1404 enim
1272 1340 1312 1405 nd
1333 1361 1385 1405 me
1407 1362 1447 1406 ex
1469 1341 1520 1406 iti·

194 1457 271 1500 nere
299 1433 347 1498 bis
376 1443 464 1497 terve
496 1435 805 1517 ὑπομεμψιμοίρους
834 1431 951 1496 litteras
979 1433 1123 1506 miserat,
1160 1433 1245 1519 quod
1269 1434 1420 1520 quaedam
1444 1457 1461 1500 a
1484 1449 1556 1500 sest

194 1529 359 1599 constituta
381 1524 603 1591 rescinderem.
648 1528 699 1599 Ut,
731 1525 755 1589 si
779 1524 933 1598 medicus,
970 1545 1041 1590 cum
1063 1536 1211 1610 aegrotus
1233 1527 1288 1592 alii
1311 1529 1433 1595 medico
1456 1539 1519 1594 tra·

198 1623 280 1690 ditus
302 1626 357 1696 sit,
391 1619 484 1684 irasci
513 1620 587 1685 velit
616 1620 645 1684 ei
667 1619 804 1694 medico,
841 1619 895 1704 qui
917 1617 977 1683 sibi
998 1621 1199 1696 successerit,
1222 1622 1269 1696 si,
1292 1643 1373 1708 quae
1394 1623 1462 1710 ipse
1485 1623 1517 1689 in

194 1716 334 1784 curando
363 1714 576 1789 constituerit,
610 1723 708 1780 mutet
729 1714 798 1786 ille,
828 1712 872 1778 sic
893 1714 1028 1799 Appius,
1058 1734 1128 1780 cum
1157 1720 1192 1794 ἐξ
1213 1719 1422 1800 ἀφαιρέσεως
1443 1738 1519 1804 pro-

193 1812 327 1878 vinciam
349 1812 482 1879 curarit,
517 1807 699 1895 sangninem
729 1807 867 1881 miserit,
903 1806 1058 1895 quidquid
1086 1809 1187 1894 potnit
1208 1808 1400 1885 detraxerit,
1440 1809 1518 1876 milri

194 1903 358 1973 tradiderit
389 1911 546 1978 enectam,
583 1915 931 1986 προςανατρεφομένην
959 1923 1028 1966 eam
1058 1923 1147 1966 ame
1175 1923 1239 1968 non
1261 1903 1395 1970 libenter
1415 1904 1555 1979 videtu

195 2000 249 2066 sod
274 1995 368 2063 modo
390 2007 566 2070 succenset,
588 1995 685 2062 modo
707 1996 822 2081 gratias
844 1996 916 2079 agit.
976 1994 1058 2060 Nihil
1080 1996 1163 2060 enim
1190 2017 1282 2062 ame
1303 1998 1337 2062 lit
1358 2019 1431 2064 cum
1451 1999 1517 2065 ulla

194 2094 279 2159 illius
317 2091 514 2156 contumelia.
579 2089 807 2156 Tantummodo
840 2088 1060 2155 dissimilitudo
1095 2111 1182 2156 areae
1215 2091 1345 2158 rationis
1387 2093 1518 2159 offendit

195 2187 363 2254 bominem.
414 2185 499 2263 Quid
532 2185 614 2250 enim
642 2194 745 2272 potest
767 2205 835 2249 esse
857 2195 920 2250 tam
950 2184 1114 2258 dissimile,
1149 2207 1242 2271 quam
1266 2185 1323 2251 illo
1343 2186 1516 2274 imperante

195 2281 377 2346 exhaustam
399 2300 468 2346 esse
490 2279 666 2366 sumptibus
689 2288 719 2343 et
746 2279 874 2344 iacturis
901 2279 1112 2364 provinciam,
1145 2277 1237 2344 nobis
1260 2300 1328 2344 eam
1350 2277 1518 2345 obtinenti-

193 2373 252 2440 bus
279 2393 440 2438 nnmmum
469 2373 591 2438 nullum
625 2393 694 2438 esse
723 2381 886 2456 erogatum
915 2393 973 2437 nec
994 2372 1139 2457 privatim
1166 2393 1225 2438 nec
1245 2370 1392 2459 publicet
1430 2373 1554 2451 Quieta

193 2468 293 2534 dicam
315 2466 355 2532 de
375 2467 460 2532 illins
482 2467 662 2552 praelectis,
686 2465 868 2540 comitibus,
892 2466 1025 2551 legatis?
1048 2467 1140 2533 etiam
1163 2465 1202 2532 de
1224 2467 1364 2554 rapinis?
1387 2467 1426 2534 de
1448 2467 1517 2534 libi·

193 2561 337 2630 dinibusr
360 2561 400 2626 de
421 2561 639 2626 contumeliis?
668 2566 755 2626 Nunc
776 2569 881 2625 autem
903 2560 1014 2626 domus
1037 2561 1216 2627 mehercule
1238 2561 1322 2627 nullu
1344 2571 1429 2646 tanto
1443 2583 1518 2628 con·
1620 2613 1634 2647 a

193 2657 263 2724 silio
285 2665 340 2722 ant
368 2665 451 2720 tanta
480 2654 643 2741 disciplina
671 2653 865 2740 gubernatur
894 2662 947 2719 ant
976 2663 1038 2718 tam
1061 2656 1202 2720 modesta
1225 2663 1274 2720 est
1294 2677 1387 2742 qoam
1409 2665 1516 2722 nostra
1614 2648 1634 2690 ⁶

191 2761 256 2816 tota
277 2745 450 2836 provincia.
504 2752 588 2814 liaeo
610 2748 753 2814 nonnulli
781 2747 873 2812 amici
895 2748 987 2832 Appii
1009 2747 1142 2814 ridicule
1167 2748 1429 2835 interpretantur,
1460 2749 1517 2836 qui

192 2865 243 2910 me
263 2844 382 2909 idcirco
403 2851 512 2928 putent
533 2841 613 2908 bene
635 2841 744 2907 audire
767 2840 863 2916 velle,
886 2848 921 2905 ut
943 2841 995 2906 ille
1017 2842 1099 2907 male
1123 2841 1244 2917 audiat,
1268 2851 1299 2905 et
1313 2853 1398 2909 recte
1413 2843 1554 2908 lacerem

192 2958 255 3004 non
285 2957 373 3002 meae
402 2935 503 3002 landis
532 2936 587 3002 sed
618 2935 702 3001 illius
723 2934 931 3001 contumeliae
953 2955 1054 3000 cansa.
1110 2935 1165 2999 Sin
1198 2934 1334 3020 Appius,
1361 2947 1397 3003 nt
1429 2938 1518 3003 Bruti

191 3031 329 3103 litterae,
354 3051 431 3116 quas
452 3029 492 3096 ad
514 3040 544 3095 te
566 3030 667 3104 misit,
692 3028 920 3114 significabant,
944 3029 1059 3112 gratias
1080 3027 1173 3094 nobis
1197 3029 1275 3113 agit,
1298 3050 1361 3096 non
1385 3031 1517 3096 moleste

192 3126 278 3203 lero;
309 3123 365 3189 sed
394 3132 498 3189 umen
520 3145 559 3190 eo
583 3123 652 3210 ipso
674 3121 743 3196 dic,
773 3143 836 3208 quo
864 3122 942 3189 baec
962 3132 1035 3186 ante
1055 3121 1156 3187 lucem
1180 3121 1373 3198 scribebam,
1401 3124 1519 3208 cogita·

192 3219 264 3286 bam
287 3218 354 3283 eins
375 3217 472 3282 multa
494 3217 601 3304 inique
623 3217 787 3282 constituta
811 3227 842 3280 et
862 3225 930 3280 acta
952 3213 1073 3280 tollere.
1116 3220 1147 3281 3.
1169 3221 1256 3282 Nunc
1277 3218 1371 3282 venio
1386 3216 1425 3282 ad
1439 3222 1518 3282 Bru-

192 3322 274 3390 tum;
310 3332 403 3398 quem
431 3331 492 3397 epo
518 3311 605 3376 omni
636 3309 740 3376 studio
775 3319 804 3374 te
826 3319 956 3375 auctore
979 3328 1047 3374 sum
1071 3309 1271 3396 complexus,
1305 3333 1399 3399 quem
1422 3312 1554 3376 etiamn

192 3426 297 3470 amare
318 3425 501 3492 coeperam3
525 3404 594 3479 sed,
618 3404 708 3479 dico,
729 3404 878 3469 revocari
899 3423 963 3477 me,
987 3423 1027 3466 ne
1047 3411 1078 3468 te
1096 3403 1300 3471 ollenderem.
1343 3406 1412 3471 Noli
1433 3406 1515 3471 enim

191 3509 302 3588 putare
336 3501 580 3588 nequidquam
602 3501 748 3566 maluisse
770 3519 879 3586 qnam,
911 3506 948 3563 nt
969 3496 1131 3562 mandarat
1152 3498 1195 3572 is,
1223 3498 1344 3575 lacere,
1374 3520 1433 3566 nec
1453 3501 1517 3566 ullu

192 3593 232 3660 de
253 3615 289 3659 re
311 3593 381 3681 plus
402 3595 573 3662 laborasse.
616 3593 832 3660 Mandatorum
857 3599 959 3657 autem
990 3591 1067 3656 mibi
1088 3590 1229 3658 libellum
1252 3593 1354 3672 dedit;
1390 3593 1517 3660 iisdem·

192 3709 255 3774 qne
276 3688 315 3754 de
337 3688 433 3755 rebus
455 3700 490 3757 tu
512 3711 635 3755 mecum
658 3708 778 3773 egeras.
837 3685 949 3751 Omnia
971 3706 1040 3750 snm
1063 3684 1299 3771 diligentissime
1320 3696 1514 3775 persecutus.

191 3781 347 3856 Primum,
375 3781 415 3847 ab
438 3782 648 3848 Ariobarzane
673 3782 718 3848 sio
738 3779 899 3856 contendi,
931 3789 966 3845 ut
988 3779 1120 3854 talenta,
1144 3801 1225 3867 quae
1248 3782 1324 3847 mibi
1347 3781 1555 3869 polliceba-ss

192 3884 261 3951 tur,
285 3875 329 3940 illi
352 3876 451 3942 daret.
503 3877 619 3955 Quoad
642 3896 764 3942 mecum
786 3896 845 3940 rex
869 3873 943 3946 luit,
965 3872 1109 3960 perbono
1133 3874 1203 3939 loco
1225 3896 1277 3940 res
1299 3887 1383 3955 erat;
1405 3884 1515 3964 posta

263 4023 289 4072 1.
310 4021 384 4071 later
401 4023 559 4085 respondebo
578 4025 657 4073 etsie
676 4025 797 4074 deiectus
816 4024 922 4083 siguum
945 4021 1035 4082 posuit
1053 4020 1207 4082 Victorius,
1226 4023 1383 4083 respondebo
1401 4018 1516 4090 χρύσεα

191 4090 346 4154 χαλκείων.
365 4093 476 4154 siamg.
499 4093 622 4155 Repetttt.
644 4093 739 4144 Lamb.
772 4119 803 4130 -
838 4091 953 4155 postules
972 4105 1012 4152 pr.
1031 4089 1069 4139 Μ.
1100 4115 1129 4127 ·-
1167 4106 1213 4140 nea
1239 4094 1368 4155 (spatium
1388 4087 1515 4152 vacuum)

191 4163 219 4210 id
237 4170 275 4212 est
293 4163 460 4212 domesticam
479 4164 697 4224 dispunctionem
714 4177 798 4215 meam
818 4163 839 4212 l.
869 4185 897 4196 -
916 4161 942 4210 2·
963 4161 1070 4224 epbttrts
1088 4167 1113 4209 ts
1129 4175 1200 4210 mens
1217 4162 1260 4220 11,
1287 4163 1419 4212 Cibitrists
1446 4173 1517 4210 meos

191 4231 223 4289 l,
244 4233 366 4295 Cibyrate
382 4247 453 4282 meos
471 4233 503 4282 ll·
522 4256 557 4266 --
591 4234 618 4283 ¹1.
638 4231 722 4298 Quod]
742 4248 820 4298 qaam
837 4233 869 4281 11.
892 4257 920 4268 -
941 4231 967 4280 8.
988 4231 1036 4280 tibi
1054 4230 1108 4278 del.
1127 4230 1165 4281 ill.
1188 4255 1218 4266 —
1238 4232 1423 4282 liberalitatem
1438 4230 1514 4281 111111.

191 4304 361 4362 (torrentum
388 4304 416 4352 in
442 4301 620 4366 Victoriana.)
644 4329 677 4338 —
712 4305 823 4368 probari
841 4301 886 4351 111.
904 4323 936 4334 -
972 4299 999 4350 9.
1024 4307 1151 4361 putaram
1168 4301 1260 4362 paullo
1277 4315 1347 4352 secus
1365 4301 1516 4352 Cratander

191 4373 401 4423 etLambinnss
419 4380 546 4435 pataram
564 4385 634 4422 secus
652 4373 749 4425 1111111.
774 4396 803 4409 -
841 4369 1228 4422 mimiaitinersadmsll.
1251 4395 1279 4406 —
1319 4373 1362 4422 11.
1383 4368 1416 4434 ei]
1435 4372 1516 4420 eidem
1598 4415 1599 4418 ,

191 4441 223 4491 11.
242 4467 277 4478 ·-
314 4443 356 4494 13.
375 4449 405 4493 ut
423 4450 447 4493 st
466 4443 509 4502 bl,
528 4445 647 4493 immutet
667 4444 687 4493 1.
707 4450 798 4495 (mutet
817 4455 871 4504 mg.
892 4439 941 4500 lt.)
973 4461 999 4472 ·-
1040 4439 1083 4488 15.
1102 4446 1217 4491 resectam
1235 4442 1515 4512 προσανατροφομέ·

191 4527 245 4576 νην
264 4519 288 4564 et
306 4527 369 4563 ama
388 4526 428 4562 ms
446 4513 473 4562 bl
492 4518 518 4562 et
539 4511 652 4576 (omisso
671 4512 775 4564 Graeco
793 4509 938 4572 vocabulo)
958 4509 988 4570 l,
1020 4515 1133 4558 mertam
1151 4516 1176 4560 et
1192 4525 1516 4581 προσανατρεφομενην

190 4585 358 4633 nutriendam
384 4590 407 4634 et
433 4597 494 4632 ama
513 4597 552 4634 me
577 4584 609 4633 11.
637 4607 667 4620 -
711 4585 778 4633 uidit
796 4583 840 4640 m,
867 4581 922 4630 vidi
941 4579 985 4628 111.
1025 4575 1215 4641 (Emendatum
1236 4583 1263 4632 in
1283 4579 1464 4640 lllarsutiana.)
1484 4603 1514 4616 ·-

191 4651 230 4701 16.
251 4659 377 4704 nncenset
395 4658 420 4703 et
437 4655 515 4702 modo
535 4653 569 4702 111
588 4658 615 4702 et
634 4667 672 4716 pr.
692 4652 728 4703 11.
751 4677 782 4690 -
820 4653 861 4702 19.
883 4649 1055 4700 obtinentibus
1073 4663 1129 4699 eam
1150 4651 1215 4702 1.-
1255 4653 1299 4702 st.
1319 4653 1435 4718 lepotis‘l
1453 4651 1516 4714 qaid

190 4723 270 4772 stiam
289 4724 310 4773 1.
331 4745 358 4759 -·
394 4723 438 4772 23.
460 4723 536 4773 Hanc
556 4722 630 4772 11111.
668 4723 887 4782 (Emendsriter
907 4720 972 4771 Cod.
993 4719 1083 4769 Ursini
1103 4720 1264 4782 Ernestins.)
1284 4749 1314 4758 -
1352 4723 1396 4772 25.
1415 4727 1514 4785 potant

190 4795 304 4843 Ascens.
325 4794 448 4843 tertiset
472 4793 628 4844 Scbnetsios
649 4794 744 4844 inlid.
765 4793 828 4843 mai.
864 4815 890 4824 -
928 4789 973 4840 28.
993 4791 1126 4840 baccam.
1149 4791 1170 4842 1.
1198 4817 1230 4829 -
1266 4793 1309 4842 31.
1329 4792 1408 4842 diro?
1436 4791 1514 4840 Lam·

191 4863 283 4922 binus,
310 4876 365 4914 orn.
398 4863 510 4914 decons.
540 4865 628 4913 tertis.
665 4865 738 4915 Fari.
766 4864 811 4914 sed
828 4863 880 4912 cito
898 4862 1026 4910 reuocant.
1047 4859 1097 4910 On.
1130 4887 1158 4898 -
1196 4863 1264 4910 enim
1283 4867 1308 4911 te
1324 4872 1420 4926 putore
1438 4861 1459 4910 1.
1480 4885 1515 4895 -

190 4934 234 4984 31.
253 4935 456 4994 mandaretis,
474 4936 560 4999 {acne
580 4935 701 4984 Ernestio
720 4939 831 4985 auctore
851 4932 1025 4982 innuantur:
1047 4931 1181 4980 madetis
1197 4933 1307 4995 [ornem
1322 4947 1362 4996 pr.
1377 4933 1420 4990 bl,
1439 4947 1513 4981 man·

190 5003 261 5054 datis
278 5005 455 5064 satisfacerem
473 5005 495 5054 11
513 5010 541 5054 et
558 5019 630 5056 corr.
648 5003 686 5066 Μ,
705 5005 839 5056 mandatis
856 5004 908 5051 tuis
925 5003 1100 5064 satisfacerem
1120 5001 1142 5061 l,
1160 5003 1270 5052 mandat
1291 5005 1322 5062 is,
1341 5005 1426 5069 [carre
1437 5003 1466 5054 ll.
1480 5028 1508 5039 -

190 5074 233 5124 33.
254 5075 382 5140 isdsnspas
396 5075 434 5128 11.
459 5099 493 5113 -
511 5075 556 5127 bb.
576 5072 646 5140 troi]
663 5076 714 5139 suit
732 5077 755 5127 1.
769 5101 803 5112 -
820 5079 911 5138 posteo
928 5072 1034 5136 pompei
1051 5084 1091 5135 pr.
1105 5071 1142 5123 11.
