3658 5930
220 414 283 476 on
720 411 779 474 ΕΡ.
801 410 853 474 ΑΙ)
874 408 1046 474 trucum

220 569 289 636 lieri
322 578 354 635 et
374 574 500 654 oportet
520 573 552 632 et
572 585 654 652 opus
675 574 733 634 est.
779 569 826 632 De
846 563 1063 639 Andromene,
1099 573 1135 632 ut
1154 563 1286 642 scribis,
1321 564 1366 632 ito
1386 575 1540 654 putaram.

220 667 338 732 Scisses
358 663 442 729 enim
464 660 603 746 mihique
623 659 768 728 dixisses.
823 664 854 730 2.
875 666 923 727 Tu
943 669 1048 726 tamen
1067 659 1111 724 ite
1132 660 1209 726 mihi
1231 660 1270 727 de
1292 666 1390 728 Bruto
1411 660 1540 738 scribis,

219 769 254 824 ut
275 759 314 824 de
346 767 377 822 te
399 754 487 822 nihil.
544 753 678 832 Quando
706 765 809 820 autom
836 754 924 820 illum
954 759 1069 840 putes?
1105 758 1181 818 Nem
1205 775 1265 841 ego
1287 760 1417 822 Romam
1438 756 1541 843 pridie

219 851 301 919 ldus.
345 857 390 918 lte
417 849 506 915 volui
533 854 631 915 Bruto
661 848 802 915 scrihere
830 883 872 898 -
901 848 956 913 sed
984 851 1132 933 quoniam
1161 857 1196 915 tu
1222 856 1252 914 te
1273 849 1386 934 legisse
1408 847 1540 926 scribis,

195 946 265 1012 alni
292 946 426 1012 fortasse
453 947 682 1026 ἀσαφέστερος
711 977 752 990 -
779 963 829 1007 me
851 963 897 1007 ex·
921 942 983 1006 tuis
1010 941 1121 1007 litteris
1150 941 1341 1008 intellexisse
1362 944 1446 1009 nolle
1468 965 1542 1008 enm

217 1061 269 1108 me
290 1039 379 1127 quasi
400 1038 611 1125 prosequendi
631 1036 681 1103 sui
702 1057 796 1103 cause
817 1041 947 1102 Romam
969 1055 1053 1101 nunc
1073 1036 1193 1102 venire.
1238 1036 1299 1102 Sed
1314 1038 1461 1123 quonism
1479 1039 1542 1102 iem

217 1135 306 1200 adest
334 1154 423 1199 meus
450 1133 615 1206 adrentus,
648 1131 697 1197 lac
724 1151 858 1217 quaeso,
896 1149 936 1194 ne
965 1129 1040 1216 quid
1068 1151 1140 1194 enm
1161 1128 1234 1196 ldus
1255 1130 1440 1218 impedient,
1476 1152 1542 1217 quo

217 1230 320 1293 minus
341 1247 400 1293 suo
422 1226 590 1292 commodo
612 1225 645 1290 in
666 1225 842 1291 Tusculano
864 1224 914 1299 sit.
956 1228 1019 1288 Nec
1041 1224 1124 1289 enim
1146 1223 1186 1288 ad
1206 1223 1343 1290 tahulem
1366 1246 1438 1290 enm
1459 1225 1543 1292 desi·

217 1321 383 1389 dereturus
404 1341 502 1386 eram.
544 1324 580 1384 ln
602 1319 656 1384 teli
678 1320 761 1385 enim
782 1319 911 1405 negotio
933 1339 991 1384 cur
1011 1329 1045 1384 tu
1066 1337 1148 1384 unus
1169 1337 1233 1383 non
1254 1319 1328 1384 satis
1350 1325 1406 1384 est
1428 1318 1491 1384 Sed
1501 1317 1543 1385 ad

181 1424 433 1483 setestamentum
462 1413 624 1491 volehnm3
658 1413 834 1500 quodiam
866 1412 950 1478 malo
979 1412 1041 1478 elio
1069 1412 1137 1486 die,
1175 1431 1215 1476 ne
1242 1412 1284 1478 oh
1315 1433 1385 1478 eam
1416 1433 1542 1478 causam

217 1515 345 1576 Romam
375 1509 499 1576 venisse
532 1507 651 1572 videar.
705 1507 822 1593 Scripsi
856 1507 954 1593 igitur
987 1505 1026 1572 ad
1065 1512 1197 1572 Brutum
1232 1511 1294 1570 ism
1320 1505 1417 1581 illud,
1456 1505 1543 1594 quod

217 1615 389 1692 putassem,
425 1601 504 1668 ldih.
527 1601 604 1667 nihil
626 1620 707 1687 opus
728 1621 807 1666 esse.
865 1601 967 1667 Velim
997 1619 1075 1686 ergo
1103 1607 1202 1665 totum
1225 1598 1286 1665 hoc
1305 1599 1349 1665 ite
1369 1600 1541 1686 guhemes,

218 1707 252 1765 nt
279 1719 319 1764 ne
347 1695 475 1763 minima
504 1695 632 1782 quidem
661 1714 697 1760 re
724 1695 787 1760 ulla
814 1695 903 1760 Bruti
929 1694 1128 1760 commodum
1155 1693 1373 1779 impediemus.
1426 1698 1456 1758 3.
1479 1691 1543 1760 Sed

217 1790 294 1880 quid
322 1798 371 1858 est
400 1788 540 1864 tandem,
573 1788 660 1876 quod
683 1788 924 1874 perhorrescas,
960 1793 1035 1875 quia
1057 1799 1112 1854 tuo
1133 1787 1275 1874 periculo
1296 1786 1421 1854 iubeam
1442 1785 1542 1853 lihros

183 1886 287 1952 raderi
308 1884 466 1952 Varroni?
487 1885 672 1951 Etiamnunc
692 1882 719 1948 si
741 1882 883 1958 dubites,
904 1881 954 1948 lae
975 1892 1011 1948 nt
1032 1883 1176 1948 sciemus.
1219 1881 1300 1948 Nihil
1321 1890 1370 1948 est
1381 1881 1465 1948 enim
1481 1881 1543 1948 illis

219 1979 401 2065 elegantius.
458 1979 540 2045 Volo
568 1983 765 2052 Varronem,
801 1977 987 2064 praesertim
1014 1997 1086 2043 cum
1114 1976 1168 2041 ille
1190 1975 1363 2054 desideret3
1401 1976 1457 2042 sed
1477 1983 1541 2052 est,

218 2085 255 2141 ut
275 2073 351 2149 seis,

389 2195 504 2271 Δεινός
525 2193 621 2279 a'aq‘p·
644 2193 730 2274 τάχα
752 2219 806 2259 κεν
827 2204 884 2259 καὶ
907 2195 1056 2259 ἀναίτιον
1077 2192 1238 2275 αἰτιόῳτο.

218 2321 265 2384 Ita
292 2317 370 2385 mihi
399 2337 492 2402 saepe
521 2314 660 2382 occurrit
681 2315 785 2380 vultus
814 2314 897 2390 eius,
933 2314 1093 2401 querentis
1119 2313 1252 2381 fortasse
1273 2313 1323 2381 rel
1345 2313 1425 2390 hoc,
1456 2335 1543 2380 mens

181 2422 323 2500 supertes
350 2411 382 2476 in
414 2410 453 2476 iis
474 2408 564 2474 libris
586 2407 747 2495 copiosius
769 2408 911 2474 defensas
933 2429 1002 2473 esse
1023 2427 1117 2494 quem
1141 2429 1233 2487 sues;
1256 2407 1341 2496 quod
1365 2409 1542 2476 mehercule

219 2527 283 2572 non
305 2525 374 2570 esse
395 2503 566 2587 intelliges,
596 2503 624 2568 si
645 2502 771 2589 quarmo
792 2502 825 2566 in
845 2503 975 2589 Epirum
997 2503 1133 2568 veneris.
1181 2507 1257 2568 Nem
1279 2523 1362 2569 nnnc
1381 2503 1542 2570 Alexionis

219 2599 359 2687 epistolis
391 2597 540 2664 cedimus.
591 2594 654 2662 Sed
680 2604 784 2660 tamen
812 2616 872 2681 ego
894 2617 957 2662 non
986 2595 1120 2683 despero
1141 2595 1310 2684 probatum
1330 2597 1371 2662 iri
1391 2598 1542 2676 Varroni;

220 2705 251 2762 et
272 2693 322 2766 id,
358 2691 507 2778 quoniam
536 2693 708 2776 impensem
735 2688 866 2755 fecimus
892 2690 925 2754 in
952 2691 1156 2767 macrocolle,
1191 2690 1283 2757 laoile
1308 2691 1410 2777 patior
1430 2692 1542 2757 teneri.

220 2787 283 2856 Sed
304 2786 398 2852 etiam
420 2793 513 2871 atque
535 2784 628 2849 etiem
651 2783 739 2858 dico,
762 2793 817 2850 tuo
838 2784 980 2870 periculo
1001 2784 1063 2850 fiet.
1109 2787 1233 2863 Quare,
1255 2785 1282 2850 si
1304 2784 1481 2860 addubitas,
1504 2785 1543 2852 ad

182 2895 210 2940 ¹³
219 2886 350 2948 Brutum
374 2889 584 2954 transeamus;
607 2887 655 2943 est
676 2877 759 2942 enim
775 2877 803 2943 is
818 2898 946 2965 quoque
961 2877 1153 2944 Antiochino.
1198 2881 1225 2944 0
1246 2878 1444 2945 Academiam
1459 2879 1545 2946 vola-

219 2978 310 3044 ticam
341 2983 372 3040 et
398 2974 447 3040 sni
468 2972 615 3047 similem,
648 2971 744 3036 modo
767 2971 843 3048 huc,
877 2972 972 3039 modo
995 2973 1083 3038 illucl
1127 2971 1205 3047 Sed,
1242 2993 1375 3060 quaeso,
1412 2973 1544 3059 epistole

219 3092 289 3136 mea
317 3069 357 3135 ad
384 3073 559 3134 Varronem
588 3065 718 3132 saldene
740 3065 796 3132 tihi
817 3067 956 3153 placuit?
988 3065 1068 3132 Male
1090 3068 1134 3130 mi
1155 3071 1210 3140 sit,
1244 3067 1271 3130 si
1292 3087 1432 3154 unquam
1454 3065 1545 3152 quid-

220 3171 398 3252 quamtum
420 3160 530 3227 enitar.
569 3161 703 3247 Ἔργον.
750 3164 790 3225 tt
810 3181 870 3246 ego
892 3179 932 3224 ne
953 3160 1062 3227 Thoni
1084 3159 1212 3246 quidem
1233 3159 1364 3236 diensi,
1387 3160 1443 3248 qui
1462 3167 1544 3227 totas

220 3257 376 3346 περιοχὰς
397 3255 545 3343 persequi
566 3255 659 3332 solet,
682 3253 738 3320 sed
759 3253 927 3340 Spintharo
948 3251 1132 3343 syllabatim.

181 3450 210 3494 ,0
666 3424 776 3488 rru.
818 3421 875 3506 (A.
900 3424 933 3486 u.
955 3423 988 3487 c.
1010 3424 1096 3508 roe.)

701 3534 844 3600 cronno
865 3536 1010 3600 srmco
1033 3538 1065 3600 s

306 3655 334 3720 1.
367 3654 413 3716 Ite
443 3646 574 3732 Vergilii
602 3653 691 3732 parte
712 3643 803 3710 uelde
824 3643 938 3732 probo.
982 3645 1034 3711 Sic
1055 3667 1128 3733 ages
1155 3647 1261 3734 igitur.
1304 3654 1343 3715 m
1363 3647 1491 3737 quidem
1511 3645 1545 3714 id

220 3746 280 3811 erit
301 3749 458 3830 primum,
491 3741 672 3827 proximum
699 3739 836 3806 Clodiae.
881 3738 1002 3819 Quodsi
1030 3753 1191 3818 neutrum,
1213 3754 1335 3819 metuo,
1359 3765 1398 3809 ne
1420 3742 1544 3809 turhem

219 3849 251 3903 et
276 3837 394 3902 irruam
422 3833 454 3898 in
483 3839 631 3900 Drusum.
681 3837 896 3919 intemperans
918 3856 987 3899 sum
1009 3834 1131 3902 ineius
1153 3837 1200 3904 rei
1229 3837 1413 3924 cupiditate,
1449 3857 1545 3924 wem

181 3930 311 3997 senosti.
353 3934 461 4016 ltaque
487 3928 639 3992 revolvor
666 3924 834 3991 identidem
855 3926 888 3990 in
910 3927 1129 3996 Tusculanum.
1170 3931 1302 4009 Quidvis
1324 3931 1407 3996 enim
1428 3930 1543 4016 potius,

219 4045 313 4113 mam
333 4031 369 4088 nt
390 4043 454 4088 non
474 4021 532 4086 hec
551 4027 668 4087 aestate
689 4017 879 4085 ahsolretur.
936 4023 967 4086 2.
988 4024 1073 4108 Ego,
1108 4031 1144 4089 nt
1165 4034 1287 4113 tempus
1308 4034 1356 4090 est
1382 4033 1543 4110 nostrum,

147 4249 157 4286 ⁴
289 4253 317 4304 S.
344 4251 409 4301 mihi
434 4261 503 4314 quos
527 4248 573 4298 nt.
600 4273 633 4285 -
670 4247 804 4298 didicisses
831 4248 863 4299 R.
891 4271 926 4284 -
961 4249 987 4299 3.
1004 4250 1093 4311 priate
1117 4251 1189 4301 ldus.
1227 4253 1273 4303 lto
1289 4253 1361 4303 uolui
1378 4253 1463 4303 Bruto
1480 4251 1542 4304 lile

217 4323 290 4389 prid·
309 4321 339 4372 ld
355 4323 398 4373 lto
413 4320 487 4370 colui
503 4317 589 4368 Bruto
608 4318 649 4378 ll,
673 4319 763 4382 prtdie
781 4317 851 4368 ldae.
888 4318 974 4369 Bruto
992 4320 1033 4370 ito
1051 4321 1124 4372 volut
1141 4336 1202 4372 cum
1221 4321 1305 4373 Codd.
1325 4323 1439 4387 Malasp.
1460 4322 1491 4372 ll.
1512 4345 1542 4359 -

221 4395 247 4446 S.
266 4405 471 4463 aoaqeorepov
496 4389 528 4439 ll·
558 4413 587 4425 -
625 4388 652 4439 d.
678 4402 749 4438 nuos
768 4402 822 4441 om.
842 4388 873 4439 n.
908 4415 936 4426 -
975 4387 1002 4439 8.
1021 4393 1222 4444 essecommoda
1241 4407 1296 4444 om.
1317 4393 1347 4444 ll.
1379 4415 1412 4430 -
1448 4392 1475 4444 S.
1496 4404 1545 4441 cur

222 4462 262 4528 tn]
282 4463 403 4514 eultull.
432 4485 460 4497 -
499 4457 585 4509 cult.
613 4481 642 4495 -·
679 4460 723 4509 te.
743 4459 790 4509 hoe
811 4465 896 4508 totum
915 4459 945 4510 ll.
978 4483 1008 4496 -
1046 4462 1089 4512 15.
1111 4465 1180 4514 calm
1198 4470 1235 4513 est
1253 4465 1274 4514 l.
1304 4489 1332 4500 -
1371 4463 1414 4514 19.
1435 4459 1545 4526 alodes·

221 4541 259 4586 est
285 4535 306 4583 1.
335 4555 365 4569 -
401 4531 446 4582 Sl.
477 4529 609 4592 intellipes
633 4541 688 4578 noo
715 4541 767 4580 ears
792 4529 867 4580 stul.
905 4529 950 4586 (Ut
967 4543 1034 4592 nos,
1055 4532 1139 4583 Godd.
1170 4533 1244 4583 Bosii
1271 4538 1299 4584 et
1320 4533 1491 4584 Cratander.)
1511 4553 1543 4567 -

221 4605 266 4655 2³.
284 4601 377 4654 Moero
395 4599 463 4652 eollo
480 4601 518 4661 ll,
537 4598 632 4650 Marco
651 4598 725 4649 collo
743 4599 766 4659 1,
785 4599 934 4650 moerocola
953 4599 982 4650 ll·
1001 4625 1029 4639 -
1069 4603 1114 4652 25.
1133 4601 1275 4654 Antiochus
1293 4603 1324 4655 ll.
1343 4629 1371 4640 -
1392 4604 1436 4654 Ἠ.
1455 4605 1493 4652 ms·
1509 4601 1546 4650 alt

222 4677 246 4725 st
263 4674 319 4724 hlls
337 4673 409 4722 misit
424 4671 449 4720 si
469 4671 512 4730 ll,
538 4669 603 4719 mihi
619 4670 671 4729 sit,
691 4671 714 4719 sl
732 4669 762 4719 R.
780 4695 814 4705 -
845 4667 889 4719 ΞΒ.
902 4665 1022 4738 Ἔργον.
1042 4672 1077 4722 As
1095 4685 1142 4736 epo
1162 4673 1200 4724 Y:
1220 4675 1303 4738 Erqo.
1322 4679 1352 4724 ot
1370 4686 1418 4736 epo
1431 4671 1543 4732 zltltlt,

222 4757 284 4810 erpo
302 4755 350 4808 eqo
360 4743 382 4792 1.
399 4767 430 4779 -
448 4740 493 4792 20.
504 4738 632 4802 Spintoro
644 4739 712 4800 llll,
732 4737 855 4800 Spintero
869 4739 892 4789 l.
920 4739 964 4804 (llt
978 4753 1038 4802 nos,
1058 4739 1143 4792 Codd.
1157 4744 1254 4800 lipsii.)
1275 4769 1303 4782 ·-
1324 4743 1367 4793 ³2.
1386 4741 1543 4806 Verpttsttte

226 4813 332 4880 l'trptlit
349 4811 393 4863 lh.
414 4835 445 4849 -
479 4807 575 4874 probo]
594 4808 686 4859 hialim
701 4821 708 4858 e
724 4810 815 4872 probe.
837 4809 887 4862 On.
913 4834 945 4848 -
982 4811 1018 4860 nt
1034 4810 1147 4876 quidem]
1166 4815 1295 4877 Eqaldeen
1314 4813 1335 4864 l.
1357 4837 1387 4851 —
1424 4813 1468 4864 33.
1485 4811 1545 4875 pri·

220 4897 300 4946 mum,
327 4878 489 4946 montosam]
515 4881 630 4943 primum
654 4879 799 4929 nummum
815 4879 886 4941 llll,
912 4881 1029 4943 primum
1055 4887 1079 4931 et
1101 4886 1245 4934 mammam
1263 4885 1285 4936 1.
1323 4881 1368 4950 (us
1389 4897 1457 4944 nos,
1486 4895 1543 4946 mg.

220 4953 306 5012 Cret.)
330 4977 364 4988 -
415 4967 447 5004 as
478 4945 589 5012 turbon]
624 4961 672 5000 osc
697 4948 788 5000 urcem
821 4949 881 5002 ΜΒ.
914 4973 947 4985 -
983 4949 1027 5003 34.
1060 4951 1169 5003 tomam
1197 4953 1234 5008 ll.
1273 4977 1301 4990 -
1349 4951 1394 5004 8⁶.
1424 4951 1545 5003 ebroba-
