3628 5876
335 425 397 489 130
759 420 1034 486 urtsrotnuuu
1054 423 1107 485 dl)
1129 423 1219 488 bel.

334 582 373 649 de
389 579 535 648 omnibus
564 576 736 667 provinciis
765 576 935 643 decernere
957 577 1094 653 senatui,
1125 577 1263 665 reliquas
1292 577 1451 666 impediat.
1501 580 1553 646 Sic
1573 581 1655 648 mul·

333 685 399 742 tum
421 697 457 741 ac
478 675 532 740 diu
554 673 696 747 ludetur,
719 680 811 758 atque
832 673 874 737 ita
896 671 965 748 diu,
987 680 1022 737 ut
1043 672 1113 758 plus
1135 671 1295 738 biennium
1317 674 1349 738 in
1371 674 1419 739 bis
1442 674 1527 740 tricis
1550 697 1655 741 more-

333 781 395 837 tur.
438 774 468 835 3.
491 769 524 834 Si
546 767 622 854 quid
643 765 771 832 novide
792 765 984 851 republica,
1007 765 1093 852 quod
1107 765 1164 830 tibi
1179 765 1367 842 scriberem,
1390 765 1555 843 haberem,
1577 791 1653 834 usus

334 885 434 929 essem
456 883 531 927 mea
548 860 787 936 consuetudine,
817 869 852 925 ut
873 859 1053 943 diligenter,
1084 869 1115 925 et
1137 859 1212 946 quid
1235 871 1338 926 actum
1360 871 1442 926 esset
1464 871 1494 926 et
1516 861 1590 950 quid
1612 885 1652 928 ex

311 979 373 1030 seo
393 957 534 1024 futurum
564 976 741 1039 sperarem,
772 953 1013 1040 perscriberem.
1068 957 1148 1018 Sane
1178 965 1334 1036 tamquam
1350 937 1389 1020 in
1410 955 1547 1036 quodam
1568 955 1653 1022 incili

332 1053 396 1118 iam
408 1052 511 1117 omnia
523 1050 739 1115 adhaeserunt.
761 1047 924 1113 Marcellus
936 1046 1019 1111 idem
1030 1046 1109 1112 illud
1124 1047 1163 1112 de
1174 1049 1344 1133 provinciis
1356 1058 1460 1132 urget,
1484 1070 1585 1136 neque
1600 1050 1653 1115 ad·

333 1146 394 1212 buc
411 1145 606 1232 frequentem
628 1151 769 1206 senatum
791 1141 818 1206 is
840 1135 962 1206 efficerd
984 1140 1095 1227 potuit.
1138 1146 1206 1206 lloc
1227 1142 1253 1207 si
1274 1143 1444 1228 praeterito
1459 1163 1541 1208 anno
1557 1144 1652 1209 Curio

333 1238 476 1305 tribunus
499 1246 530 1302 et
558 1236 667 1302 eadem
696 1235 775 1301 actio
805 1234 844 1300 de
865 1235 1036 1320 provinciis
1059 1235 1251 1314 iintroivit,
1287 1243 1322 1302 ut
1344 1257 1438 1322 quam
1459 1235 1548 1305 facile
1571 1259 1652 1302 nunc

334 1333 373 1399 sit
395 1332 497 1398 omnia
520 1330 674 1417 impedire
696 1339 727 1394 et
748 1350 842 1416 quam
863 1328 923 1394 hoc
946 1328 1086 1404 Caesari,
1124 1329 1179 1415 qui
1207 1351 1263 1396 sua
1291 1350 1385 1395 eausa
1407 1343 1474 1394 rent
1496 1330 1651 1415 publicam

299 1448 397 1498 innon
418 1433 542 1501 curent,
564 1425 742 1509 †superet,
765 1444 828 1489 non
850 1432 880 1487 te
902 1421 989 1486 lallit.

813 1565 860 1627 u.
903 1561 957 1642 (A.
983 1565 1015 1626 u.
1038 1565 1070 1627 e.
1092 1563 1182 1646 roi.)

782 1677 944 1741 CAELIUS
967 1676 1150 1740 CICERONI
1173 1677 1203 1740 S.

418 1779 447 1841 1.
468 1777 536 1838 Non
556 1770 682 1845 dubito,
719 1766 795 1855 quin
816 1767 971 1854 perlatum
993 1767 1032 1832 ad
1053 1777 1084 1832 te
1106 1768 1160 1841 sit,
1183 1768 1319 1855 Appium
1341 1791 1358 1834 a
1379 1769 1541 1836 Dolabella
1562 1793 1651 1838 reum

332 1871 461 1937 lactum:
491 1885 659 1952 sanequam
682 1884 744 1928 non
767 1883 817 1936 ea,
851 1883 944 1947 mam
968 1861 1236 1936 existimaveram,
1267 1862 1395 1929 invidia.
1437 1870 1545 1953 Neque
1567 1867 1650 1931 enim

219 2013 230 2041 .
299 1966 426 2035 ustulte
447 1961 579 2049 Appius:
617 1959 688 2044 qui,
721 1956 813 2022 simul
834 1963 926 2042 atque
948 1953 1110 2020 Dolabella
1132 1956 1260 2020 accessit
1280 1956 1320 2021 ad
1341 1957 1494 2034 tribunal,
1523 1959 1653 2026 introie-

332 2070 383 2125 rat
402 2060 435 2124 in
457 2055 569 2123 urbem
603 2050 816 2137 triumphique
845 2048 1086 2136 postulationem
1115 2047 1283 2114 abiecerat.
1327 2053 1400 2128 Quo
1421 2049 1503 2117 lacto
1524 2055 1653 2119 rettudit

333 2173 494 2220 sermones
515 2147 717 2235 paratiorque
738 2144 824 2208 visus
847 2153 909 2218 est,
933 2164 1026 2229 quam
1049 2151 1229 2227 speraverat
1251 2154 1422 2209 aecusator.
1465 2151 1495 2210 Is
1517 2148 1652 2213 nuncin

333 2257 364 2312 te
386 2245 553 2311 maximam
575 2261 663 2326 spem
694 2236 797 2302 babet.
852 2237 924 2302 Seio
946 2235 1003 2300 tibi
1030 2257 1102 2302 eum
1124 2258 1186 2302 non
1214 2259 1282 2304 esse
1305 2238 1390 2303 odio.
1450 2243 1552 2316 Quam
1574 2242 1651 2308 velis

334 2361 407 2405 eum
428 2337 584 2422 obligare,
620 2333 652 2397 in
675 2341 727 2396 tua
748 2351 842 2395 manu
863 2339 926 2407 est;
963 2351 1034 2394 cum
1056 2350 1119 2415 quo
1142 2330 1168 2394 si
1190 2331 1329 2396 simultas
1357 2331 1416 2396 tibi
1436 2354 1502 2398 non
1522 2333 1650 2408 luisset,

296 2433 464 2498 roliberius
491 2428 550 2494 tibi
578 2426 617 2491 de
649 2432 715 2489 tota
748 2445 785 2489 re
818 2432 908 2488 esset.
951 2427 1051 2496 Nunc,
1088 2425 1114 2490 si
1144 2423 1184 2502 ad
1211 2424 1295 2489 illam
1317 2447 1468 2491 summam
1490 2429 1653 2494 veritatem

334 2525 507 2613 legitimum
539 2521 588 2586 ius
618 2517 778 2602 exegeris,
814 2515 985 2582 cavendum
1015 2516 1073 2582 tibi
1101 2517 1183 2592 erit,
1215 2539 1254 2582 ne
1286 2539 1398 2604 parum
1420 2520 1602 2607 simpliciter
1623 2531 1654 2587 et

334 2618 464 2686 candide
491 2613 634 2702 posuisse
655 2609 833 2676 inimicitias
855 2609 1002 2676 videaris.
1054 2615 1090 2676 In
1112 2609 1192 2676 banc
1212 2621 1333 2698 partem
1354 2633 1452 2699 porro
1474 2624 1575 2680 tutum
1597 2615 1652 2680 tibi

334 2713 408 2788 erit,
435 2711 463 2776 si
485 2708 560 2795 quid
581 2706 735 2778 volueris,
772 2703 958 2788 gratificari;
992 2725 1086 2770 nemo
1109 2705 1192 2769 enim
1214 2706 1442 2771 necessitudine
1465 2718 1496 2772 et
1516 2709 1653 2774 amicitia

334 2817 364 2873 te
386 2804 571 2871 deterritum
593 2799 632 2864 ab
655 2798 758 2863 officio
780 2798 873 2863 dicet.
925 2798 1005 2863 Illud
1026 2798 1103 2862 mihi
1126 2798 1278 2874 occurrit,
1307 2799 1392 2885 quod
1414 2801 1497 2866 inter
1516 2805 1654 2887 postula-

296 2921 324 2965 rs
334 2903 450 2968 tionem
473 2906 503 2962 et
524 2893 661 2960 nominis
683 2891 871 2957 delationem
892 2913 977 2957 uxor
1003 2912 1022 2956 a
1042 2891 1202 2958 Dolabella
1224 2892 1374 2958 discessit.
1416 2898 1447 2959 2.
1470 2896 1555 2973 Quid
1576 2896 1652 2962 mibi

334 2992 495 3061 discedens
516 2986 690 3060 mandaris,
723 2985 871 3063 memini;
901 2985 977 3072 quid
999 3006 1058 3071 ego
1080 2985 1137 3050 tibi
1158 2986 1355 3072 scripserim,
1379 2996 1408 3051 te
1429 3009 1492 3054 non
1514 2987 1653 3056 arbitror

334 3088 475 3155 oblitum.
532 3087 600 3147 Non
621 3089 668 3146 est
689 3079 751 3144 iarn
783 3088 905 3166 tempus
927 3081 1018 3165 plura
1039 3079 1196 3145 narrandi.
1250 3083 1349 3145 Unum
1372 3081 1449 3147 illud
1470 3103 1601 3148 monere
1622 3095 1653 3148 te

332 3201 477 3268 possum:
510 3176 537 3242 si
563 3197 614 3240 res
640 3173 697 3239 tibi
733 3195 796 3239 non
832 3173 1027 3261 displicebit,
1064 3183 1167 3239 tamen
1196 3172 1256 3238 boc
1277 3182 1418 3261 ternpore
1441 3175 1517 3240 nihil
1539 3177 1578 3241 de
1600 3185 1653 3242 tua

332 3275 491 3340 voluntate
518 3268 663 3335 ostendas
698 3276 730 3332 et
757 3278 935 3354 exspectes,
976 3267 1239 3354 quemadmodum
1266 3276 1357 3332 exeat
1389 3289 1430 3333 ex
1458 3269 1516 3333 bac
1541 3291 1652 3351 causa;

296 3367 469 3452 aodenique
489 3362 680 3430 invidiosum
701 3359 758 3425 tibi
780 3361 838 3436 sit,
875 3362 901 3426 si
923 3362 1089 3439 emanarit;
1126 3379 1240 3448 porro,
1270 3361 1298 3425 si
1318 3361 1500 3446 significatio
1523 3363 1585 3429 ulla
1606 3365 1654 3429 in·

333 3457 528 3531 tercesserit‚
565 3456 693 3530 clarius,
730 3475 823 3541 quam
843 3454 951 3520 deceat
972 3464 1025 3520 aut
1046 3454 1209 3541 expediat,
1238 3452 1300 3520 fiat.
1343 3460 1449 3542 Neque
1471 3457 1524 3522 ille
1548 3468 1652 3524 tacere

334 3574 403 3618 eam
432 3573 501 3616 rem
527 3550 662 3636 poterit,
695 3569 776 3636 quae
798 3570 873 3612 suae
903 3549 970 3635 spei
998 3559 1061 3614 tam
1091 3557 1268 3634 opportuna
1289 3548 1437 3615 acciderit
1457 3570 1599 3638 quaeque
1619 3553 1651 3616 in

333 3645 460 3730 negotio
483 3641 676 3709 conficiendo
698 3651 783 3707 tanto
810 3642 963 3708 illustrior
984 3644 1059 3720 erit3
1092 3663 1163 3706 cum
1185 3644 1370 3729 praesertim
1392 3645 1419 3710 is
1440 3645 1493 3721 sit,
1527 3647 1598 3733 qui,
1625 3647 1653 3711 si

332 3739 544 3827 perniciosum
581 3737 675 3802 sciret
707 3757 775 3801 esse
802 3735 889 3822 loqui
926 3737 966 3800 de
998 3736 1056 3801 bac
1085 3757 1136 3811 re,
1173 3735 1228 3800 vix
1262 3745 1365 3801 tamon
1401 3759 1434 3802 se
1467 3739 1651 3805 contineret.

297 3839 364 3902 rs3.
386 3832 553 3918 Pompeius
575 3831 689 3895 dicitur
709 3830 799 3895 valde
821 3851 880 3916 pro
901 3828 1002 3917 Appio
1025 3828 1186 3905 laborare,
1217 3840 1253 3895 ut
1274 3831 1368 3894 etiam
1389 3841 1499 3916 putent
1519 3833 1650 3899 alterum

333 3934 440 3991 utrum
462 3924 502 3988 de
524 3923 594 3989 liliis
617 3924 656 3989 ad
677 3932 708 3987 to
730 3923 909 3988 missurum.
958 3923 1016 3988 llic
1037 3944 1095 3987 nos
1117 3944 1226 3987 omnes
1247 3923 1459 4003 absolvimus;
1488 3933 1519 3990 et
1540 3927 1652 3991 bercu-

333 4021 378 4086 les
400 4029 566 4104 consaepta
587 4017 708 4092 omnia,
730 4015 823 4082 foede
844 4026 875 4080 et
895 4015 1058 4082 inhonesta
1079 4026 1159 4082 sunt.
1203 4019 1352 4083 Consules
1374 4029 1478 4082 autem
1499 4017 1652 4085 habemus

333 4134 454 4179 summa
488 4112 665 4197 diligentia3
699 4110 799 4176 adbuc
835 4119 959 4176 senatus
995 4110 1169 4176 consultum
1193 4110 1253 4174 nisi
1275 4111 1313 4176 de
1335 4110 1423 4176 seriis
1444 4111 1562 4176 Latinis
1583 4113 1652 4178 nul-

332 4207 399 4273 lurn
420 4205 523 4271 lacere
545 4214 724 4293 potuerunt.
768 4205 897 4272 Curioni
918 4215 1026 4270 nostro
1049 4204 1223 4271 tribunatus
1237 4206 1418 4290 conglaciat.
1460 4209 1491 4270 4.
1514 4205 1575 4271 Sed
1590 4207 1651 4272 dici

402 4380 428 4429 2.
447 4379 654 4438 moreretnrbl,
672 4393 803 4430 moremur·
822 4379 939 4428 malebat
957 4377 1106 4428 Ernestlus.
1138 4405 1167 4415 -
1214 4378 1241 4428 3.
1260 4379 1353 4428 babm
1371 4378 1409 4428 Μ.
1431 4405 1459 4415 -
1485 4379 1523 4438 ,5.
1542 4381 1651 4442 inquo-

332 4451 394 4500 dom
411 4451 439 4498 io
457 4449 542 4498 cilicio
559 4451 613 4500 ium
631 4450 670 4500 Μ.
696 4473 726 4484 -
763 4451 789 4498 o.
808 4458 882 4513 arqet
900 4456 924 4498 et
948 4463 1027 4512 oeque
1045 4449 1082 4498 Μ.
1111 4475 1142 4484 -
1177 4449 1204 4498 7.
1223 4456 1340 4498 sinotum
1358 4449 1381 4497 ir
1399 4447 1535 4498 Orellius:
1553 4452 1652 4499 amotis

332 4521 378 4580 Μ,
396 4527 514 4569 renatum
532 4519 565 4570 E.
597 4545 626 4557 -
664 4519 721 4570 Hoc
738 4522 761 4569 ri
776 4521 921 4583 praeterito
939 4531 1009 4568 anno
1028 4519 1072 4568 N:
1100 4520 1157 4568 Hoc
1173 4519 1209 4568 ric
1224 4521 1369 4582 praeterito
1386 4532 1457 4569 anno
1476 4519 1519 4579 Μ,
1553 4519 1652 4582 Quodsi

332 4604 403 4640 cono
421 4591 565 4652 praeterito
584 4589 614 4640 ll.
637 4613 665 4624 —
703 4589 729 4638 8.
750 4592 868 4640 introivit
886 4595 916 4638 ut
934 4603 1012 4652 quom
1030 4589 1075 4638 M:
1094 4591 1230 4639 introivit:
1251 4589 1385 4652 quamdi,
1404 4589 1544 4646 introibit,-
1572 4604 1651 4652 quom

332 4660 387 4720 Vb,
407 4661 559 4719 introierit,
578 4673 656 4723 quom
674 4660 804 4709 Romana.
826 4684 856 4695 -
893 4660 935 4709 10.
955 4667 1043 4708 curent
1061 4660 1107 4709 M:
1127 4666 1195 4709 curet
1215 4659 1246 4708 ti.
1267 4683 1298 4694 -
1334 4659 1377 4708 13.
1396 4655 1469 4722 quin]
1488 4660 1551 4722 quid
1567 4659 1650 4708 Μ.-

333 4729 375 4780 ti.
396 4745 448 4792 qua
467 4730 623 4779 Lambinus.
643 4752 675 4762 -
713 4730 754 4779 13.
773 4732 860 4793 [octor
878 4729 952 4780 stelit
970 4729 1008 4780 Μ.
1035 4731 1107 4779 -tu
1127 4729 1202 4779 velim
1220 4729 1256 4780 Μ.
1278 4753 1309 4764 -
1340 4729 1382 4779 19.
1405 4729 1563 4779 ritimultar
1581 4727 1649 4779 Cod.

333 4799 458 4849 Graevii:
477 4801 596 4850 amolior
609 4799 652 4855 Μ.
671 4799 791 4848 simultas
807 4801 830 4849 si
849 4799 879 4849 ll.
895 4825 924 4836 ·-
945 4799 989 4848 20.
1008 4812 1049 4848 rer
1067 4807 1128 4850 erret
1146 4799 1184 4850 Μ.
1198 4821 1230 4836 -
1249 4800 1411 4848 severitatem
1422 4799 1455 4850 tt.
1476 4823 1507 4834 -
1526 4800 1570 4849 22.
1589 4813 1651 4848 ωη-

332 4868 389 4918 didi
405 4869 442 4920 Μ.
462 4898 495 4907 -
530 4869 575 4919 25.
594 4882 694 4919 uxorea
713 4869 814 4918 dodillo
832 4870 869 4920 Μ.
890 4895 921 4904 -
957 4870 1000 4918 30.
1020 4870 1127 4934 denique
1145 4869 1187 4919 M:
1206 4883 1238 4920 ne
1255 4883 1308 4932 quo
1326 4868 1357 4918 ti.
1394 4868 1449 4920 Clr.
1470 4869 1549 4919 lland
1569 4869 1649 4920 Tura.

333 4938 369 4988 11.
390 4953 416 5003 p.
436 4940 498 4990 231.
520 4965 547 4976 -
579 4943 603 4990 ri
619 4939 775 5004 riqriificatio
792 4939 848 4988 ulio
870 4938 1007 4990 Orelllns:
1037 4940 1193 5005 riqnifirotio
1217 4939 1273 4988 ulio
1291 4939 1335 4998 Μ,
1366 4941 1524 5004 nqnificotio
1547 4939 1603 4989 alia
1626 4942 1651 4990 ri

333 5007 364 5058 ti.
384 5034 415 5044 -
452 5012 594 5060 immersat
612 5009 649 5060 Μ.
670 5035 702 5046 -
737 5009 781 5060 33.
800 5006 833 5072 it]
852 5011 892 5058 ior
909 5009 947 5058 Μ.
969 5033 999 5044 -
1036 5011 1080 5060 35.
1100 5011 1211 5060 alienun
1228 5015 1316 5059 etnim
1333 5008 1378 5059 lt:
1397 5010 1555 5060 alterutrum
1574 5010 1649 5060 li.-

333 5076 367 5128 33
396 5079 507 5129 humiles
524 5080 570 5130 tt:
590 5080 688 5130 terralo
706 5078 737 5129 ti.
759 5104 789 5115 -
825 5079 870 5130 37.
889 5085 1028 5142 coruocpto
1045 5080 1089 5132 M:
1109 5080 1224 5143 consino
1241 5077 1273 5130 11.
1294 5101 1325 5114 -·
1342 5076 1430 5144 [σιὼ]
1448 5080 1541 5145 soona
1557 5080 1596 5132 Μ.
