3662 5908
651 425 725 488 LlB.
748 425 815 488 XV.
858 427 917 490 ΕΡ.
941 428 990 490 15.
1014 428 1062 490 16.

547 569 551 580 ’
658 587 712 648 m
765 587 1047 665 mucmm

580 712 620 773 Μ.
644 709 787 772 CICERO
810 711 841 772 S.
863 710 900 770 D.
924 709 956 771 C.
979 709 1127 773 CASSIO.

273 828 302 890 1.
324 826 388 888 Etsi
422 830 556 906 uterque
584 824 726 884 nostrrim
755 840 810 906 spe
839 818 925 906 pacis
950 827 981 882 et
1002 816 1077 882 odio
1099 815 1198 880 civilis
1222 820 1380 904 sanguinis
1406 821 1515 888 abesse

184 942 202 984 a
233 917 309 984 belli
331 915 500 982 necessarii
521 915 691 1002 pertinacia
715 915 833 988 voluit,
870 924 988 986 tamen,
1025 915 1173 999 quoniam
1196 913 1263 977 eius
1285 914 1407 979 consilii
1429 917 1514 1000 prin·

186 1035 260 1101 ceps
293 1033 352 1096 ego
381 1009 478 1075 luisse
508 1009 635 1083 videor,
671 1011 739 1096 plus
768 1009 901 1074 13313333
923 1005 980 1072 tihi
1008 1015 1167 1095 praestare
1189 1007 1257 1092 ipse
1286 1005 1386 1074 debeo
1419 1025 1538 1096 quamt

186 1131 204 1174 a
227 1117 258 1172 13
281 1113 475 1191 3333331333.
530 1103 620 1178 Ε131,
653 1116 688 1169 31
709 1125 802 1190 saepe
824 1103 912 1168 soleo
935 1123 1056 1166 mecum
1079 1099 1260 1177 recordari,
1278 1093 1402 1182 (sermo
1426 1103 1515 1170 sami-

186 1201 273 1266 liaris
294 1221 383 1265 meus
405 1208 506 1264 tecum
527 1207 558 1263 et
580 1202 653 1262 item
676 1218 799 1264 mecum
822 1207 893 1262 tuus
915 1196 1044 1288 addunit
1065 1204 1235 1281 utrumque
1257 1202 1399 1262 nostrum
1422 1196 1461 1263 ad
1483 1198 1515 1264 id
1607 1187 1692 1276 (Γ

186 1281 375 1397 consilium)
405 1302 439 1358 ut
471 1314 536 1357 uno
569 1292 692 1378 proelio
714 1303 911 1379 putaremus,
946 1284 1176 1356 3133313133
1198 1311 1341 1364 causam,
1377 1299 1514 1356 3133313

186 1398 330 1454 nostrum
348 1385 514 1453 'iudicium
547 1385 669 1450 definiri
698 1387 878 1451 convenire.
935 1391 1043 1472 Neque
1071 1385 1237 1472 quisquam
1267 1386 1344 1450 hanc
1376 1395 1514 1450 nostram

186 1483 370 1548 seutentiam
393 1501 468 1546 vere
493 1501 631 1566 unquam
654 1480 855 1566 reprehendit
878 1491 1003 1566 praeter
1029 1477 1552 1566 33333133111333133313113311

186 1599 256 1642 esse
283 1575 382 1642 deleri
408 1574 537 1640 omnino
560 1595 626 1638 rem
649 1573 804 1661 publicam
832 1596 924 1661 quam
956 1573 1152 1638 imminutam
1174 1583 1205 1638 et
1234 1571 1424 1640 debilitatam
1449 1598 1516 1640 ma-

186 1693 274 1736 nere.
316 1675 383 1756 Ego
400 1680 504 1734 autem
527 1689 567 1732 ex
582 1667 712 1733 interitu
729 1669 797 1734 eius
816 1667 931 1732 nullam
952 1688 1039 1752 spem
1056 1666 1175 1732 scilicet
1191 1667 1267 1732 mihi
1287 1668 1513 1755 proponebam,

187 1786 227 1831 ex
250 1763 391 1850 reliquiis
411 1784 567 1848 magnam.
624 1767 654 1825 2.
689 1759 750 1827 Sed
773 1783 809 1826 ea
838 1771 910 1826 sunt
933 1771 1114 1835 consecuta,
1148 1771 1183 1829 ut
1203 1762 1302 1846 magis
1327 1763 1442 1829 mirum
1476 1764 1516 1828 sit

187 1857 330 1923 accidere
347 1857 399 1922 illa
421 1857 577 1944 potuisse,
601 1876 694 1941 quam
712 1875 770 1920 nos
796 1877 858 1920 non
874 1855 989 1920 vidisse
1008 1854 1163 1920 33131333
1186 1877 1258 1929 uec,
1281 1855 1424 1922 homines
1442 1879 1514 1922 cum

188 1973 344 2028 essemus,
366 1951 517 2043 ='divinare
546 1949 696 2035 potuisse.
737 1941 748 2001 1
754 1949 907 2036 Equidem
941 1949 1043 2014 131333
1073 1969 1174 2013 meam
1197 1949 1408 2015 coniecturam
1435 1951 1513 2038 hanc
1528 1961 1552 2002 ¹³
1619 2029 1630 2036 .

187 2045 303 2123 luisse,
325 2046 438 2128 utsitto
460 2043 548 2131 quasi
569 2043 706 2131 quodam
728 2043 812 2110 fatali
833 2044 955 2130 proelio
978 2043 1059 2108 lacto
1082 2053 1113 2108 ct
1130 2044 1266 2108 victores
1288 2044 1446 2108 communi
1468 2067 1515 2108 sa·
1652 2039 1657 2050 ’

187 2140 245 2205 1311
268 2139 388 2204 3333311
408 2140 521 2204 veilent
545 2147 576 2201 et
600 2139 673 2203 victi
695 2160 787 2217 suae;
811 2149 978 2224 utrumque
1001 2148 1104 2203 autem
1127 2138 1325 2224 propositum
1347 2159 1414 2202 3333
1432 2136 1515 2202 arhi-

189 2235 266 2300 trari
297 2235 329 2299 in
362 2233 521 2298 celeritate
555 2231 693 2298 victoris.
753 2235 840 2310 Quae
873 2233 899 2298 si
925 2231 1052 2307 luisset,
1083 2231 1214 2297 eandem
1239 2231 1434 2298 clementiam
1461 2255 1516 2298 cx-

188 2337 278 2414 perta
310 2337 392 2393 esset
424 2326 548 2400 Africa,
571 2347 665 2411 quam
690 2327 838 2412 cognovit
870 2326 957 2401 Asia,
994 2348 1088 2414 quam
1112 2325 1205 2390 etiam
1234 2323 1364 2397 Achaia,
1398 2336 1450 2401 te,
1481 2335 1515 2391 ut

189 2421 320 2509 opinor,
344 2423 413 2508 ipso
439 2421 571 2506 allegato
594 2441 630 2485 ac
653 2419 866 2506 deprecatore.
920 2421 1051 2487 Amissis
1075 2429 1179 2484 autem
1199 2417 1409 2505 temporibus,
1433 2427 1553 2506 quae²⁰

188 2517 358 2602 plurimum
383 2515 499 2591 valent,
522 2515 708 2602 praesertim
726 2516 758 2580 in
778 2514 870 2581 hellis
894 2513 1055 2590 civilibus,
1086 2513 1289 2599 interpositus
1310 2534 1408 2578 annus
1436 2515 1515 2579 31133

189 2609 327 2684 induxit,
365 2619 399 2674 ut
428 2610 593 2674 victoriam
623 2619 801 2696 sperarent,
834 2611 929 2684 alios,
967 2619 1001 2674 ut
1032 2610 1134 2695 ipsum
1163 2607 1242 2672 vinci
1271 2617 1514 2673 contemnerent.

190 2710 290 2789 Atque
313 2705 426 2768 horum
445 2703 599 2769 malorum
621 2705 762 2770 omnium
786 2704 908 2791 culpam
933 2703 1057 2770 lortuna
1083 2700 1223 2767 sustinet.
1269 2701 1347 2777 Quis
1367 2702 1449 2766 enim
1464 2712 1517 2767 aut

190 2795 393 2860 Alexandrini
415 2795 488 2861 belli
506 2807 625 2872 ‚tantam
643 2819 764 2864 moram
781 2797 854 2863 huic
874 2797 957 2863 bello
977 2795 1157 2862 adiunctum
1177 2795 1217 2859 iri
1235 2807 1288 2859 aut
1303 2795 1514 2882 nescioquem

191 2890 284 2954 istum
299 2889 489 2955 Pharnacem
505 2891 596 2956 Asiae
616 2903 771 2957 terrorem
790 2892 948 2958 illaturum
964 2896 1112 2977 poterell
1136 2894 1166 2954 3.
1188 2893 1251 2953 Nos
1274 2888 1424 2952 tamenin
1442 2895 1554 2952 eon-‘²⁵

191 2982 261 3048 silio
282 2983 352 3069 pari
371 3005 444 3048 casu
466 2984 609 3050 dissimili
632 2985 681 3050 usi
702 3003 820 3050 sumus.
876 2991 923 3051 Tu
945 2990 1027 3050 enim
1050 3005 1120 3049 eam
1145 2993 1264 3068 partem
1288 2982 1408 3066 petisti,
1430 2989 1517 3047 utet

191 3077 329 3142 consiliis
352 3083 518 3143 interesses
539 3088 585 3152 et,
618 3079 704 3165 quod
734 3079 870 3144 maxime
892 3100 998 3144 curam
1021 3079 1117 3152 levat,
1141 3077 1245 3141 lutura
1268 3075 1372 3140 animo
1394 3074 1517 3160 prospi-

191 3191 264 3234 cere
286 3192 404 3256 posses.
447 3176 528 3257 Ego,
562 3172 617 3258 qui
639 3171 797 3248 festinavi,
827 3181 862 3237 ut
888 3176 1050 3238 Caesarem
1074 3171 1106 3234 in
1136 3169 1224 3234 ltalia
1246 3167 1386 3233 viderem
1410 3167 1517 3230 -sic

192 3265 275 3330 enim
299 3263 531 3330 arbitrabamur
557 3297 586 3308 -
616 3285 751 3351 eumque
776 3266 882 3331 multis
902 3263 1129 3330 honestissimis
1156 3262 1233 3327 viris
1254 3260 1446 3326 conservatis
1467 3280 1518 3324 re·

192 3359 356 3433 deuntem,
391 3360 430 3424 ad
452 3381 560 3446 pacem
582 3368 778 3436 currentem,
813 3369 847 3426 ut
865 3360 966 3433 aiunt,
994 3359 1173 3431 incitarem,
1196 3355 1312 3442 abillo
1336 3354 1517 3439 longissime
1527 3363 1555 3401 ³⁰

193 3465 224 3518 et
241 3453 351 3519 absum
374 3464 406 3519 et
425 3454 499 3520 3131.
543 3461 662 3521 Versor
686 3467 789 3521 autem
805 3455 837 3518 in
859 3456 976 3539 gemitu
997 3453 1102 3518 ltaliae
1122 3462 1152 3518 et
1166 3453 1198 3515 in
1223 3449 1312 3516 urhis
1334 3447 1517 3513 miserrimis

193 3550 347 3636 querelis,
380 3547 494 3635 quibus
516 3549 634 3636 aliquid
665 3551 734 3635 opis
756 3551 888 3615 13313333
911 3569 970 3634 ego
1001 3570 1060 3634 pro
1086 3569 1175 3622 mea,
1209 3555 1243 3611 tu
1265 3564 1324 3631 pro
1349 3553 1420 3616 tua,
1457 3562 1516 3628 pro

193 3664 249 3707 sua
275 3649 406 3730 3313333
431 3654 519 3730 33313
542 3646 626 3710 serre
647 3645 815 3731 potuisset,
849 3644 875 3708 si
895 3653 1004 3708 auctor
1026 3641 1177 3707 affuisset.
1233 3643 1264 3705 1.
1296 3641 1401 3716 Quare
1424 3638 1517 3702 velim

193 3758 252 3824 pro
272 3748 322 3802 tua
346 3748 497 3823 perpetua
522 3760 596 3824 erga
618 3761 666 3801 me
688 3737 906 3803 benevolentia
925 3736 1043 3802 scribas
1063 3736 1184 3808 adme,
1208 3733 1284 3821 quid
1303 3732 1420 3820 videas,
1442 3730 1517 3818 quid

194 3831 323 3905 sentias,
356 3831 432 3918 quid
459 3832 724 3919 exspectandum,
766 3832 841 3918 quid
871 3831 1025 3916 agendum
1061 3829 1152 3895 nohis
1187 3828 1357 3894 existimes.
1415 3825 1517 3911 Magni
1529 3846 1556 3889 33

194 3937 288 3990 33331
309 3926 386 3990 mihi
412 3937 482 3990 tuae
506 3927 648 4004 littorae3
681 3938 774 4013 31333
797 3927 914 3991 utinam
941 3925 1050 4012 primis
1071 3923 1147 3998 illis,
1175 3943 1253 4009 quas
1274 3921 1405 3987 Luceria
1426 3922 1518 3994 mise,

194 4039 262 4091 ras,
284 4021 472 4105 paruisseml
497 4025 562 4084 sine
586 4022 648 4085 ulla
670 4026 752 4085 enim
775 4021 916 4086 molestia
936 4020 1118 4104 dignitatem
1145 4037 1244 4081 meam
1268 4015 1477 4080 retinuissem.

659 4141 1054 4224 rusnncmm

583 4244 1131 4312 nemmsncmfflo

283 4361 310 4422 l.
334 4361 415 4424 Puto
448 4367 478 4423 13
508 4357 569 4421 iam
598 4357 793 4443 suppudere,
830 4377 900 4422 cum
929 4356 1005 4420 haec
1037 4357 1126 4419 tertia
1157 4353 1221 4418 iam
1243 4351 1374 4437 epistola
1395 4361 1465 4417 ante
1488 4359 1557 4416 tero

196 4451 407 4538 oppresserit,
443 4473 537 4538 quam
566 4461 599 4516 tu
630 4451 745 4515 scidam
768 4461 819 4516 aut
846 4451 991 4515 litteram.
1035 4447 1097 4512 Sed
1119 4467 1182 4512 333
1203 4467 1323 4534 urgeo;
1360 4445 1519 4530 longiores
1574 4537 1580 4544 ·

265 4598 293 4648 1.
324 4597 384 4646 telle¹
406 4599 544 4647 necessarie·
560 4599 708 4660 3331133313
725 4596 892 4659 bengellusr
924 4595 983 4645 belle·
999 4595 1147 4643 3333333313
1162 4595 1311 4657 pertinacia
1329 4607 1370 4656 pr.
1390 4591 1433 4651 Μ,
1461 4592 1520 4642 belle·

193 4669 343 4732 pertinacia
371 4666 390 4714 Ε
418 4681 479 4716 curn
507 4681 578 4717 corr.
605 4667 642 4718 Μ.
674 4691 704 4702 -·
743 4669 868 4732 33331333
885 4667 928 4716 hle
949 4665 1054 4729 333333
1073 4663 1103 4712 Ε.
1138 4690 1166 4702 -
1205 4665 1231 4714 d.
1252 4667 1410 4726 eaiepectcre
1430 4662 1466 4712 Μ.
1489 4685 1519 4698 -·

197 4740 241 4788 10.
260 4737 393 4800 reprendit
409 4745 545 4799 praetereo
564 4739 608 4801 331
627 4737 664 4786 Μ.
683 4761 717 4770 -
744 4738 786 4786 11.
805 4739 971 4784 immunitam
989 4734 1026 4782 Μ.
1046 4759 1079 4767 -
1108 4733 1152 4784 13.
1172 4735 1277 4798 reliquie
1296 4733 1333 4784 Μ.
1356 4755 1383 4766 -
1414 4731 1522 4782 1333

196 4809 312 4858 11331133
325 4821 382 4857 enm
394 4808 508 4857 homines
520 4821 628 4858 3333333
640 4807 676 4858 Μ.
700 4833 728 4843 -
751 4807 793 4856 17.
812 4805 914 4855 concute
933 4805 969 4860 Μ,
989 4804 1120 4853 consulere
1139 4805 1168 4853 B.
1188 4830 1220 4838 -
1241 4805 1284 4853 17.
1303 4804 1467 4865 propositum
1480 4801 1521 4853 hl:

194 4877 361 4941 33311331.
394 4899 425 4912 -
460 4877 591 4927 arbitrari
610 4878 655 4928 hl:
676 4875 876 4926 331113313311.
901 4899 930 4912 -·
970 4875 1012 4924 19.
1034 4883 1057 4923 13
1075 4881 1103 4923 31
1123 4899 1134 4910 -
1151 4901 1161 4910 -
1180 4874 1294 4936 31133313
1313 4873 1334 4922 Ι.
1355 4873 1399 4921 Fr.
1419 4872 1522 4922 Grono-

198 4950 277 4999 vius:
303 4953 327 4998 et
345 4953 404 4995 31·
422 4973 432 4985 ·
451 4946 537 5012 133313
556 4947 615 4996 ΜΕ.
641 4947 856 4997 -18.11311333
872 4945 910 4997 Μ.
926 4969 956 4980 -
976 4945 1299 4995 19.33Μ1333133Μ.-
1322 4943 1366 4992 lo.
1382 4943 1457 4991 Ρ3133
1467 4946 1522 4992 tom

197 5017 252 5067 del.
277 5017 476 5066 Ε33331133.-
513 5026 574 5067 unte
601 5025 626 5067 te
653 5015 852 5084 Wopkensius:
884 5023 946 5066 onte
971 5014 1030 5068 ΜΕ.
1057 5039 1091 5050 -
1126 5015 1170 5064 ll.
1192 5009 1356 5078 oppresserit]
1384 5016 1469 5076 operis
1487 5015 1522 5063 eit

197 5087 241 5139 nt.
264 5111 293 5123 -·
330 5087 429 5136 scidam
446 5087 491 5140 hl:
510 5087 636 5138 3311131333
654 5085 685 5138 11.
