3656 5868
303 405 344 468 tn
733 399 1010 464 EPlS'iOLAllUM
1032 401 1084 464 tn
1106 399 1198 464 ΕΔΜ.

301 560 444 646 lugeres,
467 565 628 648 potestate.
673 557 735 635 Qui
757 557 784 622 si
798 556 889 623 iacllc
901 575 1052 641 passurus
1066 565 1150 622 esset
1170 565 1201 622 te
1223 562 1381 621 carentem
1396 555 1495 642 patria
1515 566 1546 622 et
1565 555 1630 621 lor·

301 655 384 721 tuuis
406 653 469 720 tuis
492 653 598 739 quiete
620 663 651 719 et
672 651 772 718 libare
794 651 920 724 rivere,
951 649 1151 734 cogitandum
1171 648 1227 715 tibi
1246 657 1349 715 nmen
1367 657 1449 715 esset
1472 654 1631 716 Romaene

301 757 333 814 et
353 747 440 814 domi
461 756 549 823 tuae,
572 745 761 813 cuicuimodi
777 765 830 811 res
851 753 950 818 esset,
972 764 1012 808 an
1024 742 1179 833 Mytilenis
1197 752 1252 809 ant
1267 742 1368 810 Rhodi
1390 744 1498 810 malles
1512 743 1632 810 visera.

301 842 364 908 Sed
386 862 457 909 cum
479 841 522 906 ita
543 841 604 907 late
624 847 729 928 pateat
755 839 824 904 eins
846 846 1000 925 potestas,
1023 858 1119 925 quem
1145 857 1308 913 veremur,
1342 846 1377 903 ut
1399 848 1556 904 terrarum
1578 857 1632 903 or·

277 934 374 1001 sbem
391 935 556 1022 complexa
577 934 632 1010 sit,
656 953 759 1000 nonne
782 931 880 999 mavia
902 932 970 997 sinc
991 931 1133 1018 periculo
1155 941 1227 997 tuae
1249 931 1335 998 domi
1350 951 1535 1020 essequam
1557 953 1629 998 cnm

300 1029 443 1118 periculo
465 1028 606 1094 alienae?
633 1026 803 1114 Equidem,
837 1024 957 1092 etiamsi
979 1023 1155 1112 oppetenda
1177 1045 1265 1091 mors
1286 1035 1388 1101 esset,
1421 1025 1508 1092 domi
1536 1035 1630 1112 atqua

300 1123 332 1188 in
352 1122 452 1210 patria
474 1123 599 1188 mallem
615 1143 709 1210 quam
729 1119 762 1186 in
781 1120 920 1186 externis
941 1129 1034 1207 atque
1055 1118 1166 1185 alienis
1189 1119 1278 1186 locis.
1321 1123 1390 1186 lloc
1403 1119 1487 1184 idem
1509 1137 1629 1194 omues,

300 1217 355 1306 qui
376 1227 407 1284 te
430 1215 578 1302 diligunt,
607 1214 759 1282 sentiunt:
790 1235 927 1302 quorum
948 1222 996 1278 est
1018 1233 1129 1300 magna
1150 1233 1211 1300 pro
1241 1213 1303 1279 tuis
1326 1213 1471 1280 maximis
1495 1213 1632 1279 clarissi-

300 1312 422 1400 misque
442 1308 610 1376 virtutibus
631 1306 809 1374 multitudo.
858 1311 889 1375 5.
910 1306 1070 1372 Habemus
1095 1307 1189 1373 etiam
1218 1307 1371 1374 rationem
1399 1307 1447 1373 rei
1467 1307 1630 1374 familiaris

264 1418 388 1480 aetnae,
410 1426 505 1493 qnam
530 1402 675 1489 dissipari
700 1402 857 1468 nolumus.
910 1406 987 1468 Nam
1010 1401 1069 1468 etsi
1095 1401 1212 1469 nullam
1243 1411 1348 1490 potest
1381 1402 1523 1490 accipere
1550 1402 1631 1468 iniu-

300 1499 397 1575 riam,
434 1519 515 1590 quae
531 1497 637 1563 lutura
657 1505 809 1583 perpetua
833 1494 889 1571 sit,
923 1507 1108 1583 propterea,
1144 1493 1230 1584 quod
1257 1516 1360 1582 neque
1389 1495 1432 1570 is,
1470 1495 1525 1584 qui
1546 1505 1631 1562 tenet

299 1613 368 1660 rem
385 1590 558 1680 publicam,
580 1590 718 1676 patietur
739 1609 842 1676 neque
868 1589 936 1676 ipsa
951 1611 1003 1656 res
1025 1587 1169 1677 publica:
1192 1599 1296 1656 tamen
1322 1589 1474 1676 impetum
1494 1587 1631 1675 praedo-

299 1707 375 1752 num
395 1685 428 1751 in
452 1697 521 1752 tuas
541 1683 683 1750 fortunas
702 1682 771 1749 lieri
788 1683 873 1750 nolo.
916 1683 957 1750 Mi
972 1691 1078 1749 autem
1093 1683 1149 1770 qni
1164 1694 1283 1759 essent,
1306 1683 1457 1750 auderem
1479 1681 1629 1754 sambore,

299 1779 359 1845 nisi
379 1789 410 1846 te
428 1778 604 1863 intelligere
629 1774 831 1844 confiderem.
874 1783 905 1844 6.
928 1777 986 1843 llic
1003 1785 1033 1843 te
1047 1778 1142 1843 unius
1157 1776 1402 1853 sollicitudines,
1424 1777 1518 1844 unius
1536 1776 1629 1842 etiam

174 1844 202 1978 Ᾰ
221 1858 254 1954 Ᾰ
264 1893 291 1934 as
299 1873 415 1940 multae
439 1885 471 1938 et
489 1871 633 1938 assiduae
655 1869 802 1966 lacrimae
816 1875 850 1938 C.
865 1871 1021 1947 Marcelli,
1044 1871 1150 1956 irat-ris
1170 1861 1310 1960 optimis
1322 1872 1546 1958 deprecantur:
1571 1891 1629 1937 nos

299 1985 374 2033 cura
397 1976 428 2032 et
450 1965 561 2031 dolore
590 1963 729 2052 proximi
756 1987 879 2041 sumus,
916 1964 1063 2052 precibus
1092 1965 1263 2042 tardiores,
1297 1965 1383 2054 quod
1405 1965 1455 2030 ins
1476 1963 1627 2036 adeundi.

298 2081 370 2126 cum
392 2057 451 2146 ipsi
471 2060 693 2146 deprecatione
714 2059 912 2145 eguerimus,
946 2080 1010 2125 uon
1032 2058 1193 2126 babemus.
1249 2059 1354 2127 Gratia
1377 2069 1495 2126 mutum
1517 2079 1628 2144 possu-

286 2175 384 2230 mus,
407 2164 558 2240 quantum
587 2153 676 2226 victi:
699 2153 755 2218 sed
779 2160 883 2218 umen
905 2153 1057 2228 consilio,
1080 2153 1184 2226 studio
1206 2155 1353 2222 Marcello
1383 2175 1446 2221 non
1469 2153 1628 2220 dommus.

298 2253 323 2316 Δ
346 2247 407 2314 tuis
428 2247 559 2338 reliquis
580 2267 645 2313 non
666 2245 869 2325 adhibemur:
891 2247 931 2314 ad
952 2247 1057 2314 omnia
1077 2248 1177 2334 parati
1199 2269 1318 2315 sumus.

259 2416 289 2460 ,0
768 2390 848 2452 run
892 2385 940 2471 (s.
966 2389 999 2454 o.
1022 2391 1055 2455 c,
1077 2387 1163 2472 aas.)

640 2503 683 2566 u.
705 2500 849 2567 oceno
871 2502 904 2566 s.
925 2504 963 2564 n.
986 2504 1027 2567 u.
1049 2501 1273 2568 uanemo.

186 2605 207 2711 ῤ’
384 2625 413 2688 1.
440 2625 548 2710 Neque
575 2641 707 2687 monere
728 2628 760 2685 te
784 2619 887 2688 audeo
910 2621 1079 2707 praestanti
1106 2619 1272 2708 prudentia
1300 2621 1402 2688 vinam
1429 2643 1488 2689 nec
1513 2621 1627 2690 condr-

298 2737 386 2782 mare
402 2715 530 2781 maximi
548 2713 644 2781 animi
658 2714 818 2798 bominem
840 2735 1003 2802 unumque
1022 2715 1243 2792 lortissimum,
1266 2717 1424 2782 consolari
1441 2737 1518 2783 vcro
1538 2717 1626 2784 nullo

297 2811 404 2876 modo.
446 2815 524 2875 Nam
544 2809 571 2874 si
594 2829 647 2883 ea,
670 2827 750 2896 quae
773 2808 966 2882 acciderant,
990 2808 1135 2884 italam,
1165 2817 1202 2876 nt
1222 2810 1333 2884 audio,
1356 2811 1506 2897 gratulari
1528 2811 1626 2896 magis

260 2901 403 2970 savirtnti
425 2903 527 2969 debeo
549 2924 642 2990 quam
666 2902 823 2970 consolari
843 2901 988 2969 dolorem
1005 2913 1113 2983 tnnm;
1136 2902 1185 2970 sin
1199 2910 1230 2968 te
1249 2911 1332 2969 muta
1355 2904 1435 2970 mala
1457 2905 1505 2971 rei
1524 2903 1627 2992 publi-

297 3017 352 3064 cae
373 2997 536 3084 lrangunt,
558 3017 622 3062 non
642 2993 684 3061 ita
705 2995 832 3063 abundo
852 2996 1000 3082 ingenio,
1022 3005 1058 3063 ut
1073 3005 1105 3063 te
1123 2998 1289 3073 consoler,
1312 3019 1383 3063 cum
1405 2998 1473 3085 ipse
1494 3019 1545 3064 me
1559 3019 1625 3065 non

296 3081 424 3178 possim.
476 3091 641 3178 lleliquum
670 3099 717 3157 est
741 3091 854 3177 igitur,
890 3097 926 3157 ut
953 3089 1010 3158 tibi
1042 3113 1093 3158 me
1115 3092 1148 3158 in
1179 3091 1265 3157 omni
1294 3111 1331 3156 re
1357 3111 1431 3158 enm
1456 3090 1626 3178 praebeam

295 3196 516 3273 praestemque
538 3183 629 3250 etad
650 3183 771 3258 onmia,
794 3205 875 3273 quae
896 3185 942 3251 tui
967 3185 1081 3260 velint,
1103 3187 1147 3252 ita
1169 3185 1228 3251 sim
1250 3195 1392 3271 praesto,
1425 3194 1461 3252 ut
1483 3207 1534 3251 me
1562 3206 1625 3251 non

296 3279 399 3345 solnm
423 3279 528 3345 omnia
552 3277 670 3344 debere
687 3287 740 3344 tna
756 3299 869 3355 cansa,
891 3278 947 3344 sed
968 3299 1004 3344 ea
1026 3300 1172 3368 quoque,
1195 3277 1288 3345 etiam
1311 3301 1392 3367 qnae
1414 3300 1476 3346 non
1495 3280 1624 3368 possim

259 3385 413 3459 saputem.
455 3377 486 3438 i.
508 3371 590 3440 Illud
611 3381 715 3438 tamen
734 3373 784 3438 vel
808 3383 843 3439 tn
866 3393 917 3440 me
941 3374 1102 3440 monuisse
1128 3373 1178 3438 vel
1196 3373 1354 3439 censuisse
1374 3383 1449 3461 puta
1473 3374 1522 3440 vel
1550 3395 1625 3461 pro-

295 3475 366 3553 pter
386 3465 635 3532 benevolentiam
657 3475 762 3532 tacere
784 3486 847 3533 non
867 3467 1024 3554 potuisse,
1045 3474 1098 3540 ut,
1121 3465 1208 3553 quod
1227 3487 1287 3552 ego
1314 3467 1412 3542 iacio,
1442 3477 1475 3534 tu
1497 3487 1625 3554 quoque

296 3559 437 3626 animum
451 3559 596 3636 inducas,
616 3561 643 3625 si
661 3560 701 3626 sit
718 3559 821 3648 aliqua
835 3581 887 3625 res
899 3558 1039 3647 publica,
1050 3563 1082 3625 in
1094 3581 1131 3625 ea
1146 3569 1176 3626 te
1191 3581 1261 3627 esse
1273 3571 1422 3649 oportere
1437 3561 1555 3627 iudicio
1569 3561 1626 3626 bo-

297 3659 416 3719 minum
432 3674 532 3740 reque
543 3653 732 3741 principem,
754 3653 938 3720 necessitate
950 3654 1112 3719 cedentem
1123 3655 1274 3742 tempori:
1297 3656 1346 3722 sin
1365 3664 1469 3722 autem
1480 3655 1564 3720 nulla
1575 3654 1624 3730 sit,

297 3746 380 3812 bunc
393 3756 494 3812 tamen
506 3747 700 3834 aptissimum
712 3768 781 3814 esse
790 3747 883 3812 etiam
897 3746 938 3813 ad
950 3748 1156 3814 exsulandum
1169 3749 1284 3815 locum.
1307 3749 1339 3814 Si
1356 3753 1438 3815 enim
1449 3748 1625 3814 libertatem

169 3907 174 3923 ,
259 3830 552 3929 assequimur,(qui
577 3843 664 3908 locus
687 3840 747 3907 boc
764 3840 925 3907 dominatu
947 3843 1126 3930 vacatllsin
1140 3843 1389 3930 qualemcunque
1405 3843 1518 3916 locum,
1532 3849 1623 3930 (qqao

296 3944 344 4001 est
364 3935 533 4002 domestica
549 3937 622 4003 sede
639 3927 835 4046 iucundior)
854 3934 915 4002 Sed
935 3936 1011 4002 mibi
1028 3937 1143 4012 crede,
1167 3937 1261 4003 etiam
1276 3937 1319 4012 is,
1343 3942 1396 4025 qui
1409 3937 1515 4004 omnia
1530 3946 1623 4010 tenet,

296 4030 379 4097 lavet
396 4030 543 4117 ingeniis:
566 4030 759 4098 nobilitatem
782 4051 860 4096 vero
875 4040 907 4096 et
922 4029 1088 4117 dignitates
1110 4031 1462 4120 bominum,(quantum
1477 4032 1506 4097 ei
1525 4051 1575 4096 rea
1593 4040 1625 4097 et

194 4148 213 4178 a
296 4121 394 4211 ipsius
411 4145 504 4190 causa
525 4117 694 4214 concedit.)
716 4125 921 4212 amplectitur.
967 4125 1030 4191 Sed
1057 4127 1148 4213 plura
1183 4146 1277 4213 quam
1305 4135 1484 4193 statueram.
1517 4124 1624 4190 ltedeo

189 4209 209 4226 ¹*
296 4237 374 4303 ergo
394 4216 434 4282 ad
457 4239 556 4284 unum
576 4217 667 4291 illud,
690 4240 740 4284 me
761 4227 849 4286 tuum
871 4241 956 4292 esse,
978 4220 1048 4286 lore
1070 4240 1141 4286 cum
1163 4219 1241 4294 tuis,
1272 4219 1415 4286 simodo
1447 4229 1541 4286 erunt
1560 4219 1622 4292 tui,

258 4312 323 4378 assi
344 4311 464 4388 minus,
494 4333 545 4378 mc
566 4321 651 4378 certe
673 4317 705 4378 in
733 4312 878 4380 omnibus
905 4312 1001 4380 rebus
1023 4313 1097 4380 satis
1125 4320 1251 4380 nostrae
1273 4313 1485 4380 coniunctioni
1506 4312 1624 4380 amori-

296 4427 358 4493 que
380 4405 546 4472 lacturom.
588 4407 676 4474 Vale.

363 4589 390 4639 3.
416 4591 571 4640 culcetamds'
589 4603 643 4644 ma.
666 4591 770 4652 ltapatt.
798 4589 893 4640 bamb.
925 4595 953 4640 et
978 4589 1147 4641 Gronovius:
1177 4590 1321 4642 modi
1347 4591 1408 4644 ΙΕ.
1430 4615 1460 4631 -
1487 4592 1621 4656 Mytilenis

296 4657 341 4708 bl:
360 4659 494 4724 Mitylenis
512 4661 543 4711 ll.
565 4683 594 4696 -
615 4657 709 4722 mucre]
727 4660 814 4711 ctum
831 4660 868 4713 M.
889 4683 920 4696 -
957 4661 985 4712 5.
1003 4669 1065 4712 tuos
1081 4662 1153 4711 dorni
1170 4660 1216 4711 Mt
1235 4662 1308 4712 domi
1325 4670 1387 4712 tuos
1405 4660 1437 4713 ll.
1458 4686 1489 4698 -
1509 4665 1550 4713 1⁰.
1569 4675 1620 4726 ρο-

295 4733 332 4778 tas
352 4728 400 4778 Va.
421 4755 453 4766 -·
489 4730 534 4780 28·
554 4736 578 4780 st
597 4729 766 4781 Lambinus:
786 4737 816 4780 ut
835 4731 893 4782 Mil.
915 4754 946 4767 -
982 4733 1032 4781 sim
1050 4731 1094 4783 M:
1114 4731 1200 4781 malm
1220 4732 1248 4782 ll.
1270 4755 1301 4769 -
1338 4734 1381 4784 29.
1402 4739 1449 4783 tua
1466 4747 1556 4788 causo,
1576 4732 1620 4782 ssd

293 4811 375 4847 causo
393 4813 492 4864 quoque
510 4800 554 4860 M,
574 4806 622 4850 nso
640 4813 738 4855 conso.
771 4814 838 4864 quos
854 4801 967 4862 possim,
985 4801 1029 4853 aad
1047 4816 1078 4853 sa
1096 4815 1195 4866 quoqne
1213 4801 1457 4866 Mariani-Lagona
1478 4817 1540 4852 cum
1560 4803 1607 4856 Vb.

295 4867 330 4989 qq
341 4881 395 4932 qna
413 4876 454 4992 epp
469 4883 584 4933 possam.
600 4891 630 4906 -
650 4870 694 4921 30.
714 4875 802 4921 tomas
818 4870 893 4921 unua
910 4885 950 4924 ms
968 4872 1005 4925 M.
1021 4895 1052 4910 ··
1071 4871 1115 4924 32.
1135 4870 1279 4936 lominum]
1292 4875 1407 4924 amatam
1419 4873 1618 4924 Lambinus.-

332 4972 339 4988 .
358 4951 405 4998 sao
453 4973 462 4989 .
