3668 5936
328 455 391 518 468
825 457 885 520 ΕΡ.
905 459 958 522 dl)
980 459 1154 522 ATTlCUM

327 635 449 681 nenses.
508 616 609 692 Quam
632 634 760 688 vereor,
791 635 831 680 ne
853 613 929 702 quid
951 613 1046 680 inerit
1068 615 1328 703 σπουδαιότερον
1350 615 1380 682 iu
1402 616 1457 691 iis.
1487 639 1567 704 quas
1590 641 1658 684 non

326 708 448 795 accepi,
480 706 596 796 quibus
624 706 756 772 rescribi
787 707 848 774 visi
892 713 923 774 3.
950 707 1040 794 Apud
1071 707 1236 774 Lentulum
1265 730 1379 796 ponam
1402 720 1431 775 te
1454 711 1485 774 in
1508 712 1657 796 gratiam.

325 803 493 890 Dionysius
522 800 615 867 nobis
643 800 731 866 cordi
761 811 817 867 est.
874 801 1010 866 Nicanor
1038 812 1109 867 tune
1138 823 1265 888 operam
1295 803 1370 870 mibi
1406 804 1457 869 dat
1479 805 1656 890 egregiam.

325 903 390 963 lam
422 894 524 970 deest,
566 894 651 979 quod
682 893 840 974 scribam;
876 906 907 961 et
935 897 1027 961 lueet.
1080 901 1292 962 Beneventum
1329 897 1503 982 cogitabam
1543 899 1654 965 bodio.

302 995 399 1066 e‚.De
427 1000 534 1055 nostra
556 989 746 1054 continentia
768 999 799 1054 et
821 988 981 1075 diligentia
1004 1009 1073 1054 esso
1094 989 1210 1056 satis:”
1232 997 1294 1057 -i
1315 997 1475 1058 Faciemus
1497 994 1582 1063 satis.
1624 1001 1653 1059 ,t

324 1088 451 1158 Pontio,
475 1104 515 1148 ex
536 1081 714 1149 Trebulano
735 1105 763 1149 n.
785 1084 816 1149 d.
838 1103 871 1150 v.
894 1083 938 1151 ld.
961 1083 1033 1149 Mai.

795 1227 848 1289 ru
891 1227 946 1308 (A.
972 1227 1004 1289 n.
1027 1228 1058 1290 c.
1081 1223 1175 1310 roa.)

806 1348 949 1412 CICERO
970 1348 1114 1413 ATTICO
1137 1350 1168 1412 S.

408 1466 435 1527 1.
464 1467 676 1527 Beneventum
697 1459 769 1524 veni
792 1479 819 1524 a.
842 1457 872 1523 d.
895 1478 928 1523 v.
950 1458 995 1524 ld.
1017 1459 1089 1524 Mai.
1138 1457 1184 1523 Ibi
1207 1459 1313 1545 occepi
1335 1482 1389 1526 eas
1409 1461 1544 1536 litteras,
1567 1487 1649 1551 quas

284 1565 356 1621 sotu
377 1553 596 1640 superioribus
623 1553 734 1619 littoris
762 1551 993 1640 significaveras
1021 1562 1052 1617 te
1079 1552 1220 1632 dedisse;
1257 1554 1295 1619 ad
1325 1577 1402 1642 quus
1430 1577 1490 1641 ego
1512 1557 1582 1644 ipso
1604 1581 1647 1624 eo

320 1649 371 1716 die
392 1649 539 1715 dederam
569 1669 610 1713 ex
643 1646 822 1713 Trebulano
850 1669 868 1712 a
890 1647 1013 1714 Pontio.
1056 1653 1099 1712 Ae
1125 1645 1214 1712 binas
1236 1647 1362 1734 quidem
1384 1658 1453 1716 tuas
1473 1655 1647 1718 Beneventi

227 1779 233 1786 ·
318 1744 434 1831 accepi.
491 1747 633 1822 Quarum
664 1743 777 1808 alteras
804 1741 1011 1808 Funisulanus
1044 1741 1142 1808 multo
1170 1762 1260 1806 mane
1289 1741 1364 1806 mibi
1393 1742 1496 1818 dedit,
1530 1746 1645 1812 alteras

213 1884 228 1911 2..
317 1837 419 1918 scriba
441 1838 569 1904 Tullius.
621 1835 803 1903 Gratissima
826 1845 872 1901 est
901 1833 977 1900 mibi
999 1844 1051 1900 tua
1072 1855 1147 1900 cura
1169 1833 1208 1900 de
1229 1834 1285 1900 illo
1307 1855 1379 1902 meo
1401 1821 1504 1922 primo
1526 1848 1558 1904 ct
1578 1861 1647 1904 ma-

212 1919 223 1944 *
316 1933 404 1998 ximo
427 1931 584 1998 mandato.
627 1930 688 1996 Sed
715 1939 767 1996 tua
795 1929 949 2017 protectio
981 1949 1068 2015 spem
1090 1949 1192 1994 meam
1214 1927 1365 1995 debilitat
1408 1931 1496 2011 †Ac
1519 1953 1568 1996 me
1589 1933 1644 1998 ille

281 2024 393 2091 millud
421 2025 548 2113 quidem
582 2023 684 2098 labat,
718 2046 781 2089 non
816 2045 896 2109 quo;
930 2022 986 2087 sed
1014 2022 1119 2109 iuopia
1150 2023 1294 2108 cogimur
1323 2045 1361 2090 eo
1389 2026 1526 2090 contenti
1561 2048 1643 2092 esse.

316 2124 346 2184 2.
369 2125 415 2185 De
437 2119 491 2185 illo
513 2117 629 2191 altero,
653 2139 746 2204 quom
767 2117 880 2182 seribis
904 2115 958 2180 tibi
973 2115 1074 2180 visum
1097 2137 1166 2182 esse
1188 2138 1251 2182 nou
1272 2117 1428 2192 ebenum.
1451 2140 1567 2184 vereor
1587 2121 1642 2186 ad·

315 2213 387 2279 duci
409 2224 444 2278 ut
464 2223 569 2278 nostra
593 2211 706 2298 possit;
729 2221 760 2275 et
781 2221 814 2276 tu
836 2211 882 2275 ais
897 2210 1154 2293 δυςὸιάγνωστον
1177 2231 1255 2276 esse.
1298 2212 1452 2299 Equidem
1474 2235 1543 2279 sum
1564 2214 1641 2280 iaci-

314 2306 370 2384 lis;
392 2305 446 2371 scd
477 2315 510 2370 tu
539 2304 660 2378 aberis,
697 2306 761 2385 †et
782 2325 832 2368 mo
854 2301 981 2368 absente
1003 2324 1064 2368 res.
1106 2303 1244 2370 Habebis
1266 2305 1329 2370 mei
1350 2307 1515 2374 rationem.
1563 2313 1639 2374 liam

314 2410 421 2484 posset
442 2397 573 2486 aliquid.
596 2399 622 2463 si
644 2396 764 2463 utervis
787 2402 929 2462 nostrrtm
957 2394 1095 2470 adesset,
1126 2409 1236 2482 agente
1258 2400 1410 2476 Servilia,
1437 2401 1547 2466 Servio
1570 2401 1640 2468 lieri

275 2491 488 2579 reprobabile.
537 2497 638 2564 Nunc.
668 2491 694 2556 si
724 2490 785 2555 iarn
814 2511 866 2555 res
895 2490 1029 2576 placeat,
1065 2491 1176 2575 agendi
1205 2501 1308 2559 tamen
1338 2494 1419 2559 viem
1448 2515 1511 2560 non
1534 2495 1639 2563 video.

314 2589 344 2651 2.
367 2592 453 2652 Nunc
475 2585 567 2651 venio
590 2583 628 2650 ad
650 2585 735 2651 illam
758 2584 938 2671 epistolam,
965 2606 1059 2671 qnam
1081 2585 1188 2672 aocepi
1210 2607 1227 2650 n
1249 2587 1363 2653 Tullio.
1406 2593 1452 2654 De
1473 2591 1637 2666 Marcello,

314 2679 415 2746 iecisti
442 2679 617 2766 diligenter.
668 2679 768 2764 lgitur
794 2687 919 2743 senatus
946 2678 1122 2745 consultum
1151 2680 1178 2746 si
1208 2685 1268 2745 erit
1289 2681 1419 2755 iactum,
1456 2682 1575 2750 scribes
1596 2685 1639 2751 ad

313 2795 381 2852 me;
403 2774 450 2840 sin
472 2775 590 2848 minus,
612 2794 680 2838 rem
703 2781 806 2838 umen
828 2770 984 2838 conficies.
1026 2771 1103 2838 Mihi
1125 2778 1208 2838 enim
1227 2773 1354 2840 attribui
1372 2776 1538 2863 oportebit,
1561 2778 1636 2844 item

311 2866 434 2934 Bibulo.
478 2866 540 2934 Sed
562 2889 624 2933 nou
646 2865 773 2942 dubito,
796 2866 871 2953 quin
894 2867 1214 2933 senatusconsultum
1237 2868 1419 2954 expeditum
1440 2871 1494 2946 sit,
1517 2872 1637 2962 inquo

274 2961 496 3048 repraesertim
524 2965 564 3027 sit
590 2958 808 3046 compendium
839 2959 958 3046 populi.
1010 2964 1057 3025 De
1080 2965 1255 3048 Torquato.
1286 2960 1397 3048 probe.
1439 2969 1484 3030 De
1506 2971 1636 3031 Masone

311 3065 343 3122 et
363 3057 495 3142 bigam,
518 3075 590 3120 cum
613 3054 764 3121 venerint.
807 3059 854 3120 ne
875 3054 945 3129 illo,
974 3053 1060 3142 quod
1082 3054 1293 3142 Chaerippus:
1315 3056 1462 3143 quoniam
1484 3058 1534 3124 bio
1555 3081 1637 3148 quo-

381 3277 407 3326 1.
428 3273 523 3340 mam]
547 3275 669 3341 guaebl.
691 3300 719 3312 -
757 3276 844 3339 suerat
871 3288 911 3338 pr.
930 3274 973 3334 tt.
997 3274 1045 3340 fiat
1063 3287 1135 3324 corr.
1156 3273 1193 3325 bl.
1215 3298 1245 3311 -
1281 3275 1309 3324 tl.
1328 3276 1377 3325 uic.
1413 3277 1550 3327 Lmtrdum
1567 3279 1633 3338 tn,

309 3347 475 3396 uiolentuto
493 3348 525 3397 ll.
576 3343 663 3408 (Apud
682 3345 795 3396 inseruit
820 3343 975 3408 Victorius.)
1006 3370 1038 3380 -
1076 3343 1111 3409 te]
1141 3352 1222 3394 tecum
1241 3343 1262 3394 l.
1292 3371 1321 3381 -
1358 3347 1495 3410 ingratia
1515 3349 1633 3400 malebat

310 3417 458 3468 Ernestine.
496 3416 550 3468 Cir.
572 3415 748 3465 lieud‘l'ure.
768 3415 817 3464 lll.
839 3430 865 3478 p.
885 3415 946 3464 307.
978 3440 1005 3451 -
1046 3415 1073 3464 3.
1092 3416 1140 3465 dat
1163 3428 1176 3464 e
1197 3416 1284 3478 grecia
1302 3414 1339 3465 Μ.
1362 3439 1392 3451 -
1427 3416 1454 3465 lt.
1474 3419 1629 3481 quidldttl.

310 3484 442 3545 (Correxit
460 3484 629 3546 Lambinus.)
662 3508 688 3518 -
727 3487 786 3536 licet
804 3485 849 3536 tit.
881 3508 911 3520 -
948 3483 1121 3534 Beneventum
1140 3485 1254 3534 Bostar:
1274 3485 1399 3534 Beneuen.
1420 3485 1478 3547 (eie)
1497 3487 1534 3546 l',
1552 3489 1632 3538 aene-

308 3559 379 3607 oenti
395 3557 491 3608 Mttttt.
507 3582 539 3592 -
557 3555 705 3620 cogitabam
722 3557 807 3606 bodie.
839 3555 894 3604 nile
910 3560 1003 3604 martra
1020 3556 1182 3605 continentia
1198 3561 1224 3604 et
1241 3554 1379 3619 diligentia
1397 3568 1448 3607 erse
1465 3561 1546 3607 rotie:
1556 3559 1630 3610 ”-i

308 3624 528 3684 Faaicmrucatie·
549 3627 569 3676 A
588 3626 718 3677 Orelliuet
738 3627 885 3691 cogitabam
903 3625 950 3674 boa
961 3625 992 3674 de
1010 3633 1102 3675 nostra
1119 3626 1281 3674 continentia
1299 3632 1323 3674 et
1336 3626 1473 3689 diligentia
1490 3641 1541 3678 ecee
1554 3631 1626 3677 entia.

307 3699 430 3760 iaciemus
446 3700 512 3748 earo
529 3711 547 3746 a
564 3695 706 3756 millii,
724 3695 872 3760 cogitabam
890 3695 974 3744 bodie.
1010 3701 1103 3744 nostra
1121 3710 1143 3744 c.
1163 3700 1187 3745 et
1205 3695 1342 3760 diligentia
1359 3709 1410 3745 esee
1430 3698 1627 3762 satiasaeiemur.

308 3766 383 3816 satir.
408 3769 427 3817 Α
448 3772 557 3818 auctore
577 3767 656 3815 Basia
676 3767 711 3826 li,
740 3766 886 3830 cogitabam
902 3763 985 3813 bodie.
1022 3764 1119 3815 Norica
1137 3779 1160 3814 c.
1179 3771 1203 3815 et
1222 3765 1247 3813 d.
1267 3766 1455 3829 satisfaciemus
1472 3770 1577 3817 eunetis.
1606 3769 1628 3817 A

308 3842 418 3888 enatare
444 3837 559 3888 Graecia
577 3835 744 3886 Sebaetatnr.
775 3834 843 3897 (soe
854 3859 865 3872 ·
877 3857 887 3872 ·
898 3834 984 3884 ratie”
1004 3837 1085 3885 verbe
1099 3835 1259 3885 euntAttiei.
1284 3835 1429 3886 Cinctum
1444 3837 1512 3888 inira
1528 3853 1553 3902 p.
1565 3838 1626 3888 180.

307 3907 451 3966 v.³³.)-
478 3908 689 3959 comebant.
708 3931 736 3943 -
773 3907 815 3955 to.
828 3903 1165 3968 1ρεεεο11,οοι’ριοκ.-
1195 3903 1387 3967 tt.a1’ontio]
1400 3907 1429 3954 1..
1442 3907 1537 3958 Pontio
1553 3909 1625 3958 nur.

308 3977 479 4040 (Emendauit
489 3973 649 4038 bisuntine.)
665 4001 694 4012 -
716 3971 785 4040 tuae]
797 3975 865 4025 aliae
880 3973 997 4024 malebat
1009 3975 1156 4024 Ernestiua.
1174 3997 1204 4010 -
1225 3973 1268 4023 12.
1279 3974 1510 4036 Fuaiuculaaurlt‚
1526 3979 1626 4028 Ferula-

306 4049 394 4098 mul.
417 4073 447 4086 -
485 4048 528 4098 13.
546 4062 603 4098 men
622 4061 675 4098 am.
697 4047 728 4096 li.
752 4069 779 4080 -
817 4043 1049 4095 mammona·
1085 4044 1129 4095 tc.
1148 4045 1278 4094 mandatu
1297 4058 1337 4108 pr.
1356 4045 1394 4095 tt.
1417 4072 1436 4081 -
1476 4048 1627 4098 Acmeilie

305 4119 372 4169 iliad
389 4121 492 4183 quidcem
510 4119 590 4184 (gaad
607 4115 648 4180 Ζ.)
667 4117 741 4167 tabat
757 4130 812 4166 aaa
830 4113 909 4165 XYZ:
929 4129 961 4166 aa
977 4129 1017 4166 me
1033 4115 1078 4165 iile
1094 4115 1161 4164 iliud
1177 4128 1232 4164 noa
1249 4113 1319 4174 tta,
1337 4128 1368 4164 oc
1384 4129 1424 4166 me
1441 4117 1507 4166 iilud
1525 4119 1626 4182 quidem

305 4190 379 4241 labat
396 4204 449 4252 aare
468 4190 479 4239 l
498 4194 525 4240 ct
543 4203 597 4252 mg.
616 4188 661 4247 tt,
681 4190 717 4238 ria
733 4201 772 4237 me
790 4186 847 4236 ilie:
866 4185 927 4235 illuc
944 4185 1046 4249 guidem
1063 4184 1154 4246 labar,
1172 4197 1227 4234 aaa
1244 4189 1353 4235 auctore
1373 4185 1452 4236 llosio
1473 4186 1502 4238 Ε.
1542 4187 1623 4250 (Fari.

304 4260 341 4311 Ac
357 4260 534 4311 meilieilluc.
572 4259 637 4309 illuc
654 4259 699 4321 qui
721 4257 817 4308 labari
835 4256 894 4306 Nou
911 4269 985 4320 quem
1022 4255 1072 4306 Sed
1089 4260 1141 4305 cet.
1178 4253 1234 4305 Cir.
1254 4255 1409 4305 Graeciam.
1429 4255 1493 4316 On.)
1514 4281 1544 4293 -
1574 4272 1625 4322 quo

304 4333 409 4390 auimo,
435 4331 479 4381 ced
505 4330 526 4380 1.
559 4355 590 4368 -
628 4329 671 4380 17.
690 4335 714 4379 et
734 4334 764 4378 tu
789 4328 830 4377 aie
856 4325 1016 4386 Turnebus,
1045 4329 1086 4386 et,
1114 4325 1167 4375 niel
1198 4324 1226 4374 ln
1254 4324 1419 4376 conserenda
1443 4329 1545 4387 erravi,
1571 4329 1625 4377 iam

304 4401 345 4451 lia
358 4410 382 4452 et
393 4403 445 4452 tuis
455 4401 506 4456 Ml.
519 4405 544 4451 et
555 4406 586 4450 ut
602 4401 641 4450 uie
651 4397 704 4447 rtt.
717 4423 750 4434 -
768 4393 1003 4462 δυσδιάγνωστον
1014 4391 1209 4462 (δυςγνωστον
1216 4392 1261 4458 ll.)
1271 4409 1331 4446 ecre·
1343 4396 1468 4460 Equidem
1479 4411 1536 4446 aum
1544 4398 1622 4448 billi:

191 4469 192 4472 ’
302 4469 540 4538 δυσδιάγνωστον
565 4477 628 4520 ercet
651 4469 754 4532 quidem
777 4480 835 4516 eum
858 4465 919 4522 XZ,
955 4463 1201 4532 δυσδιάγνωστον.
1247 4466 1319 4516 Erret
1336 4467 1438 4529 guidem
1455 4481 1551 4518 numme
1570 4468 1623 4518 ΥΕ.

303 4539 357 4604 (et.
388 4543 494 4601 uteie,
525 4537 604 4591 onoc
624 4543 671 4589 cet.
708 4537 834 4600 liquidam
850 4550 906 4586 aum
925 4535 1105 4594 Schuetziue.)
1133 4561 1163 4572 -
1201 4533 1245 4584 18.
1274 4543 1304 4586 tu
1320 4533 1416 4599 aberis]
1435 4539 1532 4588 tuearis
1551 4539 1572 4588 l.
1592 4563 1621 4575 -

303 4621 328 4662 et
344 4627 383 4663 me
399 4613 504 4662 memte
521 4623 561 4660 ree
579 4607 681 4659 babebis
698 4621 769 4657 oreae
787 4607 917 4656 rationem
937 4605 980 4666 bl,
1008 4612 1033 4656 et
1051 4619 1091 4656 me
1109 4604 1212 4656 absente
1230 4607 1269 4656 rei
1285 4605 1388 4656 babebis
1404 4621 1475 4656 meae
1493 4611 1623 4657 rotiacum

303 4683 334 4743 li,
349 4690 374 4734 et
391 4697 430 4732 me
448 4682 551 4731 memte
569 4693 610 4729 rea
628 4677 731 4728 babebis
747 4678 878 4726 rationem
897 4676 918 4725 l.
937 4677 970 4726 Ut
988 4689 1048 4733 nne,
1068 4690 1130 4726 eum
1149 4675 1228 4726 Baelo
1247 4675 1277 4724 ii.
1315 4675 1441 4727 «Veteres
1461 4680 1544 4728 nostri
1563 4692 1622 4741 par-

199 4785 201 4798 .
302 4753 350 4802 tim
380 4753 565 4808 mir-acinum
597 4749 694 4812 partim
720 4748 770 4796 mei
793 4747 949 4796 rationem.”
975 4746 1081 4798 boarum
1118 4745 1219 4796 Sensus
1237 4745 1289 4796 hoc
1308 4744 1365 4796 iere
1383 4748 1513 4810 requirit:
1543 4757 1624 4798 etate

300 4823 418 4882 abraam,
450 4822 507 4886 guis
524 4819 627 4869 babebit
645 4819 694 4868 ruci
720 4817 870 4866 rationem?
900 4815 951 4867 On.
986 4840 1016 4852 -
1054 4818 1097 4867 to.
1128 4823 1220 4880 agente
1238 4814 1348 4866 Seruilio
1376 4817 1465 4868 Seruio
1490 4819 1547 4884 fieri
1574 4817 1601 4867 bl
1612 4851 1620 4872 .

301 4901 392 4957 agente
410 4890 518 4941 Seruilio
535 4890 595 4955 pieri
613 4892 638 4949 Ι,
669 4892 760 4952 agente
777 4885 888 4936 Seruilia
906 4887 963 4952 peri
982 4886 1112 4937 Moretur.
1143 4909 1172 4921 -
1210 4886 1254 4935 20.
1281 4883 1362 4949 eiam]
1392 4887 1474 4939 aliam
1492 4887 1544 4939 ill.
1577 4885 1621 4942 (Ut

302 4977 370 5024 noe,
396 4961 458 5011 bec.
478 4973 533 5011 rec.
565 4954 1303 5008 Dettnoueetiecoustat.Fort.atiamuiam.01l.
1333 4981 1362 4994 -
1401 4959 1427 5008 1.
1446 4953 1474 5020 a]
1494 4958 1528 5008 ab
1545 4955 1566 5004 1.
1587 4980 1621 4990 -

299 5033 343 5082 23.
369 5029 421 5096 cio]
443 5031 467 5080 ei
491 5029 538 5080 ttt.
567 5051 594 5062 -
632 5025 872 5078 atattnttttm.
905 5051 936 5063 -
972 5026 1016 5076 25.
1036 5025 1214 5090 compendium
1230 5027 1265 5077 eit
1290 5025 1321 5075 li.
1358 5051 1386 5062 -
1424 5025 1566 5079 Namnet.
1588 5050 1617 5062 -

299 5107 343 5156 26.
367 5113 466 5168 guoque
485 5097 613 5165 (opattam
633 5110 747 5150 vacuum
774 5096 820 5147 cub
840 5095 925 5147 Tullio
941 5097 1079 5160 prouincia
1098 5096 1120 5147 l.
