3668 5924
326 433 388 495 em
533 503 538 510 ,
819 423 1142 494 mmmmm

327 587 421 656 deris.
477 587 598 654 Etenim
620 585 648 653 si
668 583 727 654 luit
747 584 900 653 invidi0aa
921 595 1045 652 senatus
1066 585 1221 674 potentia,
1243 606 1314 650 cum
1337 606 1374 650 ea
1394 604 1458 650 non
1479 579 1518 650 ad
1539 604 1639 671 popu·

325 683 407 757 lum,
439 682 494 748 scd
525 681 565 746 ad
592 681 648 746 tris
677 680 818 747 bomines
844 679 1066 746 immoderatos
1092 680 1217 744 redacta
1246 679 1305 752 sit,
1337 677 1413 764 quid
1442 679 1505 744 iam
1532 699 1641 742 censes

327 776 426 844 lore?
467 774 603 842 Proinde
630 776 682 841 isti
712 774 785 841 licet
811 775 937 849 iaciant,
971 795 1050 859 quos
1072 774 1191 847 volent,
1224 773 1383 848 consules,
1417 772 1558 838 tribunos
1579 773 1639 858 pl..

327 871 462 958 denique
484 869 576 934 etiam
591 869 706 935 Vatinii
727 879 876 934 strumam
897 867 1063 934 sacerdotii
1084 869 1218 950 διβάφῳ
1239 867 1387 944 vestiant3
1408 866 1529 933 videbis
1549 865 1641 932 brevi

310 975 469 1051 rtempors
497 983 625 1048 magnos
653 984 716 1028 non
738 963 832 1028 modo
854 984 925 1036 eos,
959 966 1012 1048 qui
1041 962 1117 1027 nibil
1138 961 1326 1035 titubamut‚
1355 959 1410 1026 sed
1439 961 1532 1025 etiam
1552 960 1640 1025 illum

326 1059 449 1145 ipsum,
481 1056 535 1144 qui
561 1057 719 1143 peccarit,
753 1061 910 1124 Catonem.
966 1061 998 1123 3.
1024 1061 1100 1120 Nam
1128 1077 1186 1121 nos
1219 1056 1366 1142 quidem,
1399 1055 1425 1119 si
1458 1075 1516 1140 per
1546 1055 1640 1119 istum

327 1165 415 1220 tunm
442 1151 580 1238 sodalem
609 1150 753 1216 Publium
785 1150 909 1224 licebit,
945 1151 1151 1231 σοφιστεύειν
1183 1150 1373 1234 cogitamus3
1409 1147 1436 1212 si
1462 1148 1514 1213 ille
1541 1146 1640 1230 cogit.

327 1255 393 1312 tum
415 1245 576 1311 dumtaxat
596 1265 654 1310 nos
675 1243 859 1323 delendere;
881 1253 927 1318 at.
959 1243 1044 1330 quod
1066 1253 1113 1308 est
1132 1243 1297 1330 proprium
1318 1247 1393 1308 artis
1414 1241 1520 1314 buius,
1541 1253 1641 1323 anay-

328 1344 484 1426 γέλλομαι
532 1371 536 1384 ’

297 1497 323 1538 to
490 1480 602 1566 ''Andp’
625 1483 857 1566 ἀπαμύνεσθαι
878 1481 930 1546 ὅτε
953 1508 999 1556 τις
1021 1479 1174 1568 πρότερος
1195 1479 1368 1564 χαλεπήνῃ.

328 1620 429 1686 Patria
449 1620 585 1706 propitia
606 1620 661 1697 sit;
683 1619 776 1684 babet
797 1641 814 1684 a
835 1619 941 1693 nobis,
967 1619 1086 1686 etiamsi
1108 1641 1171 1685 non
1192 1619 1276 1705 plus,
1298 1640 1392 1703 quam
1414 1617 1554 1684 debitum
1575 1627 1641 1690 est,

328 1713 400 1800 plns
429 1723 538 1788 certe,
575 1735 668 1800 quam
697 1713 886 1799 postulatum
915 1723 972 1778 est.
1035 1714 1114 1780 Male
1143 1712 1214 1778 vebi
1244 1713 1326 1776 malo
1358 1711 1419 1777 alio
1449 1711 1642 1796 gubernante

328 1829 421 1893 quam
443 1816 504 1873 mm
526 1807 655 1893 ingratis
677 1806 855 1873 vectoribus
876 1806 957 1874 bene
978 1805 1163 1894 gubernare.
1204 1811 1234 1871 4.
1251 1803 1313 1871 Sed
1334 1805 1411 1870 baec
1432 1826 1538 1871 eoram
1558 1826 1644 1870 com-

329 1901 463 1968 modius.
515 1907 602 1968 Nunc
623 1900 712 1976 audi,
742 1900 828 1987 quod
849 1901 985 1987 qnaeris.
1034 1905 1158 1967 Antium
1180 1921 1231 1966 me
1253 1921 1293 1964 ex
1314 1900 1481 1966 Formiano
1500 1899 1643 1986 recipere

298 1995 482 2080 recogites.
504 1995 534 2062 d.
556 2000 689 2060 v.Non.
718 1995 789 2062 llai.
844 1995 937 2062 Antio
962 1995 1036 2061 volo
1065 1999 1142 2061 Non.
1169 1995 1237 2060 Mai.
1269 1991 1423 2080 proficisci
1444 1993 1477 2058 in
1498 1991 1644 2058 Tuscula-

328 2111 413 2156 num.
464 2089 525 2156 Sed
546 2110 617 2154 cnm
640 2111 658 2154 e
678 2089 844 2154 Formiano
866 2088 993 2155 rediero
1013 2125 1055 2136 -
1077 2087 1122 2154 ibi
1143 2109 1211 2154 esse
1232 2109 1331 2174 usque
1353 2087 1392 2152 ad
1413 2087 1493 2173 prid.
1514 2085 1644 2152 Kalend.

328 2182 400 2248 blei.
421 2183 494 2250 volo
515 2219 577 2258 -‚
598 2182 710 2248 laeiam
731 2183 834 2248 statim
855 2191 886 2247 te
907 2183 1084 2249 certiorem.
1142 2183 1285 2249 TerentIa
1306 2179 1362 2246 tibi
1383 2181 1522 2248 salutem.
1578 2183 1644 2246 Κι-

328 2288 429 2363 κέρων
450 2279 469 2342 ὃ
489 2277 607 2365 μικρός
628 2270 810 2356 ἀσπάζεται
833 2281 933 2342 Τίτον
950 2279 1142 2355 Ἀθηναῖον.

812 2413 1160 2500 amnem)

294 2545 324 2591 ²⁰
808 2540 950 2604 CICERO
970 2539 1113 2604 ATTICO
1136 2539 1168 2602 S.

413 2648 606 2715 Volo‘ames
631 2668 732 2714 meam
760 2650 971 2716 constantiam.
1025 2648 1130 2715 Ludos
1156 2647 1239 2714 Antii
1268 2659 1409 2735 spectare
1441 2670 1503 2715 non
1533 2649 1645 2734 placet.

331 2746 385 2808 Est
412 2745 494 2808 enim
522 2743 757 2818 ὑποσάλοικον,
787 2763 858 2808 cum
884 2743 976 2810 velim
1002 2743 1101 2808 vitare
1127 2742 1267 2808 omnium
1292 2741 1473 2809 delieIarum
1494 2742 1647 2827 suspicio-

331 2856 418 2911 nem,
448 2846 577 2921 repentc
606 2840 854 2918 ἀναφαίνεσθαι
875 2856 939 2903 non
959 2836 1059 2902 solum
1083 2835 1211 2900 delicate
1240 2836 1295 2901 sed
1317 2837 1410 2902 etiam
1431 2838 1534 2922 inepte
1554 2857 1647 2922 pere·

331 2931 514 3015 grinantem.
558 2933 663 3008 Quare
683 2953 783 3018 usque
806 2932 843 2997 ad
865 2937 942 2998 Non.
965 2933 1081 2998 blaite
1095 2931 1128 2996 in
1141 2932 1308 2997 Formiano
1329 2929 1528 3016 exspectabo.
1558 2935 1646 2994 Nune

295 3022 394 3098 selae,
424 3031 460 3089 ut
480 3025 592 3101 seiam,
619 3047 683 3112 quo
704 3025 756 3090 die
776 3035 809 3090 te
829 3025 930 3092 visuri
951 3026 1058 3093 simus.
1106 3023 1153 3090 ab
1173 3024 1266 3112 Appii
1286 3030 1387 3100 Foro,
1416 3025 1494 3090 bora
1523 3033 1644 3110 quarta.

330 3115 486 3184 bederam
506 3117 600 3184 aliam
620 3119 725 3206 paullo
745 3127 817 3185 ante
838 3119 952 3186 Tribus
973 3118 1135 3186 Tabernis.

802 3257 1273 3345 munem).

808 3383 948 3449 CICERO
970 3383 1113 3448 ATTICO
1141 3385 1173 3448 S.

419 3499 447 3558 1.
475 3498 576 3559 Narro
606 3491 681 3559 tibi:
713 3494 804 3580 plane
831 3494 986 3580 relegatus
1011 3493 1087 3559 mibi
1115 3492 1244 3568 videor,
1277 3500 1477 3580 posteaquam
1510 3493 1545 3558 in
1570 3497 1645 3558 For-

298 3585 438 3652 armiano
465 3608 545 3654 sum.
601 3588 675 3652 Dies
703 3588 785 3652 enim
815 3588 917 3653 nullus
944 3595 1026 3662 erat,
1058 3586 1141 3652 Antii
1168 3608 1239 3653 cum
1268 3607 1385 3662 essem,
1418 3609 1482 3672 quo
1508 3585 1560 3652 die
1581 3609 1644 3652 non

333 3679 445 3744 mebus
465 3682 593 3756 scirem,
621 3688 737 3748 Romae
759 3681 834 3768 quid
855 3690 1018 3766 ageretur,
1046 3702 1140 3767 mam
1160 3680 1199 3756 ii,
1221 3681 1275 3766 qui
1296 3689 1385 3746 erant
1405 3686 1533 3746 Romae.
1575 3685 1647 3744 Ete-

333 3771 398 3837 nim
418 3772 539 3840 litterae
560 3784 632 3840 tuae
651 3795 715 3839 non
736 3772 838 3840 solum
858 3773 933 3860 quid
955 3779 1091 3848 Romae.
1113 3771 1169 3838 sed
1190 3774 1283 3839 etiam
1305 3773 1379 3859 quid
1400 3774 1433 3838 in
1453 3795 1490 3838 re
1511 3773 1645 3858 publica,

332 3887 436 3952 neque
459 3866 562 3935 solum
590 3868 666 3955 quid
695 3867 801 3941 lieret,
829 3867 1054 3933 verumetiam
1077 3867 1154 3954 quid
1173 3868 1313 3932 futurum
1335 3878 1431 3942 esset,
1460 3867 1645 3933 indicabant.

333 3965 436 4034 Nune,
464 3961 525 4027 nisi
553 3967 580 4028 si
607 3960 748 4050 quidex
774 3969 992 4047 praetereunte
1018 3961 1138 4026 viatore
1167 3972 1332 4046 exceptum
1358 3970 1423 4036 est,
1459 3961 1540 4026 scire
1568 3961 1645 4026 nibil

298 4070 512 4142 ”possumus
554 4059 659 4135 Quare
680 4076 867 4142 quamquam
888 4055 950 4120 iam
970 4055 1125 4141 teipsum
1146 4064 1310 4140 exspecto,
1333 4064 1435 4120 tamen
1455 4055 1508 4120 isti
1527 4075 1644 4141 puero.

335 4169 430 4236 quem
456 4149 495 4216 ad
519 4170 571 4215 me
591 4149 692 4217 statim
719 4149 797 4216 iussi
822 4169 987 4215 recurrere
995 4137 1020 4224 ,⁸
1032 4149 1071 4214 da
1096 4147 1305 4236 ponderosam
1327 4148 1461 4234 aliquam
1483 4146 1645 4234 epistolam

403 4371 431 4420 2.
450 4365 567 4432 macto]
588 4373 691 4422 tmloto
713 4384 775 4420 com
801 4383 856 4433 mg.
875 4369 1015 4420 Cratandri
1034 4369 1189 4418 Lambinus.
1222 4393 1254 4404 -
1289 4367 1351 4432 quid
1368 4369 1461 4418 tonali
1490 4370 1534 4420 tet
1551 4369 1644 4432 Piusl:

337 4442 399 4506 quid
415 4442 495 4491 attam
513 4442 524 4491 l
542 4449 569 4490 et
587 4455 627 4504 pr.
646 4441 688 4496 bl,
719 4442 844 4506 quidnam
862 4441 884 4490 ll
903 4446 929 4490 et
947 4454 1017 4490 corr.
1036 4439 1073 4490 bl.
1108 4463 1136 4474 ·-
1173 4440 1198 4489 3.
1220 4439 1265 4487 trr'.
1282 4439 1334 4500 pla.
1352 4440 1448 4488 etiam
1465 4440 1555 4492 delnda
1575 4445 1647 4494 l'ntr'·

336 4513 376 4560 nia·
393 4512 416 4561 I.
437 4535 468 4546 -
503 4511 529 4562 O.
547 4513 667 4574 poecooia
685 4509 727 4570 bl,
743 4514 850 4574 pocaott
869 4510 891 4560 l.
912 4536 942 4547 -
978 4511 1006 4561 7.
1024 4513 1109 4574 copia,
1130 4517 1184 4560 tom
1203 4508 1335 4560 Orellius:
1354 4511 1422 4572 eopia
1439 4516 1518 4560 tanto
1535 4519 1591 4562 tuas
1608 4515 1645 4572 Y,

336 4584 435 4645 capitul
451 4587 554 4631 tontum
572 4581 651 4638 11111,
670 4582 738 4644 eopia
756 4575 846 4640 ἄντα,
866 4587 920 4630 tum
937 4587 1047 4630 auctora
1066 4581 1146 4630 bosio
1165 4580 1194 4630 a.
1214 4605 1245 4615 —
1281 4577 1454 4642 &offendere
1472 4581 1495 4629 l.
1518 4606 1553 4616 -
1585 4598 1647 4646 pro-

334 4653 424 4714 prium
440 4658 478 4700 art
496 4651 518 4700 l.
537 4676 571 4685 -
607 4651 650 4700 1⁰.
667 4641 761 4719 ἄνδρα
777 4645 943 4714 ἀμύνεσθαι
960 4650 1020 4700 mn.
1041 4674 1072 4684 -
1109 4651 1151 4700 12.
1170 4646 1253 4712 analo]
1271 4648 1349 4697 molle
1366 4662 1407 4710 pr.
1426 4649 1471 4710 Ill,
1490 4653 1558 4703 mule
1575 4668 1645 4705 corr.

337 4721 376 4771 ld·
411 4719 499 4782 (Molo
516 4721 573 4770 orbs·
589 4720 657 4769 mab
673 4719 785 4768 Ascens.
805 4717 912 4783 tertia.)
928 4744 963 4754 -
999 4721 1042 4770 td.
1061 4721 1138 4779 audi,
1158 4718 1236 4784 qood]
1257 4719 1292 4768 od
1309 4719 1350 4772 id.
1369 4720 1436 4782 puod
1454 4719 1519 4770 Cod.
1538 4724 1645 4776 reema.

341 4813 369 4826 -
389 4792 432 4841 17.
452 4789 530 4852 blod]
548 4791 639 4840 londos
657 4790 688 4839 ll.
709 4786 778 4850 (aare
794 4791 854 4839 nolo
870 4803 949 4854 usqua
965 4792 1001 4840 od
1016 4792 1102 4853 pridie
1118 4789 1169 4840 col.
1188 4792 1271 4838 motos
1289 4785 1324 4848 1.)
1349 4810 1377 4825 -
1412 4795 1437 4838 te
1453 4794 1545 4842 rtatim
1561 4795 1595 4845 Il.
1615 4822 1644 4834 -

340 4861 474 4910 amento
490 4861 533 4922 II,
564 4861 673 4922 ebione.
701 4885 733 4893 -
771 4858 814 4908 18.
834 4859 920 4910 Τίτον
937 4856 989 4910 τὸν
1006 4855 1155 4926 Ἀθηναῖον
1173 4873 1234 4909 eum
1253 4860 1332 4908 Iunta
1349 4857 1506 4912 Lambinus.
1535 4887 1566 4899 -
1600 4866 1645 4916 21.

338 4932 512 4980 martaniam
530 4943 613 4980 maora
630 4929 652 4980 1.
682 4955 714 4964 -
750 4929 796 4978 11.
815 4935 839 4980 ta
854 4943 933 4992 usqua
949 4929 985 4980 ud
1001 4931 1070 4980 lton.
1088 4931 1175 4982 Molas
1191 4932 1220 4978 s'n
1236 4929 1267 4979 a.
1296 4953 1330 4965 ν-
1364 4928 1409 4978 25.
1426 4943 1513 4981 manua
1529 4933 1590 4984 Mn,
1615 4961 1646 4973 -

337 4999 382 5050 2⁶·
401 5006 498 5049 antro
517 5000 608 5050 Trabea
625 5000 674 5050 lu.
705 5025 734 5036 -
771 4999 815 5048 29.
833 5006 925 5061 posaeo
941 5013 997 5050 cum
1014 5001 1043 5048 r'n
1066 5014 1106 5062 pr.
1125 4999 1162 5049 Ι.
1196 5023 1226 5034 -
1263 4999 1306 5048 30.
1325 4993 1400 5058 mens]
1426 5014 1502 5064 auom
1519 5017 1588 5054 corr.
1607 5005 1644 5056 Μ.

341 5091 372 5104 ““
390 5069 434 5120 ³¹·
452 5069 480 5120 Μ
497 5070 520 5121 Ιο
541 5094 572 5107 ““
607 5069 651 5122 3⁴·
669 5070 692 5120 ,O
709 5068 761 5121 del·
779 5081 850 5119 corf·
868 5067 907 5118 M·
927 5095 958 5106 ““
993 5069 1038 5120 36·
1056 5065 1105 5132 m]
1124 5076 1148 5120 Oe
1167 5068 1189 5118 ¹0
