<?xml version="1.0" encoding="UTF-8"?>
<!DOCTYPE html PUBLIC "-//W3C//DTD XHTML 1.0 Transitional//EN"
    "http://www.w3.org/TR/xhtml1/DTD/xhtml1-transitional.dtd">
<html xmlns="http://www.w3.org/1999/xhtml" xml:lang="en" lang="en">
 <head>
  <title>
</title>
<meta http-equiv="Content-Type" content="text/html;charset=utf-8" />
  <meta name='ocr-system' content='tesseract 3.04.00' />
  <meta name='ocr-capabilities' content='ocr_page ocr_carea ocr_par ocr_line ocrx_word'/>
</head>
<body>
  <div class='ocr_page' id='page_1' title='image "./mtulliiciceroni06baitgoog_0659.png"; bbox 0 0 3680 5944; ppageno 0'>
   <div class='ocr_carea' id='block_1_1' title="bbox 337 433 1158 499">
    <p class='ocr_par' dir='ltr' id='par_1_1' title="bbox 337 433 1158 499">
     <span class='ocr_line' id='line_1_1' title="bbox 337 433 1158 499; baseline 0 -1"><span class='ocrx_word' id='word_1_1' title='bbox 337 436 399 498; x_wconf 84' lang='grc'>5118</span> <span class='ocrx_word' id='word_1_2' title='bbox 830 434 963 499; x_wconf 55' lang='grc'>1111111)</span> <span class='ocrx_word' id='word_1_3' title='bbox 985 433 1158 498; x_wconf 77' lang='lat' dir='ltr'><strong>ATTICUld</strong></span> 
     </span>
    </p>
   </div>
   <div class='ocr_carea' id='block_1_2' title="bbox 223 588 1808 2183">
    <p class='ocr_par' dir='ltr' id='par_1_2' title="bbox 223 588 1808 2183">
     <span class='ocr_line' id='line_1_2' title="bbox 336 588 1729 678; baseline 0 -22"><span class='ocrx_word' id='word_1_4' title='bbox 336 591 450 658; x_wconf 87' lang='lat' dir='ltr'><strong>laisum</strong></span> <span class='ocrx_word' id='word_1_5' title='bbox 476 612 545 658; x_wconf 86' lang='lat' dir='ltr'><strong>esse</strong></span> <span class='ocrx_word' id='word_1_6' title='bbox 574 590 798 657; x_wconf 75' lang='lat' dir='ltr'><strong>existimarem.</strong></span> <span class='ocrx_word' id='word_1_7' title='bbox 855 590 918 656; x_wconf 86' lang='lat' dir='ltr'><strong>Sed</strong></span> <span class='ocrx_word' id='word_1_8' title='bbox 939 589 1013 678; x_wconf 84' lang='lat' dir='ltr'><strong>quia</strong></span> <span class='ocrx_word' id='word_1_9' title='bbox 1035 599 1065 654; x_wconf 93' lang='lat' dir='ltr'><strong>te</strong></span> <span class='ocrx_word' id='word_1_10' title='bbox 1087 588 1186 656; x_wconf 91' lang='lat' dir='ltr'><strong>nimio</strong></span> <span class='ocrx_word' id='word_1_11' title='bbox 1207 589 1279 677; x_wconf 87' lang='lat' dir='ltr'><strong>plus</strong></span> <span class='ocrx_word' id='word_1_12' title='bbox 1300 589 1412 676; x_wconf 81' lang='lat' dir='ltr'><strong>diligo,</strong></span> <span class='ocrx_word' id='word_1_13' title='bbox 1447 613 1542 658; x_wconf 89' lang='lat' dir='ltr'><strong>non</strong></span> <span class='ocrx_word' id='word_1_14' title='bbox 1572 611 1729 677; x_wconf 86' lang='lat' dir='ltr'><strong>possum</strong></span> 
     </span>
     <span class='ocr_line' id='line_1_3' title="bbox 336 683 1808 772; baseline -0.004 -22"><span class='ocrx_word' id='word_1_15' title='bbox 336 685 532 751; x_wconf 85' lang='lat' dir='ltr'><strong>dissimulare</strong></span> <span class='ocrx_word' id='word_1_16' title='bbox 559 684 637 752; x_wconf 92' lang='lat' dir='ltr'><strong>mihi</strong></span> <span class='ocrx_word' id='word_1_17' title='bbox 671 684 785 751; x_wconf 86' lang='lat' dir='ltr'><strong>lamam</strong></span> <span class='ocrx_word' id='word_1_18' title='bbox 818 705 960 772; x_wconf 89' lang='lat' dir='ltr'><strong>quoqne,</strong></span> <span class='ocrx_word' id='word_1_19' title='bbox 997 683 1141 771; x_wconf 85' lang='lat' dir='ltr'><strong>quamvis</strong></span> <span class='ocrx_word' id='word_1_20' title='bbox 1168 685 1208 751; x_wconf 92' lang='lat' dir='ltr'><strong>sit</strong></span> <span class='ocrx_word' id='word_1_21' title='bbox 1234 685 1327 760; x_wconf 85' lang='lat' dir='ltr'><strong>salsa,</strong></span> <span class='ocrx_word' id='word_1_22' title='bbox 1362 687 1481 772; x_wconf 88' lang='lat' dir='ltr'><strong>magni</strong></span> <span class='ocrx_word' id='word_1_23' title='bbox 1518 706 1626 752; x_wconf 83' lang='lat' dir='ltr'><strong>esse.</strong></span> <span class='ocrx_word' id='word_1_24' title='bbox 1679 690 1725 750; x_wconf 82' lang='lat' dir='ltr'><strong>Te</strong></span> <span class='ocrx_word' id='word_1_25' title='bbox 1807 713 1808 744; x_wconf 83' lang='lat' dir='ltr'><strong>t</strong></span> 
     </span>
     <span class='ocr_line' id='line_1_4' title="bbox 335 778 1724 864; baseline -0.001 -20"><span class='ocrx_word' id='word_1_26' title='bbox 335 779 453 845; x_wconf 90' lang='lat' dir='ltr'><strong>iturum</strong></span> <span class='ocrx_word' id='word_1_27' title='bbox 483 791 569 845; x_wconf 87' lang='lat' dir='ltr'><strong>trans</strong></span> <span class='ocrx_word' id='word_1_28' title='bbox 599 799 687 845; x_wconf 86' lang='lat' dir='ltr'><strong>mare</strong></span> <span class='ocrx_word' id='word_1_29' title='bbox 718 778 849 846; x_wconf 87' lang='lat' dir='ltr'><strong>credere</strong></span> <span class='ocrx_word' id='word_1_30' title='bbox 880 799 944 845; x_wconf 91' lang='lat' dir='ltr'><strong>uon</strong></span> <span class='ocrx_word' id='word_1_31' title='bbox 974 798 1120 864; x_wconf 90' lang='lat' dir='ltr'><strong>possum,</strong></span> <span class='ocrx_word' id='word_1_32' title='bbox 1158 799 1229 844; x_wconf 92' lang='lat' dir='ltr'><strong>cum</strong></span> <span class='ocrx_word' id='word_1_33' title='bbox 1251 781 1328 846; x_wconf 85' lang='lat' dir='ltr'><strong>tanti</strong></span> <span class='ocrx_word' id='word_1_34' title='bbox 1348 780 1443 846; x_wconf 83' lang='lat' dir='ltr'><strong>iacias</strong></span> <span class='ocrx_word' id='word_1_35' title='bbox 1474 778 1724 846; x_wconf 75' lang='lat' dir='ltr'><strong>Dolabellam</strong></span> 
     </span>
     <span class='ocr_line' id='line_1_5' title="bbox 336 872 1721 960; baseline -0.001 -22"><span class='ocrx_word' id='word_1_36' title='bbox 336 883 368 938; x_wconf 89' lang='lat' dir='ltr'><strong>et</strong></span> <span class='ocrx_word' id='word_1_37' title='bbox 388 874 521 940; x_wconf 81' lang='lat' dir='ltr'><strong>Tulliam</strong></span> <span class='ocrx_word' id='word_1_38' title='bbox 542 883 643 949; x_wconf 87' lang='lat' dir='ltr'><strong>tuam,</strong></span> <span class='ocrx_word' id='word_1_39' title='bbox 672 873 821 940; x_wconf 83' lang='lat' dir='ltr'><strong>feminam</strong></span> <span class='ocrx_word' id='word_1_40' title='bbox 842 873 1057 945; x_wconf 84' lang='lat' dir='ltr'><strong>lectissimam,</strong></span> <span class='ocrx_word' id='word_1_41' title='bbox 1086 873 1225 960; x_wconf 89' lang='lat' dir='ltr'><strong>tantique</strong></span> <span class='ocrx_word' id='word_1_42' title='bbox 1246 872 1285 939; x_wconf 91' lang='lat' dir='ltr'><strong>ah</strong></span> <span class='ocrx_word' id='word_1_43' title='bbox 1308 875 1457 941; x_wconf 91' lang='lat' dir='ltr'><strong>omuibus</strong></span> <span class='ocrx_word' id='word_1_44' title='bbox 1490 872 1616 939; x_wconf 86' lang='lat' dir='ltr'><strong>nobis</strong></span> <span class='ocrx_word' id='word_1_45' title='bbox 1638 872 1721 950; x_wconf 69' lang='lat' dir='ltr'><strong>fias:</strong></span> 
     </span>
     <span class='ocr_line' id='line_1_6' title="bbox 314 966 1720 1055; baseline -0.004 -18"><span class='ocrx_word' id='word_1_46' title='bbox 314 967 450 1055; x_wconf 81' lang='lat' dir='ltr'><strong>squihus</strong></span> <span class='ocrx_word' id='word_1_47' title='bbox 471 967 651 1033; x_wconf 79' lang='lat' dir='ltr'><strong>mehercule</strong></span> <span class='ocrx_word' id='word_1_48' title='bbox 679 967 811 1053; x_wconf 78' lang='lat' dir='ltr'><strong>dignitas</strong></span> <span class='ocrx_word' id='word_1_49' title='bbox 832 966 1068 1053; x_wconf 79' lang='lat' dir='ltr'><strong>amplitudoque</strong></span> <span class='ocrx_word' id='word_1_50' title='bbox 1090 976 1144 1033; x_wconf 87' lang='lat' dir='ltr'><strong>tua</strong></span> <span class='ocrx_word' id='word_1_51' title='bbox 1166 987 1265 1053; x_wconf 87' lang='lat' dir='ltr'><strong>paene</strong></span> <span class='ocrx_word' id='word_1_52' title='bbox 1291 969 1396 1034; x_wconf 90' lang='lat' dir='ltr'><strong>carior</strong></span> <span class='ocrx_word' id='word_1_53' title='bbox 1416 977 1471 1034; x_wconf 86' lang='lat' dir='ltr'><strong>est</strong></span> <span class='ocrx_word' id='word_1_54' title='bbox 1501 989 1631 1054; x_wconf 86' lang='lat' dir='ltr'><strong>quam</strong></span> <span class='ocrx_word' id='word_1_55' title='bbox 1656 966 1720 1032; x_wconf 84' lang='lat' dir='ltr'><strong>tihi</strong></span> 
     </span>
     <span class='ocr_line' id='line_1_7' title="bbox 335 1059 1715 1148; baseline 0 -22"><span class='ocrx_word' id='word_1_56' title='bbox 335 1062 407 1148; x_wconf 92' lang='lat' dir='ltr'><strong>ipsi.</strong></span> <span class='ocrx_word' id='word_1_57' title='bbox 450 1062 511 1129; x_wconf 86' lang='lat' dir='ltr'><strong>Sed</strong></span> <span class='ocrx_word' id='word_1_58' title='bbox 539 1071 643 1126; x_wconf 85' lang='lat' dir='ltr'><strong>tamen</strong></span> <span class='ocrx_word' id='word_1_59' title='bbox 671 1083 734 1127; x_wconf 93' lang='lat' dir='ltr'><strong>non</strong></span> <span class='ocrx_word' id='word_1_60' title='bbox 762 1083 833 1128; x_wconf 90' lang='lat' dir='ltr'><strong>sum</strong></span> <span class='ocrx_word' id='word_1_61' title='bbox 859 1059 1028 1126; x_wconf 78' lang='lat' dir='ltr'><strong>arbitratus</strong></span> <span class='ocrx_word' id='word_1_62' title='bbox 1050 1081 1119 1126; x_wconf 91' lang='lat' dir='ltr'><strong>esse</strong></span> <span class='ocrx_word' id='word_1_63' title='bbox 1147 1061 1241 1126; x_wconf 85' lang='lat' dir='ltr'><strong>amici</strong></span> <span class='ocrx_word' id='word_1_64' title='bbox 1260 1082 1325 1127; x_wconf 93' lang='lat' dir='ltr'><strong>uon</strong></span> <span class='ocrx_word' id='word_1_65' title='bbox 1347 1061 1578 1128; x_wconf 81' lang='lat' dir='ltr'><strong>commoveri</strong></span> <span class='ocrx_word' id='word_1_66' title='bbox 1607 1060 1715 1126; x_wconf 87' lang='lat' dir='ltr'><strong>etiam</strong></span> 
     </span>
     <span class='ocr_line' id='line_1_8' title="bbox 335 1153 1716 1243; baseline -0.001 -22"><span class='ocrx_word' id='word_1_67' title='bbox 335 1153 555 1242; x_wconf 89' lang='lat' dir='ltr'><strong>improborum</strong></span> <span class='ocrx_word' id='word_1_68' title='bbox 576 1175 740 1234; x_wconf 91' lang='lat' dir='ltr'><strong>sermone;</strong></span> <span class='ocrx_word' id='word_1_69' title='bbox 769 1165 861 1243; x_wconf 90' lang='lat' dir='ltr'><strong>atque</strong></span> <span class='ocrx_word' id='word_1_70' title='bbox 883 1175 923 1221; x_wconf 90' lang='lat' dir='ltr'><strong>eo</strong></span> <span class='ocrx_word' id='word_1_71' title='bbox 944 1154 1005 1220; x_wconf 86' lang='lat' dir='ltr'><strong>leci</strong></span> <span class='ocrx_word' id='word_1_72' title='bbox 1027 1153 1216 1228; x_wconf 81' lang='lat' dir='ltr'><strong>studiosius,</strong></span> <span class='ocrx_word' id='word_1_73' title='bbox 1244 1155 1331 1242; x_wconf 91' lang='lat' dir='ltr'><strong>quod</strong></span> <span class='ocrx_word' id='word_1_74' title='bbox 1352 1155 1558 1226; x_wconf 85' lang='lat' dir='ltr'><strong>iudicabam</strong></span> <span class='ocrx_word' id='word_1_75' title='bbox 1587 1155 1716 1220; x_wconf 87' lang='lat' dir='ltr'><strong>durio·</strong></span> 
     </span>
     <span class='ocr_line' id='line_1_9' title="bbox 335 1246 1711 1337; baseline 0 -23"><span class='ocrx_word' id='word_1_76' title='bbox 335 1271 387 1314; x_wconf 90' lang='lat' dir='ltr'><strong>res</strong></span> <span class='ocrx_word' id='word_1_77' title='bbox 408 1259 512 1336; x_wconf 87' lang='lat' dir='ltr'><strong>partes</strong></span> <span class='ocrx_word' id='word_1_78' title='bbox 534 1248 611 1315; x_wconf 90' lang='lat' dir='ltr'><strong>mihi</strong></span> <span class='ocrx_word' id='word_1_79' title='bbox 631 1249 793 1334; x_wconf 89' lang='lat' dir='ltr'><strong>impositas</strong></span> <span class='ocrx_word' id='word_1_80' title='bbox 815 1269 884 1315; x_wconf 89' lang='lat' dir='ltr'><strong>esse</strong></span> <span class='ocrx_word' id='word_1_81' title='bbox 905 1246 945 1314; x_wconf 96' lang='lat' dir='ltr'><strong>ah</strong></span> <span class='ocrx_word' id='word_1_82' title='bbox 968 1247 1142 1314; x_wconf 90' lang='lat' dir='ltr'><strong>ollensione</strong></span> <span class='ocrx_word' id='word_1_83' title='bbox 1164 1256 1286 1325; x_wconf 91' lang='lat' dir='ltr'><strong>nostra,</strong></span> <span class='ocrx_word' id='word_1_84' title='bbox 1309 1271 1390 1337; x_wconf 84' lang='lat' dir='ltr'><strong>quae</strong></span> <span class='ocrx_word' id='word_1_85' title='bbox 1412 1250 1535 1334; x_wconf 86' lang='lat' dir='ltr'><strong>magis</strong></span> <span class='ocrx_word' id='word_1_86' title='bbox 1560 1271 1583 1314; x_wconf 87' lang='lat' dir='ltr'><strong>a</strong></span> <span class='ocrx_word' id='word_1_87' title='bbox 1607 1257 1711 1330; x_wconf 70' lang='grc' dir='ltr'><strong><em>ζηλο-</em></strong></span> 
     </span>
     <span class='ocr_line' id='line_1_10' title="bbox 223 1335 1709 1431; baseline -0.001 -23"><span class='ocrx_word' id='word_1_88' title='bbox 223 1359 230 1370; x_wconf 85' lang='grc'>’</span> <span class='ocrx_word' id='word_1_89' title='bbox 336 1354 433 1426; x_wconf 77' lang='lat' dir='ltr'><strong>rontq</strong></span> <span class='ocrx_word' id='word_1_90' title='bbox 454 1364 524 1408; x_wconf 89' lang='lat' dir='ltr'><strong>mea</strong></span> <span class='ocrx_word' id='word_1_91' title='bbox 546 1364 638 1429; x_wconf 88' lang='lat' dir='ltr'><strong>quam</strong></span> <span class='ocrx_word' id='word_1_92' title='bbox 660 1342 700 1407; x_wconf 89' lang='lat' dir='ltr'><strong>ah</strong></span> <span class='ocrx_word' id='word_1_93' title='bbox 720 1335 836 1410; x_wconf 83' lang='lat' dir='ltr'><strong>iniuria</strong></span> <span class='ocrx_word' id='word_1_94' title='bbox 858 1353 911 1409; x_wconf 89' lang='lat' dir='ltr'><strong>tua</strong></span> <span class='ocrx_word' id='word_1_95' title='bbox 932 1351 1003 1407; x_wconf 88' lang='lat' dir='ltr'><strong>nata</strong></span> <span class='ocrx_word' id='word_1_96' title='bbox 1025 1350 1082 1407; x_wconf 90' lang='lat' dir='ltr'><strong>est.</strong></span> <span class='ocrx_word' id='word_1_97' title='bbox 1125 1342 1176 1408; x_wconf 85' lang='lat' dir='ltr'><strong>Sic</strong></span> <span class='ocrx_word' id='word_1_98' title='bbox 1198 1347 1281 1409; x_wconf 87' lang='lat' dir='ltr'><strong>enim</strong></span> <span class='ocrx_word' id='word_1_99' title='bbox 1303 1343 1377 1409; x_wconf 91' lang='lat' dir='ltr'><strong>volo</strong></span> <span class='ocrx_word' id='word_1_100' title='bbox 1399 1353 1429 1408; x_wconf 92' lang='lat' dir='ltr'><strong>te</strong></span> <span class='ocrx_word' id='word_1_101' title='bbox 1451 1343 1525 1410; x_wconf 91' lang='lat' dir='ltr'><strong>tibi</strong></span> <span class='ocrx_word' id='word_1_102' title='bbox 1556 1365 1709 1431; x_wconf 85' lang='lat' dir='ltr'><strong>persua-</strong></span> 
     </span>
     <span class='ocr_line' id='line_1_11' title="bbox 304 1436 1706 1524; baseline 0.001 -23"><span class='ocrx_word' id='word_1_103' title='bbox 304 1436 426 1511; x_wconf 83' lang='lat' dir='ltr'><strong>rndere,</strong></span> <span class='ocrx_word' id='word_1_104' title='bbox 459 1437 536 1504; x_wconf 93' lang='lat' dir='ltr'><strong>mihi</strong></span> <span class='ocrx_word' id='word_1_105' title='bbox 561 1438 718 1503; x_wconf 87' lang='lat' dir='ltr'><strong>neminem</strong></span> <span class='ocrx_word' id='word_1_106' title='bbox 746 1458 815 1504; x_wconf 89' lang='lat' dir='ltr'><strong>esse</strong></span> <span class='ocrx_word' id='word_1_107' title='bbox 843 1437 998 1503; x_wconf 88' lang='lat' dir='ltr'><strong>cariorem</strong></span> <span class='ocrx_word' id='word_1_108' title='bbox 1020 1446 1065 1511; x_wconf 87' lang='lat' dir='ltr'><strong>te,</strong></span> <span class='ocrx_word' id='word_1_109' title='bbox 1101 1446 1234 1522; x_wconf 84' lang='lat' dir='ltr'><strong>excepto</strong></span> <span class='ocrx_word' id='word_1_110' title='bbox 1263 1441 1393 1503; x_wconf 88' lang='lat' dir='ltr'><strong>Caesare</strong></span> <span class='ocrx_word' id='word_1_111' title='bbox 1422 1457 1529 1514; x_wconf 87' lang='lat' dir='ltr'><strong>meo,</strong></span> <span class='ocrx_word' id='word_1_112' title='bbox 1574 1458 1706 1524; x_wconf 88' lang='lat' dir='ltr'><strong>meque</strong></span> 
     </span>
     <span class='ocr_line' id='line_1_12' title="bbox 335 1530 1703 1618; baseline 0 -22"><span class='ocrx_word' id='word_1_113' title='bbox 335 1531 411 1596; x_wconf 93' lang='lat' dir='ltr'><strong>illud</strong></span> <span class='ocrx_word' id='word_1_114' title='bbox 441 1552 504 1598; x_wconf 91' lang='lat' dir='ltr'><strong>una</strong></span> <span class='ocrx_word' id='word_1_115' title='bbox 534 1532 688 1607; x_wconf 83' lang='lat' dir='ltr'><strong>iudicare,</strong></span> <span class='ocrx_word' id='word_1_116' title='bbox 724 1536 889 1598; x_wconf 86' lang='lat' dir='ltr'><strong>Caesarem</strong></span> <span class='ocrx_word' id='word_1_117' title='bbox 917 1531 1054 1596; x_wconf 82' lang='lat' dir='ltr'><strong>maxime</strong></span> <span class='ocrx_word' id='word_1_118' title='bbox 1081 1530 1112 1595; x_wconf 92' lang='lat' dir='ltr'><strong>in</strong></span> <span class='ocrx_word' id='word_1_119' title='bbox 1135 1531 1200 1596; x_wconf 91' lang='lat' dir='ltr'><strong>suis</strong></span> <span class='ocrx_word' id='word_1_120' title='bbox 1221 1535 1262 1596; x_wconf 86' lang='lat' dir='ltr'><strong>M.</strong></span> <span class='ocrx_word' id='word_1_121' title='bbox 1286 1533 1469 1597; x_wconf 86' lang='lat' dir='ltr'><strong>Ciceronem</strong></span> <span class='ocrx_word' id='word_1_122' title='bbox 1499 1553 1703 1618; x_wconf 88' lang='lat' dir='ltr'><strong>reponere.</strong></span> 
     </span>
     <span class='ocr_line' id='line_1_13' title="bbox 336 1623 1699 1710; baseline 0 -20"><span class='ocrx_word' id='word_1_123' title='bbox 336 1629 366 1692; x_wconf 76' lang='lat'><strong>2.</strong></span> <span class='ocrx_word' id='word_1_124' title='bbox 389 1629 510 1703; x_wconf 84' lang='lat' dir='ltr'><strong>Quare,</strong></span> <span class='ocrx_word' id='word_1_125' title='bbox 539 1627 584 1691; x_wconf 91' lang='lat' dir='ltr'><strong>mi</strong></span> <span class='ocrx_word' id='word_1_126' title='bbox 606 1627 728 1702; x_wconf 87' lang='lat' dir='ltr'><strong>Cicero,</strong></span> <span class='ocrx_word' id='word_1_127' title='bbox 751 1637 782 1691; x_wconf 90' lang='lat' dir='ltr'><strong>te</strong></span> <span class='ocrx_word' id='word_1_128' title='bbox 803 1645 900 1710; x_wconf 90' lang='lat' dir='ltr'><strong>rogo,</strong></span> <span class='ocrx_word' id='word_1_129' title='bbox 921 1634 958 1690; x_wconf 95' lang='lat' dir='ltr'><strong>ut</strong></span> <span class='ocrx_word' id='word_1_130' title='bbox 979 1623 1035 1690; x_wconf 91' lang='lat' dir='ltr'><strong>tihi</strong></span> <span class='ocrx_word' id='word_1_131' title='bbox 1057 1625 1162 1692; x_wconf 91' lang='lat' dir='ltr'><strong>omnia</strong></span> <span class='ocrx_word' id='word_1_132' title='bbox 1184 1625 1306 1710; x_wconf 87' lang='lat' dir='ltr'><strong>integra</strong></span> <span class='ocrx_word' id='word_1_133' title='bbox 1328 1646 1450 1700; x_wconf 87' lang='lat' dir='ltr'><strong>serves,</strong></span> <span class='ocrx_word' id='word_1_134' title='bbox 1474 1628 1568 1692; x_wconf 87' lang='lat' dir='ltr'><strong>eius</strong></span> <span class='ocrx_word' id='word_1_135' title='bbox 1593 1626 1699 1691; x_wconf 77' lang='lat' dir='ltr'><strong>fide·</strong></span> 
     </span>
     <span class='ocr_line' id='line_1_14' title="bbox 334 1717 1698 1808; baseline -0.002 -23"><span class='ocrx_word' id='word_1_136' title='bbox 334 1719 510 1807; x_wconf 88' lang='lat' dir='ltr'><strong>improbes,</strong></span> <span class='ocrx_word' id='word_1_137' title='bbox 541 1722 596 1808; x_wconf 92' lang='lat' dir='ltr'><strong>qui</strong></span> <span class='ocrx_word' id='word_1_138' title='bbox 625 1720 696 1797; x_wconf 88' lang='lat' dir='ltr'><strong>tibi,</strong></span> <span class='ocrx_word' id='word_1_139' title='bbox 729 1729 766 1786; x_wconf 91' lang='lat' dir='ltr'><strong>ut</strong></span> <span class='ocrx_word' id='word_1_140' title='bbox 785 1718 972 1785; x_wconf 88' lang='lat' dir='ltr'><strong>heneficium</strong></span> <span class='ocrx_word' id='word_1_141' title='bbox 1004 1717 1107 1795; x_wconf 88' lang='lat' dir='ltr'><strong>daret,</strong></span> <span class='ocrx_word' id='word_1_142' title='bbox 1145 1720 1234 1805; x_wconf 91' lang='lat' dir='ltr'><strong>prius</strong></span> <span class='ocrx_word' id='word_1_143' title='bbox 1255 1720 1401 1786; x_wconf 86' lang='lat' dir='ltr'><strong>iniuriam</strong></span> <span class='ocrx_word' id='word_1_144' title='bbox 1422 1721 1525 1799; x_wconf 85' lang='lat' dir='ltr'><strong>lecit;</strong></span> <span class='ocrx_word' id='word_1_145' title='bbox 1574 1730 1698 1786; x_wconf 89' lang='lat' dir='ltr'><strong>contra</strong></span> 
     </span>
     <span class='ocr_line' id='line_1_15' title="bbox 335 1813 1692 1903; baseline 0 -23"><span class='ocrx_word' id='word_1_146' title='bbox 335 1837 375 1880; x_wconf 87' lang='lat' dir='ltr'><strong>ne</strong></span> <span class='ocrx_word' id='word_1_147' title='bbox 395 1815 576 1903; x_wconf 80' lang='lat' dir='ltr'><strong>profugias,</strong></span> <span class='ocrx_word' id='word_1_148' title='bbox 600 1816 654 1902; x_wconf 93' lang='lat' dir='ltr'><strong>qui</strong></span> <span class='ocrx_word' id='word_1_149' title='bbox 676 1825 720 1890; x_wconf 90' lang='lat' dir='ltr'><strong>te,</strong></span> <span class='ocrx_word' id='word_1_150' title='bbox 751 1815 810 1880; x_wconf 87' lang='lat' dir='ltr'><strong>etsi</strong></span> <span class='ocrx_word' id='word_1_151' title='bbox 832 1835 896 1880; x_wconf 93' lang='lat' dir='ltr'><strong>uon</strong></span> <span class='ocrx_word' id='word_1_152' title='bbox 917 1813 1034 1878; x_wconf 85' lang='lat' dir='ltr'><strong>nmahit</strong></span> <span class='ocrx_word' id='word_1_153' title='bbox 1054 1845 1094 1858; x_wconf 89' lang='lat'>-</span> <span class='ocrx_word' id='word_1_154' title='bbox 1118 1815 1203 1899; x_wconf 90' lang='lat' dir='ltr'><strong>quod</strong></span> <span class='ocrx_word' id='word_1_155' title='bbox 1225 1814 1367 1880; x_wconf 85' lang='lat' dir='ltr'><strong>accidere</strong></span> <span class='ocrx_word' id='word_1_156' title='bbox 1388 1837 1452 1881; x_wconf 89' lang='lat' dir='ltr'><strong>nou</strong></span> <span class='ocrx_word' id='word_1_157' title='bbox 1474 1824 1608 1902; x_wconf 88' lang='lat' dir='ltr'><strong>potest</strong></span> <span class='ocrx_word' id='word_1_158' title='bbox 1632 1851 1692 1886; x_wconf 89' lang='lat'><strong>-.</strong></span> 
     </span>
     <span class='ocr_line' id='line_1_16' title="bbox 301 1907 1693 1997; baseline 0.002 -26"><span class='ocrx_word' id='word_1_159' title='bbox 301 1921 438 1975; x_wconf 70' lang='lat' dir='ltr'><strong>remmon</strong></span> <span class='ocrx_word' id='word_1_160' title='bbox 460 1911 580 1976; x_wconf 88' lang='lat' dir='ltr'><strong>salvum</strong></span> <span class='ocrx_word' id='word_1_161' title='bbox 601 1909 893 1997; x_wconf 82' lang='lat' dir='ltr'><strong>amplissimumque</strong></span> <span class='ocrx_word' id='word_1_162' title='bbox 916 1929 984 1975; x_wconf 88' lang='lat' dir='ltr'><strong>esse</strong></span> <span class='ocrx_word' id='word_1_163' title='bbox 1005 1907 1120 1994; x_wconf 88' lang='lat' dir='ltr'><strong>cupiet.</strong></span> <span class='ocrx_word' id='word_1_164' title='bbox 1163 1908 1274 1973; x_wconf 87' lang='lat' dir='ltr'><strong>Deditn</strong></span> <span class='ocrx_word' id='word_1_165' title='bbox 1296 1929 1393 1996; x_wconf 85' lang='lat' dir='ltr'><strong>opera</strong></span> <span class='ocrx_word' id='word_1_166' title='bbox 1415 1909 1454 1974; x_wconf 89' lang='lat' dir='ltr'><strong>ad</strong></span> <span class='ocrx_word' id='word_1_167' title='bbox 1477 1921 1516 1975; x_wconf 90' lang='lat' dir='ltr'><strong>te</strong></span> <span class='ocrx_word' id='word_1_168' title='bbox 1544 1911 1693 1994; x_wconf 87' lang='lat' dir='ltr'><strong>Calpur·</strong></span> 
     </span>
     <span class='ocr_line' id='line_1_17' title="bbox 334 2001 1793 2088; baseline 0.002 -18"><span class='ocrx_word' id='word_1_169' title='bbox 334 2005 436 2079; x_wconf 90' lang='lat' dir='ltr'><strong>nium,</strong></span> <span class='ocrx_word' id='word_1_170' title='bbox 459 2003 734 2070; x_wconf 84' lang='lat' dir='ltr'><strong>familiarissimum</strong></span> <span class='ocrx_word' id='word_1_171' title='bbox 756 2025 881 2080; x_wconf 92' lang='lat' dir='ltr'><strong>meum,</strong></span> <span class='ocrx_word' id='word_1_172' title='bbox 910 2003 1001 2078; x_wconf 92' lang='lat' dir='ltr'><strong>misi,</strong></span> <span class='ocrx_word' id='word_1_173' title='bbox 1031 2011 1069 2069; x_wconf 88' lang='lat' dir='ltr'><strong>ut</strong></span> <span class='ocrx_word' id='word_1_174' title='bbox 1086 2001 1165 2068; x_wconf 91' lang='lat' dir='ltr'><strong>mihi</strong></span> <span class='ocrx_word' id='word_1_175' title='bbox 1186 2023 1317 2088; x_wconf 88' lang='lat' dir='ltr'><strong>magnae</strong></span> <span class='ocrx_word' id='word_1_176' title='bbox 1338 2024 1432 2070; x_wconf 85' lang='lat' dir='ltr'><strong>curae</strong></span> <span class='ocrx_word' id='word_1_177' title='bbox 1454 2013 1556 2070; x_wconf 86' lang='lat' dir='ltr'><strong>tuam</strong></span> <span class='ocrx_word' id='word_1_178' title='bbox 1583 2003 1689 2068; x_wconf 85' lang='lat' dir='ltr'><strong>vitam</strong></span> <span class='ocrx_word' id='word_1_179' title='bbox 1788 2022 1793 2073; x_wconf 85' lang='lat' dir='ltr'><strong>t</strong></span> 
     </span>
     <span class='ocr_line' id='line_1_18' title="bbox 335 2093 1096 2183; baseline -0.001 -19"><span class='ocrx_word' id='word_1_180' title='bbox 335 2119 371 2164; x_wconf 88' lang='lat' dir='ltr'><strong>ao</strong></span> <span class='ocrx_word' id='word_1_181' title='bbox 392 2099 573 2183; x_wconf 88' lang='lat' dir='ltr'><strong>dignitatem</strong></span> <span class='ocrx_word' id='word_1_182' title='bbox 595 2119 664 2164; x_wconf 86' lang='lat' dir='ltr'><strong>esse</strong></span> <span class='ocrx_word' id='word_1_183' title='bbox 686 2103 812 2164; x_wconf 86' lang='lat' dir='ltr'><strong>scires.&#39;’</strong></span> <span class='ocrx_word' id='word_1_184' title='bbox 1082 2093 1096 2116; x_wconf 84' lang='lat'>’</span> 
     </span>
    </p>
   </div>
   <div class='ocr_carea' id='block_1_3' title="bbox 418 2189 1793 2327">
    <p class='ocr_par' dir='ltr' id='par_1_3' title="bbox 418 2189 1793 2327">
     <span class='ocr_line' id='line_1_19' title="bbox 418 2189 1793 2327; baseline 0.001 -69"><span class='ocrx_word' id='word_1_185' title='bbox 418 2192 539 2258; x_wconf 87' lang='lat' dir='ltr'><strong>Eodem</strong></span> <span class='ocrx_word' id='word_1_186' title='bbox 560 2192 612 2257; x_wconf 90' lang='lat' dir='ltr'><strong>die</strong></span> <span class='ocrx_word' id='word_1_187' title='bbox 632 2213 652 2258; x_wconf 90' lang='lat' dir='ltr'><strong>a</strong></span> <span class='ocrx_word' id='word_1_188' title='bbox 673 2195 808 2259; x_wconf 87' lang='lat' dir='ltr'><strong>Caesare</strong></span> <span class='ocrx_word' id='word_1_189' title='bbox 828 2189 1014 2257; x_wconf 87' lang='lat' dir='ltr'><strong>Philotimus</strong></span> <span class='ocrx_word' id='word_1_190' title='bbox 1035 2189 1137 2256; x_wconf 93' lang='lat' dir='ltr'><strong>attulit</strong></span> <span class='ocrx_word' id='word_1_191' title='bbox 1157 2191 1218 2257; x_wconf 91' lang='lat' dir='ltr'><strong>hoc</strong></span> <span class='ocrx_word' id='word_1_192' title='bbox 1239 2191 1399 2279; x_wconf 84' lang='lat' dir='ltr'><strong>exemplo:</strong></span> <span class='ocrx_word' id='word_1_193' title='bbox 1787 2190 1793 2327; x_wconf 58' lang='lat' dir='ltr'><strong>q</strong></span> 
     </span>
    </p>
   </div>
   <div class='ocr_carea' id='block_1_4' title="bbox 975 2335 999 2396">
    <p class='ocr_par' dir='ltr' id='par_1_4' title="bbox 975 2335 999 2396">
     <span class='ocr_line' id='line_1_20' title="bbox 975 2335 999 2396; baseline 0 0"><span class='ocrx_word' id='word_1_194' title='bbox 975 2335 999 2396; x_wconf 92' lang='lat' dir='ltr'><strong>B</strong></span> 
     </span>
    </p>
   </div>
   <div class='ocr_carea' id='block_1_5' title="bbox 296 2421 1791 2522">
    <p class='ocr_par' dir='ltr' id='par_1_5' title="bbox 296 2421 1791 2522">
     <span class='ocr_line' id='line_1_21' title="bbox 296 2421 1791 2522; baseline 0.005 -3"><span class='ocrx_word' id='word_1_195' title='bbox 296 2475 324 2519; x_wconf 70' lang='lat' dir='ltr'><strong>a·</strong></span> <span class='ocrx_word' id='word_1_196' title='bbox 656 2455 808 2520; x_wconf 75' lang='lat' dir='ltr'><strong>elustn</strong></span> <span class='ocrx_word' id='word_1_197' title='bbox 828 2454 908 2518; x_wconf 82' lang='lat' dir='ltr'><strong>mr.</strong></span> <span class='ocrx_word' id='word_1_198' title='bbox 932 2455 1118 2520; x_wconf 79' lang='lat' dir='ltr'><strong>utcunoru</strong></span> <span class='ocrx_word' id='word_1_199' title='bbox 1140 2458 1219 2522; x_wconf 77' lang='lat' dir='ltr'><strong>rue</strong></span> <span class='ocrx_word' id='word_1_200' title='bbox 1243 2421 1279 2520; x_wconf 66' lang='lat' dir='ltr'><strong>s.</strong></span> <span class='ocrx_word' id='word_1_201' title='bbox 1296 2459 1334 2522; x_wconf 91' lang='lat' dir='ltr'><strong>n.</strong></span> <span class='ocrx_word' id='word_1_202' title='bbox 1786 2426 1791 2495; x_wconf 85' lang='lat' dir='ltr'><strong>t</strong></span> 
     </span>
    </p>
   </div>
   <div class='ocr_carea' id='block_1_6' title="bbox 334 2563 1793 2940">
    <p class='ocr_par' dir='ltr' id='par_1_6' title="bbox 334 2563 1793 2940">
     <span class='ocr_line' id='line_1_22' title="bbox 419 2563 1792 2653; baseline 0.003 -22"><span class='ocrx_word' id='word_1_203' title='bbox 419 2570 477 2642; x_wconf 76' lang='lat' dir='ltr'><strong>„t</strong></span> <span class='ocrx_word' id='word_1_204' title='bbox 498 2563 564 2630; x_wconf 90' lang='lat' dir='ltr'><strong>Etsi</strong></span> <span class='ocrx_word' id='word_1_205' title='bbox 591 2574 623 2628; x_wconf 86' lang='lat' dir='ltr'><strong>te</strong></span> <span class='ocrx_word' id='word_1_206' title='bbox 652 2563 730 2628; x_wconf 94' lang='lat' dir='ltr'><strong>nihil</strong></span> <span class='ocrx_word' id='word_1_207' title='bbox 760 2572 898 2638; x_wconf 88' lang='lat' dir='ltr'><strong>temere,</strong></span> <span class='ocrx_word' id='word_1_208' title='bbox 935 2563 1013 2630; x_wconf 92' lang='lat' dir='ltr'><strong>nihil</strong></span> <span class='ocrx_word' id='word_1_209' title='bbox 1039 2565 1255 2653; x_wconf 87' lang='lat' dir='ltr'><strong>imprudenter</strong></span> <span class='ocrx_word' id='word_1_210' title='bbox 1284 2567 1438 2634; x_wconf 85' lang='lat' dir='ltr'><strong>iacturum</strong></span> <span class='ocrx_word' id='word_1_211' title='bbox 1466 2568 1675 2638; x_wconf 89' lang='lat' dir='ltr'><strong>iudicaram.</strong></span> <span class='ocrx_word' id='word_1_212' title='bbox 1789 2600 1792 2615; x_wconf 84' lang='lat'><em>=</em></span> 
     </span>
     <span class='ocr_line' id='line_1_23' title="bbox 335 2657 1674 2751; baseline 0.001 -26"><span class='ocrx_word' id='word_1_213' title='bbox 335 2670 437 2726; x_wconf 90' lang='lat' dir='ltr'><strong>tamen</strong></span> <span class='ocrx_word' id='word_1_214' title='bbox 470 2667 631 2746; x_wconf 87' lang='lat' dir='ltr'><strong>permotus</strong></span> <span class='ocrx_word' id='word_1_215' title='bbox 662 2657 825 2723; x_wconf 91' lang='lat' dir='ltr'><strong>hominum</strong></span> <span class='ocrx_word' id='word_1_216' title='bbox 852 2657 934 2724; x_wconf 87' lang='lat' dir='ltr'><strong>lama</strong></span> <span class='ocrx_word' id='word_1_217' title='bbox 960 2657 1167 2726; x_wconf 86' lang='lat' dir='ltr'><strong>scribendum·</strong></span> <span class='ocrx_word' id='word_1_218' title='bbox 1198 2661 1237 2726; x_wconf 90' lang='lat' dir='ltr'><strong>ad</strong></span> <span class='ocrx_word' id='word_1_219' title='bbox 1268 2671 1299 2726; x_wconf 86' lang='lat' dir='ltr'><strong>te</strong></span> <span class='ocrx_word' id='word_1_220' title='bbox 1328 2663 1505 2728; x_wconf 84' lang='lat' dir='ltr'><strong>existimavi</strong></span> <span class='ocrx_word' id='word_1_221' title='bbox 1539 2675 1575 2731; x_wconf 88' lang='lat' dir='ltr'><strong>et</strong></span> <span class='ocrx_word' id='word_1_222' title='bbox 1611 2683 1674 2751; x_wconf 93' lang='lat' dir='ltr'><strong>pro</strong></span> 
     </span>
     <span class='ocr_line' id='line_1_24' title="bbox 334 2751 1671 2841; baseline 0.003 -22"><span class='ocrx_word' id='word_1_223' title='bbox 334 2764 440 2820; x_wconf 84' lang='lat' dir='ltr'><strong>nostra</strong></span> <span class='ocrx_word' id='word_1_224' title='bbox 462 2752 680 2819; x_wconf 87' lang='lat' dir='ltr'><strong>benevolentia</strong></span> <span class='ocrx_word' id='word_1_225' title='bbox 701 2751 887 2838; x_wconf 87' lang='lat' dir='ltr'><strong>petendum,</strong></span> <span class='ocrx_word' id='word_1_226' title='bbox 917 2773 957 2818; x_wconf 88' lang='lat' dir='ltr'><strong>ue</strong></span> <span class='ocrx_word' id='word_1_227' title='bbox 979 2774 1043 2839; x_wconf 92' lang='lat' dir='ltr'><strong>quo</strong></span> <span class='ocrx_word' id='word_1_228' title='bbox 1066 2754 1304 2840; x_wconf 82' lang='lat' dir='ltr'><strong>progredereris</strong></span> <span class='ocrx_word' id='word_1_229' title='bbox 1326 2757 1497 2841; x_wconf 87' lang='lat' dir='ltr'><strong>proclinata</strong></span> <span class='ocrx_word' id='word_1_230' title='bbox 1520 2757 1592 2823; x_wconf 91' lang='lat' dir='ltr'><strong>iam</strong></span> <span class='ocrx_word' id='word_1_231' title='bbox 1617 2778 1671 2830; x_wconf 88' lang='lat' dir='ltr'><strong>re,</strong></span> 
     </span>
     <span class='ocr_line' id='line_1_25' title="bbox 334 2804 1793 2940; baseline 0.001 -25"><span class='ocrx_word' id='word_1_232' title='bbox 334 2870 399 2936; x_wconf 92' lang='lat' dir='ltr'><strong>quo</strong></span> <span class='ocrx_word' id='word_1_233' title='bbox 427 2849 548 2933; x_wconf 86' lang='lat' dir='ltr'><strong>integra</strong></span> <span class='ocrx_word' id='word_1_234' title='bbox 576 2848 668 2912; x_wconf 84' lang='lat' dir='ltr'><strong>etiarn</strong></span> <span class='ocrx_word' id='word_1_235' title='bbox 701 2845 969 2932; x_wconf 86' lang='lat' dir='ltr'><strong>progrediendum</strong></span> <span class='ocrx_word' id='word_1_236' title='bbox 998 2846 1055 2913; x_wconf 88' lang='lat' dir='ltr'><strong>tihi</strong></span> <span class='ocrx_word' id='word_1_237' title='bbox 1086 2869 1149 2913; x_wconf 93' lang='lat' dir='ltr'><strong>non</strong></span> <span class='ocrx_word' id='word_1_238' title='bbox 1179 2850 1400 2915; x_wconf 86' lang='lat' dir='ltr'><strong>existimasses.</strong></span> <span class='ocrx_word' id='word_1_239' title='bbox 1455 2856 1608 2940; x_wconf 88' lang='lat' dir='ltr'><strong>Namque</strong></span> <span class='ocrx_word' id='word_1_240' title='bbox 1639 2861 1670 2916; x_wconf 92' lang='lat' dir='ltr'><strong>et</strong></span> <span class='ocrx_word' id='word_1_241' title='bbox 1788 2804 1793 2916; x_wconf 93' lang='lat' dir='ltr'><strong>l</strong></span> 
     </span>
    </p>
   </div>
   <div class='ocr_carea' id='block_1_7' title="bbox 295 2940 1670 3973">
    <p class='ocr_par' dir='ltr' id='par_1_7' title="bbox 296 2940 1670 3406">
     <span class='ocr_line' id='line_1_26' title="bbox 296 2940 1670 3027; baseline 0 -19"><span class='ocrx_word' id='word_1_242' title='bbox 296 2976 324 3018; x_wconf 63' lang='lat' dir='ltr'><strong>a,</strong></span> <span class='ocrx_word' id='word_1_243' title='bbox 334 2942 488 3008; x_wconf 88' lang='lat' dir='ltr'><strong>amicitiae</strong></span> <span class='ocrx_word' id='word_1_244' title='bbox 516 2942 696 3027; x_wconf 81' lang='lat' dir='ltr'><strong>graviorem</strong></span> <span class='ocrx_word' id='word_1_245' title='bbox 724 2941 871 3006; x_wconf 85' lang='lat' dir='ltr'><strong>iniuriam</strong></span> <span class='ocrx_word' id='word_1_246' title='bbox 898 2940 1012 3006; x_wconf 86' lang='lat' dir='ltr'><strong>leceris</strong></span> <span class='ocrx_word' id='word_1_247' title='bbox 1040 2949 1071 3006; x_wconf 88' lang='lat' dir='ltr'><strong>et</strong></span> <span class='ocrx_word' id='word_1_248' title='bbox 1098 2941 1155 3008; x_wconf 88' lang='lat' dir='ltr'><strong>tibi</strong></span> <span class='ocrx_word' id='word_1_249' title='bbox 1178 2943 1279 3008; x_wconf 88' lang='lat' dir='ltr'><strong>minus</strong></span> <span class='ocrx_word' id='word_1_250' title='bbox 1305 2943 1469 3010; x_wconf 90' lang='lat' dir='ltr'><strong>commode</strong></span> <span class='ocrx_word' id='word_1_251' title='bbox 1491 2945 1670 3012; x_wconf 88' lang='lat' dir='ltr'><strong>consulue-</strong></span> 
     </span>
     <span class='ocr_line' id='line_1_27' title="bbox 332 3033 1666 3112; baseline -0.001 -10"><span class='ocrx_word' id='word_1_252' title='bbox 332 3038 393 3112; x_wconf 87' lang='lat' dir='ltr'><strong>ris,</strong></span> <span class='ocrx_word' id='word_1_253' title='bbox 423 3038 450 3103; x_wconf 91' lang='lat' dir='ltr'><strong>si</strong></span> <span class='ocrx_word' id='word_1_254' title='bbox 479 3057 543 3101; x_wconf 92' lang='lat' dir='ltr'><strong>non</strong></span> <span class='ocrx_word' id='word_1_255' title='bbox 572 3035 717 3101; x_wconf 83' lang='lat' dir='ltr'><strong>fortunae</strong></span> <span class='ocrx_word' id='word_1_256' title='bbox 745 3033 913 3100; x_wconf 87' lang='lat' dir='ltr'><strong>obsecutus</strong></span> <span class='ocrx_word' id='word_1_257' title='bbox 942 3034 1091 3101; x_wconf 89' lang='lat' dir='ltr'><strong>videbere</strong></span> <span class='ocrx_word' id='word_1_258' title='bbox 1119 3073 1161 3084; x_wconf 92' lang='lat'><em>-</em></span> <span class='ocrx_word' id='word_1_259' title='bbox 1201 3037 1305 3102; x_wconf 87' lang='lat' dir='ltr'><strong>omnia</strong></span> <span class='ocrx_word' id='word_1_260' title='bbox 1326 3038 1409 3102; x_wconf 88' lang='lat' dir='ltr'><strong>euim</strong></span> <span class='ocrx_word' id='word_1_261' title='bbox 1431 3038 1666 3106; x_wconf 86' lang='lat' dir='ltr'><strong>secundissima</strong></span> 
     </span>
     <span class='ocr_line' id='line_1_28' title="bbox 332 3127 1665 3207; baseline 0.002 -11"><span class='ocrx_word' id='word_1_262' title='bbox 332 3129 445 3207; x_wconf 91' lang='lat' dir='ltr'><strong>nohis,</strong></span> <span class='ocrx_word' id='word_1_263' title='bbox 482 3129 702 3195; x_wconf 70' lang='lat' dir='ltr'><strong>adversissimas</strong></span> <span class='ocrx_word' id='word_1_264' title='bbox 731 3128 792 3194; x_wconf 90' lang='lat' dir='ltr'><strong>illis</strong></span> <span class='ocrx_word' id='word_1_265' title='bbox 822 3127 972 3194; x_wconf 87' lang='lat' dir='ltr'><strong>accidisse</strong></span> <span class='ocrx_word' id='word_1_266' title='bbox 994 3129 1142 3195; x_wconf 87' lang='lat' dir='ltr'><strong>videntur</strong></span> <span class='ocrx_word' id='word_1_267' title='bbox 1163 3166 1219 3206; x_wconf 91' lang='lat'><strong>—-,</strong></span> <span class='ocrx_word' id='word_1_268' title='bbox 1242 3151 1301 3196; x_wconf 89' lang='lat' dir='ltr'><strong>nec</strong></span> <span class='ocrx_word' id='word_1_269' title='bbox 1322 3151 1445 3196; x_wconf 90' lang='lat' dir='ltr'><strong>oausam</strong></span> <span class='ocrx_word' id='word_1_270' title='bbox 1468 3144 1600 3200; x_wconf 88' lang='lat' dir='ltr'><strong>secutus</strong></span> <span class='ocrx_word' id='word_1_271' title='bbox 1623 3167 1665 3178; x_wconf 91' lang='lat'>-</span> 
     </span>
     <span class='ocr_line' id='line_1_29' title="bbox 334 3220 1663 3304; baseline 0 -14"><span class='ocrx_word' id='word_1_272' title='bbox 334 3225 443 3290; x_wconf 86' lang='lat' dir='ltr'><strong>eadem</strong></span> <span class='ocrx_word' id='word_1_273' title='bbox 466 3226 547 3292; x_wconf 89' lang='lat' dir='ltr'><strong>enim</strong></span> <span class='ocrx_word' id='word_1_274' title='bbox 570 3233 635 3290; x_wconf 89' lang='lat' dir='ltr'><strong>tum</strong></span> <span class='ocrx_word' id='word_1_275' title='bbox 664 3223 737 3299; x_wconf 88' lang='lat' dir='ltr'><strong>luit,</strong></span> <span class='ocrx_word' id='word_1_276' title='bbox 773 3243 844 3287; x_wconf 90' lang='lat' dir='ltr'><strong>cum</strong></span> <span class='ocrx_word' id='word_1_277' title='bbox 867 3220 907 3287; x_wconf 89' lang='lat' dir='ltr'><strong>ab</strong></span> <span class='ocrx_word' id='word_1_278' title='bbox 930 3243 1041 3290; x_wconf 90' lang='lat' dir='ltr'><strong>eorum</strong></span> <span class='ocrx_word' id='word_1_279' title='bbox 1064 3224 1203 3290; x_wconf 90' lang='lat' dir='ltr'><strong>consiliis</strong></span> <span class='ocrx_word' id='word_1_280' title='bbox 1224 3223 1333 3291; x_wconf 84' lang='lat' dir='ltr'><strong>abesse</strong></span> <span class='ocrx_word' id='word_1_281' title='bbox 1355 3224 1498 3294; x_wconf 90' lang='lat' dir='ltr'><strong>iudicasti</strong></span> <span class='ocrx_word' id='word_1_282' title='bbox 1519 3265 1580 3304; x_wconf 90' lang='lat'><strong>—-,</strong></span> <span class='ocrx_word' id='word_1_283' title='bbox 1606 3223 1663 3292; x_wconf 89' lang='lat' dir='ltr'><strong>sed</strong></span> 
     </span>
     <span class='ocr_line' id='line_1_30' title="bbox 332 3315 1661 3406; baseline 0 -22"><span class='ocrx_word' id='word_1_284' title='bbox 332 3340 438 3385; x_wconf 91' lang='lat' dir='ltr'><strong>meum</strong></span> <span class='ocrx_word' id='word_1_285' title='bbox 459 3319 586 3406; x_wconf 90' lang='lat' dir='ltr'><strong>aliquod</strong></span> <span class='ocrx_word' id='word_1_286' title='bbox 608 3319 722 3384; x_wconf 91' lang='lat' dir='ltr'><strong>lactum</strong></span> <span class='ocrx_word' id='word_1_287' title='bbox 744 3315 1017 3397; x_wconf 85' lang='lat' dir='ltr'><strong>condemnavisse;</strong></span> <span class='ocrx_word' id='word_1_288' title='bbox 1049 3341 1113 3406; x_wconf 92' lang='lat' dir='ltr'><strong>quo</strong></span> <span class='ocrx_word' id='word_1_289' title='bbox 1135 3320 1211 3385; x_wconf 91' lang='lat' dir='ltr'><strong>mihi</strong></span> <span class='ocrx_word' id='word_1_290' title='bbox 1235 3319 1360 3404; x_wconf 86' lang='lat' dir='ltr'><strong>gravius</strong></span> <span class='ocrx_word' id='word_1_291' title='bbox 1382 3319 1437 3386; x_wconf 85' lang='lat' dir='ltr'><strong>ahs</strong></span> <span class='ocrx_word' id='word_1_292' title='bbox 1459 3332 1489 3388; x_wconf 89' lang='lat' dir='ltr'><strong>te</strong></span> <span class='ocrx_word' id='word_1_293' title='bbox 1511 3323 1556 3388; x_wconf 91' lang='lat' dir='ltr'><strong>nil</strong></span> <span class='ocrx_word' id='word_1_294' title='bbox 1580 3319 1661 3386; x_wconf 88' lang='lat' dir='ltr'><strong>acci·</strong></span> 
     </span>
    </p>

    <p class='ocr_par' dir='ltr' id='par_1_8' title="bbox 295 3408 1659 3880">
     <span class='ocr_line' id='line_1_31' title="bbox 295 3408 1657 3503; baseline -0.004 -21"><span class='ocrx_word' id='word_1_295' title='bbox 295 3413 409 3486; x_wconf 71' lang='lat' dir='ltr'><strong>andere</strong></span> <span class='ocrx_word' id='word_1_296' title='bbox 439 3425 551 3500; x_wconf 90' lang='lat' dir='ltr'><strong>potest.</strong></span> <span class='ocrx_word' id='word_1_297' title='bbox 595 3413 688 3491; x_wconf 87' lang='lat' dir='ltr'><strong>Quod</strong></span> <span class='ocrx_word' id='word_1_298' title='bbox 718 3433 758 3476; x_wconf 92' lang='lat' dir='ltr'><strong>ne</strong></span> <span class='ocrx_word' id='word_1_299' title='bbox 786 3408 896 3486; x_wconf 83' lang='lat' dir='ltr'><strong>iacias,</strong></span> <span class='ocrx_word' id='word_1_300' title='bbox 935 3432 994 3497; x_wconf 88' lang='lat' dir='ltr'><strong>pro</strong></span> <span class='ocrx_word' id='word_1_301' title='bbox 1022 3415 1092 3482; x_wconf 88' lang='lat' dir='ltr'><strong>iure</strong></span> <span class='ocrx_word' id='word_1_302' title='bbox 1121 3424 1247 3480; x_wconf 87' lang='lat' dir='ltr'><strong>nostrae</strong></span> <span class='ocrx_word' id='word_1_303' title='bbox 1274 3415 1430 3480; x_wconf 85' lang='lat' dir='ltr'><strong>amicitiae</strong></span> <span class='ocrx_word' id='word_1_304' title='bbox 1462 3437 1479 3480; x_wconf 85' lang='lat' dir='ltr'><strong>a</strong></span> <span class='ocrx_word' id='word_1_305' title='bbox 1512 3427 1543 3482; x_wconf 92' lang='lat' dir='ltr'><strong>te</strong></span> <span class='ocrx_word' id='word_1_306' title='bbox 1574 3425 1657 3503; x_wconf 91' lang='lat' dir='ltr'><strong>peto.</strong></span> 
     </span>
     <span class='ocr_line' id='line_1_32' title="bbox 333 3501 1659 3595; baseline -0.002 -22"><span class='ocrx_word' id='word_1_307' title='bbox 333 3513 363 3573; x_wconf 80' lang='lat'><strong>2.</strong></span> <span class='ocrx_word' id='word_1_308' title='bbox 392 3513 570 3580; x_wconf 86' lang='lat' dir='ltr'><strong>Postremo,</strong></span> <span class='ocrx_word' id='word_1_309' title='bbox 599 3505 675 3594; x_wconf 93' lang='lat' dir='ltr'><strong>quid</strong></span> <span class='ocrx_word' id='word_1_310' title='bbox 704 3505 776 3571; x_wconf 84' lang='lat' dir='ltr'><strong>viro</strong></span> <span class='ocrx_word' id='word_1_311' title='bbox 811 3501 897 3568; x_wconf 89' lang='lat' dir='ltr'><strong>hono</strong></span> <span class='ocrx_word' id='word_1_312' title='bbox 933 3515 965 3570; x_wconf 91' lang='lat' dir='ltr'><strong>et</strong></span> <span class='ocrx_word' id='word_1_313' title='bbox 993 3513 1102 3593; x_wconf 91' lang='lat' dir='ltr'><strong>quieto</strong></span> <span class='ocrx_word' id='word_1_314' title='bbox 1130 3517 1161 3575; x_wconf 96' lang='lat' dir='ltr'><strong>et</strong></span> <span class='ocrx_word' id='word_1_315' title='bbox 1189 3507 1274 3575; x_wconf 91' lang='lat' dir='ltr'><strong>hono</strong></span> <span class='ocrx_word' id='word_1_316' title='bbox 1304 3508 1364 3574; x_wconf 89' lang='lat' dir='ltr'><strong>civi</strong></span> <span class='ocrx_word' id='word_1_317' title='bbox 1390 3510 1489 3595; x_wconf 88' lang='lat' dir='ltr'><strong>magis</strong></span> <span class='ocrx_word' id='word_1_318' title='bbox 1510 3508 1659 3576; x_wconf 87' lang='lat' dir='ltr'><strong>convenit</strong></span> 
     </span>
     <span class='ocr_line' id='line_1_33' title="bbox 333 3599 1654 3690; baseline 0 -23"><span class='ocrx_word' id='word_1_319' title='bbox 333 3623 427 3687; x_wconf 86' lang='lat' dir='ltr'><strong>quam</strong></span> <span class='ocrx_word' id='word_1_320' title='bbox 455 3601 564 3666; x_wconf 87' lang='lat' dir='ltr'><strong>ahessc</strong></span> <span class='ocrx_word' id='word_1_321' title='bbox 591 3623 609 3666; x_wconf 87' lang='lat' dir='ltr'><strong>a</strong></span> <span class='ocrx_word' id='word_1_322' title='bbox 638 3599 782 3666; x_wconf 82' lang='lat' dir='ltr'><strong>civilibus</strong></span> <span class='ocrx_word' id='word_1_323' title='bbox 803 3601 1048 3666; x_wconf 82' lang='lat' dir='ltr'><strong>controversiist</strong></span> <span class='ocrx_word' id='word_1_324' title='bbox 1086 3602 1179 3680; x_wconf 90' lang='lat' dir='ltr'><strong>Quod</strong></span> <span class='ocrx_word' id='word_1_325' title='bbox 1209 3603 1350 3668; x_wconf 91' lang='lat' dir='ltr'><strong>nonnulli</strong></span> <span class='ocrx_word' id='word_1_326' title='bbox 1372 3625 1442 3670; x_wconf 92' lang='lat' dir='ltr'><strong>cum</strong></span> <span class='ocrx_word' id='word_1_327' title='bbox 1464 3605 1654 3690; x_wconf 86' lang='lat' dir='ltr'><strong>probarent,</strong></span> 
     </span>
     <span class='ocr_line' id='line_1_34' title="bbox 333 3696 1656 3783; baseline 0.001 -23"><span class='ocrx_word' id='word_1_328' title='bbox 333 3696 467 3780; x_wconf 91' lang='lat' dir='ltr'><strong>periculi</strong></span> <span class='ocrx_word' id='word_1_329' title='bbox 493 3716 585 3761; x_wconf 86' lang='lat' dir='ltr'><strong>causa</strong></span> <span class='ocrx_word' id='word_1_330' title='bbox 607 3696 697 3782; x_wconf 89' lang='lat' dir='ltr'><strong>sequi</strong></span> <span class='ocrx_word' id='word_1_331' title='bbox 723 3715 785 3760; x_wconf 93' lang='lat' dir='ltr'><strong>non</strong></span> <span class='ocrx_word' id='word_1_332' title='bbox 814 3698 995 3780; x_wconf 84' lang='lat' dir='ltr'><strong>potuerunt.</strong></span> <span class='ocrx_word' id='word_1_333' title='bbox 1037 3701 1093 3773; x_wconf 89' lang='lat' dir='ltr'><strong>Tu,</strong></span> <span class='ocrx_word' id='word_1_334' title='bbox 1117 3698 1281 3783; x_wconf 86' lang='lat' dir='ltr'><strong>explorato</strong></span> <span class='ocrx_word' id='word_1_335' title='bbox 1303 3707 1334 3762; x_wconf 90' lang='lat' dir='ltr'><strong>et</strong></span> <span class='ocrx_word' id='word_1_336' title='bbox 1356 3697 1437 3764; x_wconf 87' lang='lat' dir='ltr'><strong>vitae</strong></span> <span class='ocrx_word' id='word_1_337' title='bbox 1460 3721 1548 3765; x_wconf 88' lang='lat' dir='ltr'><strong>mene</strong></span> <span class='ocrx_word' id='word_1_338' title='bbox 1572 3696 1656 3765; x_wconf 86' lang='lat' dir='ltr'><strong>testi-</strong></span> 
     </span>
     <span class='ocr_line' id='line_1_35' title="bbox 334 3790 1654 3880; baseline 0.001 -25"><span class='ocrx_word' id='word_1_339' title='bbox 334 3791 442 3856; x_wconf 92' lang='lat' dir='ltr'><strong>monio</strong></span> <span class='ocrx_word' id='word_1_340' title='bbox 464 3799 496 3856; x_wconf 88' lang='lat' dir='ltr'><strong>et</strong></span> <span class='ocrx_word' id='word_1_341' title='bbox 516 3790 671 3856; x_wconf 88' lang='lat' dir='ltr'><strong>amicitiae</strong></span> <span class='ocrx_word' id='word_1_342' title='bbox 691 3790 824 3867; x_wconf 85' lang='lat' dir='ltr'><strong>iudicio,</strong></span> <span class='ocrx_word' id='word_1_343' title='bbox 853 3811 955 3879; x_wconf 89' lang='lat' dir='ltr'><strong>neque</strong></span> <span class='ocrx_word' id='word_1_344' title='bbox 978 3790 1073 3856; x_wconf 87' lang='lat' dir='ltr'><strong>tutius</strong></span> <span class='ocrx_word' id='word_1_345' title='bbox 1094 3812 1197 3877; x_wconf 89' lang='lat' dir='ltr'><strong>neque</strong></span> <span class='ocrx_word' id='word_1_346' title='bbox 1221 3790 1382 3857; x_wconf 83' lang='lat' dir='ltr'><strong>honestius</strong></span> <span class='ocrx_word' id='word_1_347' title='bbox 1403 3793 1544 3878; x_wconf 84' lang='lat' dir='ltr'><strong>reperies</strong></span> <span class='ocrx_word' id='word_1_348' title='bbox 1568 3790 1654 3880; x_wconf 92' lang='lat' dir='ltr'><strong>quid-</strong></span> 
     </span>
    </p>

    <p class='ocr_par' dir='ltr' id='par_1_9' title="bbox 296 3883 1606 3973">
     <span class='ocr_line' id='line_1_36' title="bbox 296 3883 1606 3973; baseline -0.002 -19"><span class='ocrx_word' id='word_1_349' title='bbox 296 3904 428 3970; x_wconf 79' lang='lat' dir='ltr'><strong>arquam</strong></span> <span class='ocrx_word' id='word_1_350' title='bbox 451 3907 542 3973; x_wconf 84' lang='lat' dir='ltr'><strong>quam</strong></span> <span class='ocrx_word' id='word_1_351' title='bbox 565 3884 603 3949; x_wconf 84' lang='lat' dir='ltr'><strong>nh</strong></span> <span class='ocrx_word' id='word_1_352' title='bbox 626 3886 712 3951; x_wconf 91' lang='lat' dir='ltr'><strong>omni</strong></span> <span class='ocrx_word' id='word_1_353' title='bbox 733 3886 931 3952; x_wconf 90' lang='lat' dir='ltr'><strong>contentione</strong></span> <span class='ocrx_word' id='word_1_354' title='bbox 952 3883 1072 3951; x_wconf 85' lang='lat' dir='ltr'><strong>abesse.</strong></span> <span class='ocrx_word' id='word_1_355' title='bbox 1115 3905 1172 3951; x_wconf 78' lang='lat' dir='ltr'><strong>uu.</strong></span> <span class='ocrx_word' id='word_1_356' title='bbox 1194 3887 1262 3952; x_wconf 86' lang='lat' dir='ltr'><strong>llal.</strong></span> <span class='ocrx_word' id='word_1_357' title='bbox 1283 3885 1380 3952; x_wconf 83' lang='lat' dir='ltr'><strong>Maias</strong></span> <span class='ocrx_word' id='word_1_358' title='bbox 1401 3907 1442 3951; x_wconf 85' lang='lat' dir='ltr'><strong>ex</strong></span> <span class='ocrx_word' id='word_1_359' title='bbox 1463 3887 1606 3953; x_wconf 85' lang='lat' dir='ltr'><strong>itinere.”</strong></span> 
     </span>
    </p>
   </div>
   <div class='ocr_carea' id='block_1_8' title="bbox 333 4095 1650 4938">
    <p class='ocr_par' dir='ltr' id='par_1_10' title="bbox 333 4095 1650 4938">
     <span class='ocr_line' id='line_1_37' title="bbox 379 4095 1650 4169; baseline -0.008 -15"><span class='ocrx_word' id='word_1_360' title='bbox 379 4103 431 4169; x_wconf 86' lang='grc'>,1.</span> <span class='ocrx_word' id='word_1_361' title='bbox 449 4102 533 4150; x_wconf 76' lang='lat' dir='ltr'><strong>nimio</strong></span> <span class='ocrx_word' id='word_1_362' title='bbox 552 4103 577 4147; x_wconf 81' lang='lat' dir='ltr'><strong>te</strong></span> <span class='ocrx_word' id='word_1_363' title='bbox 595 4099 626 4149; x_wconf 86' lang='lat' dir='ltr'><strong>ll.</strong></span> <span class='ocrx_word' id='word_1_364' title='bbox 651 4121 678 4133; x_wconf 91' lang='lat'>-</span> <span class='ocrx_word' id='word_1_365' title='bbox 716 4099 742 4149; x_wconf 78' lang='lat'><strong>2.</strong></span> <span class='ocrx_word' id='word_1_366' title='bbox 762 4099 827 4148; x_wconf 70' lang='lat' dir='ltr'><strong>mett</strong></span> <span class='ocrx_word' id='word_1_367' title='bbox 843 4096 955 4164; x_wconf 76' lang='lat' dir='ltr'><strong>[omem]</strong></span> <span class='ocrx_word' id='word_1_368' title='bbox 973 4100 1003 4148; x_wconf 82' lang='lat' dir='ltr'><strong>tn</strong></span> <span class='ocrx_word' id='word_1_369' title='bbox 1019 4099 1132 4162; x_wconf 76' lang='lat' dir='ltr'><strong>sumtum</strong></span> <span class='ocrx_word' id='word_1_370' title='bbox 1150 4099 1172 4148; x_wconf 94' lang='grc'>1.</span> <span class='ocrx_word' id='word_1_371' title='bbox 1204 4119 1232 4137; x_wconf 65' lang='grc' dir='ltr'><strong>ι-</strong></span> <span class='ocrx_word' id='word_1_372' title='bbox 1270 4101 1352 4165; x_wconf 63' lang='lat' dir='ltr'><strong>pulsa,</strong></span> <span class='ocrx_word' id='word_1_373' title='bbox 1371 4100 1470 4165; x_wconf 74' lang='lat' dir='ltr'><strong>[nicom</strong></span> <span class='ocrx_word' id='word_1_374' title='bbox 1489 4095 1550 4163; x_wconf 84' lang='lat' dir='ltr'><strong>(sic)</strong></span> <span class='ocrx_word' id='word_1_375' title='bbox 1571 4108 1650 4162; x_wconf 78' lang='lat' dir='ltr'><strong>opno-</strong></span> 
     </span>
     <span class='ocr_line' id='line_1_38' title="bbox 333 4169 1648 4236; baseline -0.01 -10"><span class='ocrx_word' id='word_1_376' title='bbox 333 4188 404 4226; x_wconf 78' lang='lat' dir='ltr'><strong>scsrs</strong></span> <span class='ocrx_word' id='word_1_377' title='bbox 420 4171 581 4236; x_wconf 77' lang='lat' dir='ltr'><strong>mnpntxz.</strong></span> <span class='ocrx_word' id='word_1_378' title='bbox 600 4193 635 4205; x_wconf 88' lang='lat'><em>-</em></span> <span class='ocrx_word' id='word_1_379' title='bbox 651 4169 972 4234; x_wconf 62' lang='lat' dir='ltr'><strong>mopseustiam</strong></span> <span class='ocrx_word' id='word_1_380' title='bbox 991 4183 1047 4232; x_wconf 87' lang='lat' dir='ltr'><strong>mg.</strong></span> <span class='ocrx_word' id='word_1_381' title='bbox 1067 4169 1106 4220; x_wconf 86' lang='grc'>111.</span> <span class='ocrx_word' id='word_1_382' title='bbox 1142 4170 1185 4232; x_wconf 88' lang='lat' dir='ltr'><strong>(Ut</strong></span> <span class='ocrx_word' id='word_1_383' title='bbox 1203 4184 1262 4230; x_wconf 84' lang='lat' dir='ltr'><strong>nos,</strong></span> <span class='ocrx_word' id='word_1_384' title='bbox 1282 4171 1328 4228; x_wconf 78' lang='grc' dir='ltr'><strong>Υ.)</strong></span> <span class='ocrx_word' id='word_1_385' title='bbox 1345 4193 1378 4208; x_wconf 88' lang='grc'>-</span> <span class='ocrx_word' id='word_1_386' title='bbox 1414 4184 1468 4220; x_wconf 82' lang='lat' dir='ltr'><strong>esse</strong></span> <span class='ocrx_word' id='word_1_387' title='bbox 1485 4176 1563 4220; x_wconf 81' lang='lat' dir='ltr'><strong>tram</strong></span> <span class='ocrx_word' id='word_1_388' title='bbox 1580 4178 1648 4218; x_wconf 82' lang='lat' dir='ltr'><strong>more</strong></span> 
     </span>
     <span class='ocr_line' id='line_1_39' title="bbox 333 4240 1648 4306; baseline -0.009 -8"><span class='ocrx_word' id='word_1_389' title='bbox 333 4247 379 4306; x_wconf 85' lang='lat' dir='ltr'><strong>hl,</strong></span> <span class='ocrx_word' id='word_1_390' title='bbox 400 4257 453 4295; x_wconf 80' lang='lat' dir='ltr'><strong>esse</strong></span> <span class='ocrx_word' id='word_1_391' title='bbox 469 4249 495 4292; x_wconf 80' lang='lat' dir='ltr'><strong>ts</strong></span> <span class='ocrx_word' id='word_1_392' title='bbox 512 4241 692 4291; x_wconf 81' lang='lat' dir='ltr'><strong>transiturum</strong></span> <span class='ocrx_word' id='word_1_393' title='bbox 708 4252 784 4289; x_wconf 85' lang='lat' dir='ltr'><strong>more</strong></span> <span class='ocrx_word' id='word_1_394' title='bbox 801 4253 856 4302; x_wconf 83' lang='lat' dir='ltr'><strong>mg.</strong></span> <span class='ocrx_word' id='word_1_395' title='bbox 877 4242 918 4302; x_wconf 84' lang='lat' dir='ltr'><strong>hi,</strong></span> <span class='ocrx_word' id='word_1_396' title='bbox 939 4253 992 4290; x_wconf 75' lang='lat' dir='ltr'><strong>esse</strong></span> <span class='ocrx_word' id='word_1_397' title='bbox 1011 4245 1035 4288; x_wconf 85' lang='lat' dir='ltr'><strong>ts</strong></span> <span class='ocrx_word' id='word_1_398' title='bbox 1055 4243 1131 4289; x_wconf 81' lang='lat' dir='ltr'><strong>trans</strong></span> <span class='ocrx_word' id='word_1_399' title='bbox 1149 4243 1274 4292; x_wconf 82' lang='lat' dir='ltr'><strong>morell.</strong></span> <span class='ocrx_word' id='word_1_400' title='bbox 1298 4264 1325 4275; x_wconf 97' lang='lat'>-</span> <span class='ocrx_word' id='word_1_401' title='bbox 1364 4241 1391 4292; x_wconf 75' lang='lat' dir='ltr'><strong>d.</strong></span> <span class='ocrx_word' id='word_1_402' title='bbox 1412 4247 1436 4289; x_wconf 83' lang='lat' dir='ltr'><strong>ct</strong></span> <span class='ocrx_word' id='word_1_403' title='bbox 1455 4247 1518 4290; x_wconf 82' lang='lat' dir='ltr'><strong>rote</strong></span> <span class='ocrx_word' id='word_1_404' title='bbox 1540 4240 1648 4289; x_wconf 83' lang='lat' dir='ltr'><strong>Tullium</strong></span> 
     </span>
     <span class='ocr_line' id='line_1_40' title="bbox 333 4310 1648 4377; baseline -0.01 -8"><span class='ocrx_word' id='word_1_405' title='bbox 333 4331 389 4368; x_wconf 90' lang='lat' dir='ltr'><strong>om.</strong></span> <span class='ocrx_word' id='word_1_406' title='bbox 408 4315 455 4366; x_wconf 84' lang='lat' dir='ltr'><strong>ut.</strong></span> <span class='ocrx_word' id='word_1_407' title='bbox 481 4335 514 4349; x_wconf 92' lang='lat'>-</span> <span class='ocrx_word' id='word_1_408' title='bbox 549 4311 704 4362; x_wconf 69' lang='lat' dir='ltr'><strong>tutissimam</strong></span> <span class='ocrx_word' id='word_1_409' title='bbox 731 4311 805 4362; x_wconf 73' lang='lat' dir='ltr'><strong>lter</strong></span> <span class='ocrx_word' id='word_1_410' title='bbox 823 4325 864 4374; x_wconf 84' lang='lat' dir='ltr'><strong>pr.</strong></span> <span class='ocrx_word' id='word_1_411' title='bbox 883 4311 921 4363; x_wconf 87' lang='lat' dir='ltr'><strong>M.</strong></span> <span class='ocrx_word' id='word_1_412' title='bbox 950 4338 978 4349; x_wconf 95' lang='lat'><em>-</em></span> <span class='ocrx_word' id='word_1_413' title='bbox 1014 4311 1064 4377; x_wconf 73' lang='lat' dir='ltr'><strong>fiat</strong></span> <span class='ocrx_word' id='word_1_414' title='bbox 1082 4325 1123 4375; x_wconf 89' lang='lat' dir='ltr'><strong>pr.</strong></span> <span class='ocrx_word' id='word_1_415' title='bbox 1143 4310 1181 4360; x_wconf 89' lang='grc' dir='ltr'><strong>Μ.</strong></span> <span class='ocrx_word' id='word_1_416' title='bbox 1209 4337 1241 4348; x_wconf 92' lang='lat'>-</span> <span class='ocrx_word' id='word_1_417' title='bbox 1277 4311 1303 4362; x_wconf 84' lang='lat'><strong>5.</strong></span> <span class='ocrx_word' id='word_1_418' title='bbox 1324 4311 1479 4374; x_wconf 82' lang='lat' dir='ltr'><strong>desipootos</strong></span> <span class='ocrx_word' id='word_1_419' title='bbox 1497 4312 1535 4362; x_wconf 85' lang='grc' dir='ltr'><strong>Μ.</strong></span> <span class='ocrx_word' id='word_1_420' title='bbox 1556 4310 1648 4374; x_wconf 74' lang='lat' dir='ltr'><strong>(diput-</strong></span> 
     </span>
     <span class='ocr_line' id='line_1_41' title="bbox 334 4379 1647 4449; baseline -0.008 -14"><span class='ocrx_word' id='word_1_421' title='bbox 334 4392 377 4436; x_wconf 84' lang='lat' dir='ltr'><strong>tos</strong></span> <span class='ocrx_word' id='word_1_422' title='bbox 396 4400 450 4449; x_wconf 87' lang='lat' dir='ltr'><strong>mg.</strong></span> <span class='ocrx_word' id='word_1_423' title='bbox 468 4383 520 4443; x_wconf 84' lang='lat' dir='ltr'><strong>hl.)</strong></span> <span class='ocrx_word' id='word_1_424' title='bbox 553 4405 583 4418; x_wconf 91' lang='lat'>-</span> <span class='ocrx_word' id='word_1_425' title='bbox 620 4382 663 4431; x_wconf 88' lang='lat' dir='ltr'><strong>to.</strong></span> <span class='ocrx_word' id='word_1_426' title='bbox 696 4385 801 4442; x_wconf 74' lang='lat' dir='ltr'><strong>eccepto</strong></span> <span class='ocrx_word' id='word_1_427' title='bbox 821 4379 932 4431; x_wconf 80' lang='lat' dir='ltr'><strong>Caesare</strong></span> <span class='ocrx_word' id='word_1_428' title='bbox 950 4383 1066 4430; x_wconf 77' lang='lat' dir='ltr'><strong>maxims</strong></span> <span class='ocrx_word' id='word_1_429' title='bbox 1084 4381 1181 4431; x_wconf 86' lang='lat' dir='ltr'><strong>mediis</strong></span> <span class='ocrx_word' id='word_1_430' title='bbox 1199 4383 1307 4433; x_wconf 85' lang='lat' dir='ltr'><strong>omissis</strong></span> <span class='ocrx_word' id='word_1_431' title='bbox 1332 4383 1375 4440; x_wconf 87' lang='lat' dir='ltr'><strong>hl,</strong></span> <span class='ocrx_word' id='word_1_432' title='bbox 1408 4387 1513 4444; x_wconf 75' lang='lat' dir='ltr'><strong>eccepto</strong></span> <span class='ocrx_word' id='word_1_433' title='bbox 1542 4381 1647 4430; x_wconf 78' lang='lat' dir='ltr'><strong>Cossum</strong></span> 
     </span>
     <span class='ocr_line' id='line_1_42' title="bbox 335 4449 1648 4516; baseline -0.009 -8"><span class='ocrx_word' id='word_1_434' title='bbox 335 4459 474 4508; x_wconf 71' lang='lat' dir='ltr'><strong>Caesarem</strong></span> <span class='ocrx_word' id='word_1_435' title='bbox 499 4453 616 4502; x_wconf 78' lang='lat' dir='ltr'><strong>manime</strong></span> <span class='ocrx_word' id='word_1_436' title='bbox 633 4451 730 4502; x_wconf 86' lang='lat' dir='ltr'><strong>mediis</strong></span> <span class='ocrx_word' id='word_1_437' title='bbox 749 4465 804 4503; x_wconf 91' lang='lat' dir='ltr'><strong>om.</strong></span> <span class='ocrx_word' id='word_1_438' title='bbox 832 4453 878 4502; x_wconf 84' lang='lat' dir='ltr'><strong>lu.</strong></span> <span class='ocrx_word' id='word_1_439' title='bbox 917 4449 1084 4516; x_wconf 84' lang='lat' dir='ltr'><strong>(suppletum</strong></span> <span class='ocrx_word' id='word_1_440' title='bbox 1104 4465 1135 4502; x_wconf 83' lang='lat' dir='ltr'><strong>er</strong></span> <span class='ocrx_word' id='word_1_441' title='bbox 1154 4465 1208 4516; x_wconf 79' lang='lat' dir='ltr'><strong>mg.</strong></span> <span class='ocrx_word' id='word_1_442' title='bbox 1235 4450 1398 4514; x_wconf 77' lang='lat' dir='ltr'><strong>Cratandri.)</strong></span> <span class='ocrx_word' id='word_1_443' title='bbox 1428 4476 1458 4488; x_wconf 93' lang='lat'>-</span> <span class='ocrx_word' id='word_1_444' title='bbox 1495 4452 1538 4502; x_wconf 89' lang='grc'>13.</span> <span class='ocrx_word' id='word_1_445' title='bbox 1559 4455 1648 4501; x_wconf 84' lang='lat' dir='ltr'><strong>contro</strong></span> 
     </span>
     <span class='ocr_line' id='line_1_43' title="bbox 335 4519 1647 4586; baseline -0.007 -10"><span class='ocrx_word' id='word_1_446' title='bbox 335 4541 393 4577; x_wconf 82' lang='lat' dir='ltr'><strong>eum</strong></span> <span class='ocrx_word' id='word_1_447' title='bbox 410 4539 444 4574; x_wconf 79' lang='lat' dir='ltr'><strong>oc</strong></span> <span class='ocrx_word' id='word_1_448' title='bbox 461 4525 483 4574; x_wconf 91' lang='lat' dir='ltr'><strong>l.</strong></span> <span class='ocrx_word' id='word_1_449' title='bbox 505 4548 536 4560; x_wconf 96' lang='lat'>-</span> <span class='ocrx_word' id='word_1_450' title='bbox 572 4524 615 4573; x_wconf 86' lang='lat' dir='ltr'><strong>to.</strong></span> <span class='ocrx_word' id='word_1_451' title='bbox 635 4522 927 4586; x_wconf 71' lang='lat' dir='ltr'><strong>familiarisstmcmqus</strong></span> <span class='ocrx_word' id='word_1_452' title='bbox 944 4537 1003 4572; x_wconf 83' lang='lat' dir='ltr'><strong>som</strong></span> <span class='ocrx_word' id='word_1_453' title='bbox 1021 4536 1062 4586; x_wconf 89' lang='lat' dir='ltr'><strong>pr.</strong></span> <span class='ocrx_word' id='word_1_454' title='bbox 1081 4521 1119 4573; x_wconf 86' lang='grc'>111.</span> <span class='ocrx_word' id='word_1_455' title='bbox 1140 4547 1168 4558; x_wconf 96' lang='grc'>-</span> <span class='ocrx_word' id='word_1_456' title='bbox 1206 4523 1249 4573; x_wconf 85' lang='grc'>18.</span> <span class='ocrx_word' id='word_1_457' title='bbox 1268 4523 1424 4572; x_wconf 78' lang='lat' dir='ltr'><strong>Philotimus</strong></span> <span class='ocrx_word' id='word_1_458' title='bbox 1441 4523 1544 4571; x_wconf 79' lang='lat' dir='ltr'><strong>litteras</strong></span> <span class='ocrx_word' id='word_1_459' title='bbox 1562 4519 1647 4570; x_wconf 82' lang='lat' dir='ltr'><strong>artottt</strong></span> 
     </span>
     <span class='ocr_line' id='line_1_44' title="bbox 334 4589 1646 4659; baseline -0.006 -13"><span class='ocrx_word' id='word_1_460' title='bbox 334 4599 386 4649; x_wconf 81' lang='lat' dir='ltr'><strong>Ml.</strong></span> <span class='ocrx_word' id='word_1_461' title='bbox 424 4592 552 4659; x_wconf 81' lang='lat' dir='ltr'><strong>(Utres,</strong></span> <span class='ocrx_word' id='word_1_462' title='bbox 572 4592 657 4644; x_wconf 82' lang='lat' dir='ltr'><strong>codd.</strong></span> <span class='ocrx_word' id='word_1_463' title='bbox 678 4591 750 4641; x_wconf 87' lang='lat' dir='ltr'><strong>Bostl</strong></span> <span class='ocrx_word' id='word_1_464' title='bbox 769 4593 911 4647; x_wconf 69' lang='lat' dir='ltr'><strong>mil.)-</strong></span> <span class='ocrx_word' id='word_1_465' title='bbox 946 4594 990 4644; x_wconf 74' lang='lat'><strong>23.</strong></span> <span class='ocrx_word' id='word_1_466' title='bbox 1010 4593 1191 4644; x_wconf 73' lang='lat' dir='ltr'><strong>tcdtootull.</strong></span> <span class='ocrx_word' id='word_1_467' title='bbox 1213 4617 1244 4629; x_wconf 96' lang='lat'><em>-</em></span> <span class='ocrx_word' id='word_1_468' title='bbox 1276 4593 1320 4642; x_wconf 76' lang='lat' dir='ltr'><strong>nt.</strong></span> <span class='ocrx_word' id='word_1_469' title='bbox 1340 4593 1486 4656; x_wconf 84' lang='lat' dir='ltr'><strong>qnuhlltl.</strong></span> <span class='ocrx_word' id='word_1_470' title='bbox 1523 4589 1646 4649; x_wconf 76' lang='lat' dir='ltr'><strong>(Correxit</strong></span> 
     </span>
     <span class='ocr_line' id='line_1_45' title="bbox 336 4655 1645 4723; baseline -0.007 -6"><span class='ocrx_word' id='word_1_471' title='bbox 336 4665 499 4723; x_wconf 82' lang='lat' dir='ltr'><strong>Ernestlus.)</strong></span> <span class='ocrx_word' id='word_1_472' title='bbox 522 4689 554 4700; x_wconf 82' lang='lat'><em>-</em></span> <span class='ocrx_word' id='word_1_473' title='bbox 592 4664 636 4714; x_wconf 73' lang='lat'><strong>25.</strong></span> <span class='ocrx_word' id='word_1_474' title='bbox 656 4662 787 4712; x_wconf 71' lang='lat' dir='ltr'><strong>commodi</strong></span> <span class='ocrx_word' id='word_1_475' title='bbox 804 4665 938 4714; x_wconf 71' lang='lat' dir='ltr'><strong>consueris</strong></span> <span class='ocrx_word' id='word_1_476' title='bbox 956 4665 997 4723; x_wconf 81' lang='lat' dir='ltr'><strong>ll,</strong></span> <span class='ocrx_word' id='word_1_477' title='bbox 1016 4663 1147 4713; x_wconf 82' lang='lat' dir='ltr'><strong>commodi</strong></span> <span class='ocrx_word' id='word_1_478' title='bbox 1163 4665 1321 4714; x_wconf 80' lang='lat' dir='ltr'><strong>comctosrir</strong></span> <span class='ocrx_word' id='word_1_479' title='bbox 1339 4663 1362 4714; x_wconf 94' lang='grc'>1.</span> <span class='ocrx_word' id='word_1_480' title='bbox 1390 4689 1419 4702; x_wconf 91' lang='lat'>-</span> <span class='ocrx_word' id='word_1_481' title='bbox 1457 4663 1501 4714; x_wconf 76' lang='grc'><strong>23.</strong></span> <span class='ocrx_word' id='word_1_482' title='bbox 1521 4655 1645 4721; x_wconf 79' lang='lat' dir='ltr'><strong>videbere]</strong></span> 
     </span>
     <span class='ocr_line' id='line_1_46' title="bbox 335 4731 1646 4795; baseline -0.011 -2"><span class='ocrx_word' id='word_1_483' title='bbox 335 4743 366 4786; x_wconf 76' lang='lat' dir='ltr'><strong>ul</strong></span> <span class='ocrx_word' id='word_1_484' title='bbox 393 4736 496 4785; x_wconf 70' lang='lat' dir='ltr'><strong>dtlmt</strong></span> <span class='ocrx_word' id='word_1_485' title='bbox 520 4735 587 4792; x_wconf 74' lang='lat' dir='ltr'><strong>llll·</strong></span> <span class='ocrx_word' id='word_1_486' title='bbox 619 4731 702 4795; x_wconf 65' lang='lat' dir='ltr'><strong>lttm‘⁸</strong></span> <span class='ocrx_word' id='word_1_487' title='bbox 721 4735 751 4781; x_wconf 68' lang='lat' dir='ltr'><strong>”l</strong></span> <span class='ocrx_word' id='word_1_488' title='bbox 769 4731 845 4782; x_wconf 65' lang='grc'>(10118</span> <span class='ocrx_word' id='word_1_489' title='bbox 862 4734 884 4782; x_wconf 90' lang='lat'><strong>1·</strong></span> <span class='ocrx_word' id='word_1_490' title='bbox 921 4735 953 4790; x_wconf 81' lang='grc' dir='ltr'><strong>(Ε</strong></span> <span class='ocrx_word' id='word_1_491' title='bbox 971 4733 1056 4786; x_wconf 81' lang='lat' dir='ltr'><strong>Godd·</strong></span> <span class='ocrx_word' id='word_1_492' title='bbox 1076 4737 1192 4786; x_wconf 80' lang='lat' dir='ltr'><strong>correxit</strong></span> <span class='ocrx_word' id='word_1_493' title='bbox 1210 4735 1364 4789; x_wconf 79' lang='lat' dir='ltr'><strong>Victorius.)</strong></span> <span class='ocrx_word' id='word_1_494' title='bbox 1392 4761 1425 4771; x_wconf 93' lang='lat'>—</span> <span class='ocrx_word' id='word_1_495' title='bbox 1460 4735 1505 4785; x_wconf 75' lang='lat'><strong>29.</strong></span> <span class='ocrx_word' id='word_1_496' title='bbox 1531 4735 1646 4783; x_wconf 71' lang='lat' dir='ltr'><strong>courdem-</strong></span> 
     </span>
     <span class='ocr_line' id='line_1_47' title="bbox 336 4801 1643 4868; baseline -0.003 -14"><span class='ocrx_word' id='word_1_497' title='bbox 336 4818 416 4855; x_wconf 79' lang='lat' dir='ltr'><strong>onsrs</strong></span> <span class='ocrx_word' id='word_1_498' title='bbox 434 4805 456 4857; x_wconf 91' lang='lat' dir='ltr'><strong>l.</strong></span> <span class='ocrx_word' id='word_1_499' title='bbox 477 4830 506 4842; x_wconf 95' lang='lat'>-</span> <span class='ocrx_word' id='word_1_500' title='bbox 543 4803 613 4852; x_wconf 76' lang='lat' dir='ltr'><strong>ntro</strong></span> <span class='ocrx_word' id='word_1_501' title='bbox 629 4805 661 4855; x_wconf 83' lang='lat' dir='ltr'><strong>u.</strong></span> <span class='ocrx_word' id='word_1_502' title='bbox 683 4825 714 4839; x_wconf 90' lang='lat'>-</span> <span class='ocrx_word' id='word_1_503' title='bbox 749 4801 793 4854; x_wconf 87' lang='grc'><strong>30.</strong></span> <span class='ocrx_word' id='word_1_504' title='bbox 809 4806 876 4864; x_wconf 83' lang='lat' dir='ltr'><strong>puto</strong></span> <span class='ocrx_word' id='word_1_505' title='bbox 894 4817 935 4866; x_wconf 83' lang='lat' dir='ltr'><strong>pr.</strong></span> <span class='ocrx_word' id='word_1_506' title='bbox 955 4805 992 4856; x_wconf 85' lang='lat' dir='ltr'><strong>hl·</strong></span> <span class='ocrx_word' id='word_1_507' title='bbox 1013 4827 1045 4840; x_wconf 92' lang='lat'><strong>-·</strong></span> <span class='ocrx_word' id='word_1_508' title='bbox 1081 4805 1125 4855; x_wconf 87' lang='grc'><strong>33.</strong></span> <span class='ocrx_word' id='word_1_509' title='bbox 1146 4805 1186 4855; x_wconf 84' lang='lat' dir='ltr'><strong>Tu</strong></span> <span class='ocrx_word' id='word_1_510' title='bbox 1204 4802 1354 4867; x_wconf 71' lang='lat' dir='ltr'><strong>explorato]</strong></span> <span class='ocrx_word' id='word_1_511' title='bbox 1374 4817 1426 4867; x_wconf 85' lang='lat' dir='ltr'><strong>quo</strong></span> <span class='ocrx_word' id='word_1_512' title='bbox 1445 4809 1469 4851; x_wconf 80' lang='lat' dir='ltr'><strong>et</strong></span> <span class='ocrx_word' id='word_1_513' title='bbox 1483 4803 1592 4866; x_wconf 82' lang='lat' dir='ltr'><strong>plorato</strong></span> <span class='ocrx_word' id='word_1_514' title='bbox 1609 4815 1643 4868; x_wconf 86' lang='lat' dir='ltr'><strong>pr.</strong></span> 
     </span>
     <span class='ocr_line' id='line_1_48' title="bbox 336 4869 1500 4938; baseline -0.003 -10"><span class='ocrx_word' id='word_1_515' title='bbox 336 4876 375 4927; x_wconf 81' lang='grc' dir='ltr'><strong>Μ.</strong></span> <span class='ocrx_word' id='word_1_516' title='bbox 394 4899 427 4911; x_wconf 90' lang='lat'><em>-</em></span> <span class='ocrx_word' id='word_1_517' title='bbox 463 4875 508 4928; x_wconf 80' lang='lat' dir='ltr'><strong>an.</strong></span> <span class='ocrx_word' id='word_1_518' title='bbox 528 4874 627 4925; x_wconf 80' lang='lat' dir='ltr'><strong>obesse.</strong></span> <span class='ocrx_word' id='word_1_519' title='bbox 667 4872 739 4922; x_wconf 78' lang='lat' dir='ltr'><strong>Vols.</strong></span> <span class='ocrx_word' id='word_1_520' title='bbox 777 4869 863 4938; x_wconf 79' lang='lat' dir='ltr'><strong>(Nora</strong></span> <span class='ocrx_word' id='word_1_521' title='bbox 881 4869 1023 4938; x_wconf 82' lang='lat' dir='ltr'><strong>Epistola.)</strong></span> <span class='ocrx_word' id='word_1_522' title='bbox 1061 4875 1261 4938; x_wconf 80' lang='lat' dir='ltr'><strong>Qutotodcctmo</strong></span> <span class='ocrx_word' id='word_1_523' title='bbox 1279 4897 1312 4910; x_wconf 92' lang='lat'><strong>··</strong></span> <span class='ocrx_word' id='word_1_524' title='bbox 1330 4875 1460 4926; x_wconf 64' lang='lat' dir='ltr'><strong>advocor</strong></span> <span class='ocrx_word' id='word_1_525' title='bbox 1478 4875 1500 4925; x_wconf 90' lang='lat' dir='ltr'><strong>t.</strong></span> 
     </span>
    </p>
   </div>
   <div class='ocr_carea' id='block_1_9' title="bbox 0 0 1844 5944">
    <p class='ocr_par' dir='ltr' id='par_1_11' title="bbox 0 0 1844 5944">
     <span class='ocr_line' id='line_1_49' title="bbox 0 0 1844 5944; baseline 0 0"><span class='ocrx_word' id='word_1_526' title='bbox 0 0 1844 5944; x_wconf 95' lang='lat' dir='ltr'><strong> </strong></span> 
     </span>
    </p>
   </div>
  </div>
 </body>
</html>
