3628 5876
641 427 716 492 nn.
737 427 791 490 nn
833 428 892 494 nn.
910 427 940 490 a.
962 427 992 490 a.
1015 425 1045 488 r.
1430 423 1490 512 tq

173 605 269 674 quam
291 582 417 670 quidem
440 601 500 668 ego
522 585 614 648 etiam
635 582 762 650 illomm
783 581 945 670 timebam,
974 581 1013 648 ad
1035 601 1114 668 quoe
1135 600 1331 648 veneramus.
1374 579 1493 648 Crude-

172 679 246 744 liter
268 678 351 744 enim
373 676 482 744 otiosis
511 675 724 753 minabantur,
747 687 875 764 eratque
896 677 935 742 iis
957 685 987 742 et
1009 686 1062 743 tua
1083 674 1182 740 invisa
1203 674 1347 740 voluntas
1368 681 1400 739 et
1420 694 1490 739 mea

173 772 288 839 oratio.
329 775 418 836 Nunc
438 791 534 845 vero,
557 770 583 836 si
605 779 709 837 essent
729 769 827 836 nostri
848 771 954 856 potiti,
977 769 1066 835 valde
1086 769 1328 854 intemperantes
1342 765 1490 845 luissent;

174 875 264 933 erunt
286 865 368 930 euim
391 863 482 930 nobis
503 864 654 949 perirati,
687 865 776 952 quasi
798 864 966 952 quidquam
994 864 1033 929 de
1055 871 1160 929 nostra
1183 861 1280 929 salute
1302 861 1491 928 decrevisse·

173 982 261 1035 mus.
296 957 381 1046 quod
409 979 472 1024 non
500 957 583 1022 idem
606 957 667 1023 illis
689 959 932 1036 censuissemus;
969 965 1022 1023 aul
1043 956 1131 1044 quasi
1152 956 1259 1022 utilius
1280 956 1328 1022 rei
1349 955 1514 1042 publicae,

173 1055 272 1122 buerit
293 1073 348 1120 eos
371 1050 462 1117 etiam
491 1050 530 1117 ad
562 1050 733 1118 bestiarum
762 1053 912 1118 auxilium
943 1051 1112 1136 confugere
1134 1072 1227 1136 quam
1249 1049 1298 1116 vel
1320 1049 1421 1115 emori
1442 1049 1492 1115 vel

175 1171 246 1215 cum
269 1167 340 1234 spe,
376 1147 487 1212 sinon
508 1145 641 1232 optima,
674 1155 705 1212 at
726 1145 830 1233 aliqua
851 1156 954 1210 tamen
975 1145 1092 1210 vivere.
1146 1149 1176 1212 d.
1198 1152 1238 1212 At
1258 1146 1290 1212 in
1312 1143 1492 1234 perturbata

174 1241 357 1330 republica
385 1240 530 1306 vivimus.
588 1239 666 1318 Quis
688 1245 800 1326 negat?
842 1238 903 1306 Sed
925 1239 985 1305 hoe
1005 1238 1141 1306 viderint
1168 1239 1207 1312 ii,
1244 1240 1298 1327 qui
1328 1239 1412 1305 nulla
1434 1237 1492 1304 sibi

175 1335 315 1403 subsidia
336 1332 375 1399 ad
397 1354 506 1400 omnes
527 1332 609 1399 vitae
631 1343 727 1400 status
749 1342 946 1420 paraverunt.
996 1337 1065 1398 llue
1087 1339 1171 1400 enim
1192 1341 1227 1399 ut
1247 1334 1404 1408 venirem,
1442 1354 1494 1398 su·

175 1429 285 1518 perior
306 1429 444 1513 longius,
467 1448 561 1514 quem
582 1426 684 1502 volui,
707 1427 797 1494 lluxit
817 1432 929 1494 oratio.
973 1431 1051 1494 Cum
1067 1428 1149 1493 enim
1166 1435 1196 1493 te
1210 1449 1335 1514 semper
1348 1447 1493 1512 magnum
1506 1459 1531 1500 ω

177 1522 338 1590 bominem
366 1521 459 1596 duxi,
499 1531 581 1598 tum,
618 1521 703 1608 quod
733 1521 780 1586 his
806 1520 1040 1607 tempestatibus
1062 1543 1096 1588 es
1117 1543 1217 1608 prope
1239 1523 1324 1590 solus
1346 1521 1377 1586 in
1399 1529 1494 1606 portu

175 1615 359 1702 fructusque
381 1614 540 1680 doctrinae
561 1615 698 1702 percipis
720 1635 788 1690 eos,
825 1615 878 1701 qui
905 1615 1034 1680 maximi
1063 1625 1150 1690 sunt,
1184 1611 1296 1687 utt'e'a,2
1313 1614 1494 1682 consideres

177 1730 276 1796 eaque
299 1717 430 1783 tractes,
453 1730 590 1795 quorum
610 1718 642 1774 et
662 1730 738 1775 usus
760 1717 792 1774 et
813 1707 977 1774 delectatio
999 1717 1046 1773 est
1062 1708 1208 1775 omnibns
1225 1709 1358 1774 istorum
1377 1719 1408 1774 et
1419 1709 1495 1775 actis

177 1812 209 1869 et
229 1801 441 1887 voluptatibus
470 1797 707 1890 anteponenda.)
749 1803 900 1890 Equidem
923 1802 980 1868 bos
1002 1811 1072 1868 tuos
1094 1803 1338 1868 Tusculanenses
1360 1803 1427 1869 dies
1447 1803 1496 1868 in·
1560 1799 1631 1890 „Zp

177 1905 243 1962 star
262 1916 331 1962 esse
352 1896 434 1962 vitae
463 1907 558 1983 puto,
587 1895 783 1983 libenterque
805 1895 950 1964 omnibus
971 1916 1080 1962 omnes
1102 1917 1179 1984 opes
1201 1897 1424 1972 concesserim,
1460 1901 1532 1968 utu

177 1989 255 2056 mibi
276 1990 367 2057 liceat
398 1995 429 2056 vi
455 1990 539 2056 nulla
567 1990 782 2078 interpellante
803 1991 865 2057 isto
886 1989 981 2057 modo
1008 1995 1126 2056 vivere.
1170 1995 1200 2056 5.
1223 1988 1316 2069 Quod
1338 2011 1395 2056 uos
1417 2009 1495 2076 quo·

178 2105 240 2170 que
261 2084 434 2160 imitamur,
461 2093 496 2149 ut
527 2105 708 2172 possumus,
740 2092 771 2150 et
799 2083 832 2149 in
860 2085 975 2150 nostris
997 2083 1106 2150 studiis
1127 2083 1328 2150 libentissime
1348 2085 1497 2172 conquie-

66 2183 70 2192 '
178 2178 304 2243 scimus.
348 2177 426 2256 Quis
448 2179 532 2243 euim
553 2177 696 2244 beenon
719 2177 840 2244 dederit
860 2177 967 2254 nobis,
990 2187 1038 2255 ut,
1061 2200 1132 2244 curn
1156 2200 1254 2265 opera
1275 2188 1382 2246 nostra
1396 2177 1497 2266 patria

179 2271 245 2338 sive
278 2292 342 2337 non
373 2271 472 2357 possit
492 2271 538 2338 uti
560 2271 626 2338 sive
654 2272 744 2348 nolit,
781 2272 820 2339 nd
842 2294 919 2360 eam,
932 2272 1027 2342 vitam
1047 2285 1259 2348 revertamur,
1293 2295 1386 2360 quam
1408 2270 1497 2338 multi

179 2363 263 2430 docti
284 2363 442 2440 homines,
478 2363 613 2432 sortasse
643 2388 707 2431 non
727 2376 826 2440 recte,
860 2366 916 2433 sed
937 2376 1040 2433 tamen
1062 2368 1151 2434 multi
1173 2367 1265 2433 etiam
1286 2367 1333 2432 rei
1354 2366 1497 2453 publicae
1507 2393 1535 2432 ro

178 2458 432 2544 praeponendam
468 2465 682 2546 putaverunt?
733 2463 820 2538 Quae
849 2461 946 2547 igitur
980 2461 1082 2527 studia
1113 2482 1297 2548 magnorum
1335 2461 1498 2528 bominum

179 2550 331 2618 sententia
353 2552 547 2618 vacationem
568 2551 682 2618 babent
703 2553 867 2636 leandem
887 2553 1004 2641 publici
1018 2555 1177 2632 muneris,
1199 2555 1237 2621 iis
1258 2552 1448 2620 concedente
1462 2573 1499 2618 re

179 2643 304 2731 publica
336 2665 394 2710 cur
421 2667 484 2712 non
511 2646 698 2713 abutamur?
730 2653 760 2714 6.
790 2648 851 2716 Sed
871 2648 942 2735 plus
963 2649 1061 2724 lacio,
1090 2671 1183 2735 quam
1206 2648 1353 2716 Caninius
1373 2647 1500 2712 manda·

180 2738 234 2804 vit.
287 2742 317 2804 Is
338 2739 421 2804 enim
452 2744 477 2805 si
508 2740 582 2828 quid
610 2762 669 2828 ego
700 2742 813 2808 scirem
840 2751 982 2828 rogarat,
1011 2741 1096 2828 qnod
1118 2753 1152 2810 tu
1173 2742 1327 2822 nescires;
1361 2739 1499 2826 egotibi

180 2851 216 2896 ea
239 2852 350 2906 uarro,
374 2854 453 2919 qnae
475 2843 509 2900 tn
530 2834 642 2900 melius
663 2835 723 2900 scis
745 2858 840 2923 quam
854 2838 936 2923 ipse,
967 2835 1020 2924 qui
1035 2855 1139 2902 narro.
1183 2835 1306 2902 Faciam
1320 2855 1397 2920 ergo
1412 2833 1498 2909 illud,
1509 2861 1537 2904 rs

181 2924 267 3012 quod
295 2935 422 3012 rogatus
454 2949 539 3002 sum,
571 2937 607 2994 ut
627 2949 754 3006 eorum,
791 2951 871 3018 quae
900 2929 1051 3016 temporis
1082 2927 1175 2996 huius
1200 2928 1274 3004 sint,
1307 2949 1387 3016 quae
1409 2928 1500 3009 itae

180 3019 327 3096 audiero,
350 3041 389 3086 ne
410 3020 486 3108 quid
506 3021 644 3107 ignores.

657 3190 1033 3275 mmumm

666 3316 807 3381 CICERO
832 3315 1017 3380 VARRONI.

270 3430 298 3490 t.
321 3423 496 3492 Coenebam
525 3425 607 3511 apud
637 3426 760 3499 Seium.
796 3447 867 3492 cum
895 3425 1021 3511 utrique
1049 3429 1191 3492 uostrbm
1220 3425 1363 3492 redditae
1389 3432 1461 3492 sunt
1480 3445 1538 3490 aaa

181 3527 214 3584 te
235 3517 367 3586 litterae.
409 3519 484 3584 Mibi
505 3540 582 3586 vere
605 3519 667 3585 iam
689 3529 845 3586 maturum
868 3519 1002 3586 videtur.
1043 3525 1139 3594 Nam,
1162 3519 1247 3607 quod
1269 3529 1358 3586 antea
1381 3519 1434 3604 [te]
1451 3540 1500 3584 ea-

181 3611 350 3678 lumniatus
374 3633 457 3689 sum,
489 3612 635 3679 indicabo
658 3614 805 3680 malitiam
833 3635 945 3680 meam.
1003 3612 1152 3680 Volebam
1175 3634 1275 3700 prope
1297 3613 1409 3681 alicubi
1432 3633 1501 3679 esse

183 3711 229 3779 te,
258 3706 285 3772 si
308 3706 384 3792 quid
403 3705 505 3774 bonae
533 3707 656 3780 salutis.
687 3709 748 3774 σύν
773 3735 805 3774 τε
827 3708 881 3774 δύ’
906 3711 1080 3796 ἐρχομένω.
1134 3713 1235 3783 Nunc,
1257 3709 1406 3793 quoniam
1428 3728 1503 3774 cou-

183 3797 265 3866 leeta
286 3810 358 3866 sunt
378 3801 500 3874 omnia.
530 3800 735 3868 dubitandum
758 3822 819 3867 non
842 3809 904 3877 est,
940 3801 1016 3889 quin
1038 3802 1128 3888 equis
1148 3801 1234 3868 viris.
1277 3807 1369 3876 Nam,
1392 3811 1427 3868 ut
1448 3822 1503 3866 au-

184 3891 250 3958 divi
271 3894 310 3960 de
331 3899 366 3960 L.
389 3899 519 3962 Caesare
541 3900 590 3971 F..
613 3917 735 3964 mecum
757 3895 840 3982 ipse:
1511 3915 1538 3956 as

520 4053 562 4065 -
584 4055 625 4064 —
646 4020 718 4102 quid
738 4020 788 4082 bie
807 4020 883 4082 mttt
900 4021 991 4101 faciet
1010 4023 1119 4101 patri?

185 4149 295 4234 ltaque
320 4168 384 4213 non
412 4145 522 4212 desino
550 4146 632 4233 apud
662 4148 753 4223 istos,
777 4148 831 4236 qui
852 4169 934 4213 nuuc
956 4148 1174 4226 dominantur,
1208 4152 1375 4218 coenitare.
1420 4148 1503 4228 Quid

186 4239 319 4306 faciam?
341 4241 490 4328 Tempori
511 4240 707 4308 serviendum
724 4250 779 4308 est.
822 4247 852 4307 2.
875 4241 937 4307 Sed
951 4241 1082 4309 ridicula
1097 4245 1207 4319 missa,
1229 4244 1414 4331 praesertim
1433 4265 1503 4308 cunt

186 4334 228 4401 sit
247 4334 340 4409 nihil,
363 4335 448 4422 quod
468 4333 634 4400 rideamus.

254 4565 281 4616 Ξ.
301 4567 393 4616 ettnsts
410 4567 434 4616 st
451 4565 622 4616 minabuntur
640 4565 677 4615 Μ.
714 4565 786 4614 Fort.
807 4567 896 4616 attosti
914 4567 935 4618 tt
951 4567 1131 4618 minabantur.
1158 4567 1209 4620 01.
1230 4593 1262 4604 —
1298 4567 1324 4620 6.
1348 4581 1426 4634 mmm
1444 4567 1506 4618 velte

186 4635 254 4684 mori
270 4636 311 4686 cel
328 4635 366 4685 Μ.
398 4659 429 4672 ·-
465 4637 492 4686 ll.
511 4633 606 4699 statua]
626 4648 700 4684 ceses
718 4633 887 4686 Gulielmius.
916 4660 947 4672 -
984 4639 1027 4688 11.
1046 4639 1165 4687 duxerim
1183 4639 1251 4703 quod
1270 4638 1306 4689 Μ.
1328 4661 1359 4672 -
1396 4637 1440 4688 ld.
1459 4653 1506 4687 aa·

189 4705 346 4764 teponmdae
370 4705 472 4769 quaen
490 4705 527 4756 Μ.
555 4727 587 4742 -
625 4705 668 4754 15.
695 4703 774 4768 mena]
798 4707 923 4756 victorine
942 4721 996 4770 mg.
1017 4707 1120 4771 Repett.
1141 4709 1235 4758 bamb.
1270 4731 1296 4742 —
1335 4707 1378 4756 22.
1399 4709 1507 4759 eandem

188 4771 230 4822 bl:
256 4777 335 4826 utam
353 4776 392 4840 ll,
423 4777 554 4840 mundam
573 4775 741 4826 Gebhardns.
778 4777 851 4827 Fert.
869 4779 996 4828 novandi.
1021 4779 1073 4829 On.
1105 4805 1132 4816 -
1171 4780 1214 4828 33.
1242 4776 1376 4839 Caninius]
1402 4781 1506 4829 animos

189 4841 225 4892 Μ.
247 4867 276 4879 -
314 4847 622 4896 summoneatur
648 4845 685 4896 Μ.
722 4847 795 4896 Fert.
822 4847 969 4899 mandavit.
1007 4849 1073 4905 Cer,
1105 4850 1230 4914 quaeris?
1259 4849 1286 4898 lc
1303 4849 1380 4898 calm.
1400 4849 1452 4900 On.
1474 4876 1503 4885 -

189 4911 232 4962 at.
251 4915 316 4963 tetre
333 4913 370 4964 Μ.
384 4939 412 4952 -
432 4917 477 4966 33.
497 4929 562 4981 qaae
580 4921 627 4965 tue
645 4915 690 4965 tt:
709 4930 805 4980 quaeve
822 4917 852 4966 ll.
892 4917 962 4968 Fert.
983 4933 1048 4983 quae
1066 4925 1134 4969 tute.
1155 4919 1206 4970 On.
1228 4943 1252 4955 -
1273 4917 1316 4967 31.
1336 4925 1360 4968 te
1378 4925 1440 4968 ante
1460 4934 1506 4969 cu-

190 4981 331 5033 tnmntutus
349 4997 404 5034 om.
424 4985 454 5035 n.
483 5010 514 5022 -
550 4985 594 5036 33.
614 4997 665 5035 asae
683 4992 724 5043 te,
754 4989 777 5037 st
795 4987 898 5038 Aldus:
929 4987 1096 5046 moretm.
1131 5003 1199 5046 asae,
1220 4991 1243 5039 rt·
1261 4989 1291 5038 E.
1313 5015 1345 5024 —-
1381 4989 1424 5040 33.
1444 5003 1506 5056 quo·

189 5055 261 5102 nlam
279 5053 324 5102 ll:
345 5067 422 5116 quum
440 5057 471 5107 E.
493 5081 523 5092 -
560 5055 604 5105 33.
622 5057 666 5118 qao·
683 5056 720 5107 Μ.
