3628 5876
345 445 405 506 tto
776 437 1052 503 EPISTOLARUM
1074 439 1125 504 Au
1147 440 1238 504 FAM.

342 601 453 674 sciam,
483 597 540 666 sed
560 596 647 686 qnod
668 596 744 662 mibi
767 597 1039 684 persuasissimum
1061 607 1109 663 est
1129 594 1281 683 Lepidum
1303 607 1388 662 recte
1408 594 1563 670 lactumm
1589 619 1677 664 nun·

341 717 449 783 qnam,
472 693 499 759 si
520 693 604 758 forto
625 691 716 758 vobis
738 691 771 756 id
793 691 833 757 de
855 693 915 758 boc
937 690 1067 758 dubium
1085 700 1142 757 est.
1185 691 1331 758 Plancum
1352 711 1479 778 quoque
1500 691 1677 758 conlirmc-

342 789 381 855 tis
403 809 480 860 oro.
517 809 613 875 quem
635 807 730 874 sporo
752 787 843 874 pnlso
864 787 1000 853 Antonio
1022 787 1070 852 rci
1091 786 1235 873 publicae
1256 808 1318 853 non
1340 786 1532 852 delaturum.
1576 787 1614 850 Si
1639 807 1676 852 sa

342 883 435 969 Alpes
456 882 607 949 Antonius
628 880 801 955 traiecerit,
824 880 970 947 constitui
988 881 1178 967 praesidium
1199 881 1232 945 in
1253 879 1382 967 Alpibus
1404 880 1559 946 collocare
1582 890 1620 946 et
1642 892 1675 946 ta

319 977 382 1044 sde
403 977 490 1043 omui
512 997 547 1042 rc
569 976 672 1042 lacere
694 975 872 1041 certiorem.
916 995 968 1040 111.
990 975 1060 1041 ttal.
1080 979 1194 1045 Maias.
1216 996 1258 1041 ex
1278 974 1402 1051 castris,
1424 973 1524 1061 liegii.

827 1119 866 1180 r.
908 1115 957 1200 (A.
983 1119 1016 1182 a.
1039 1119 1071 1181 c.
1093 1118 1178 1188 711.)

701 1235 739 1296 n.
760 1233 908 1296 usurus
931 1232 962 1294 s
984 1233 1021 1293 n.
1044 1233 1085 1294 u.
1108 1231 1302 1294 ucenoru.

429 1357 458 1420 t.
479 1358 548 1419 Non
562 1350 640 1418 mibi
653 1372 721 1417 rem
742 1350 898 1439 publicam
917 1351 987 1436 plus
1009 1349 1126 1415 dobere
1148 1347 1288 1417 arbitror
1309 1371 1402 1436 quam
1424 1372 1475 1416 me
1497 1351 1563 1418 tibi.
1588 1357 1673 1420 Gra-

342 1449 456 1516 tiorem
476 1468 527 1514 me
548 1467 617 1512 esse
639 1446 672 1511 in
693 1455 723 1510 te
745 1465 857 1531 posse,
880 1465 974 1531 qnam
996 1443 1047 1508 isti
1068 1443 1212 1530 perversi
1233 1443 1294 1509 sint
1315 1445 1348 1510 in
1369 1466 1437 1519 me,
1460 1446 1670 1533 exploratum

307 1542 456 1620 'thabes3
478 1541 555 1622 †sit
575 1561 614 1604 au
637 1539 696 1605 boc
717 1547 859 1626 tempore
880 1537 907 1604 is
930 1537 1094 1604 videantur
1115 1537 1177 1603 dici
1198 1558 1310 1612 causa,
1333 1539 1457 1605 mallem
1479 1550 1567 1607 tuum
1582 1544 1673 1610 iudi-

341 1636 441 1711 cium,
464 1655 558 1721 qnam
581 1655 622 1698 ox
643 1634 739 1698 altera
761 1639 849 1718 parte
871 1632 1011 1697 omnium
1032 1631 1176 1698 istorum.
1219 1637 1266 1697 Tu
1287 1632 1370 1698 onim
1393 1644 1502 1721 aperto
1518 1657 1615 1703 sensu
1639 1645 1672 1702 et

341 1751 419 1796 vero
450 1727 569 1793 iudicas
597 1727 637 1792 de
670 1725 779 1804 uobis;
814 1724 898 1812 quod
927 1726 978 1792 isti
1010 1747 1050 1790 nc
1082 1725 1210 1800 faciant,
1244 1747 1363 1792 summa
1394 1729 1614 1795 malevolentia
1639 1740 1672 1796 ct

340 1825 440 1890 livore
462 1821 685 1908 impediuntur.
726 1821 928 1907 Interpellent
949 1841 1016 1894 me,
1039 1842 1103 1908 quo
1124 1820 1227 1886 minus
1249 1820 1420 1886 honoratus
1437 1821 1512 1897 sim,
1535 1824 1614 1890 dum
1628 1845 1670 1889 ne

341 1916 554 2004 interpellent,
587 1937 651 2004 quo
678 1916 781 1981 minus
805 1935 856 1979 res
878 1912 1002 1999 publica
1024 1935 1041 1978 a
1064 1935 1114 1979 me
1136 1913 1300 1979 commode
1322 1914 1532 1982 administrari
1554 1918 1670 2004 possit.

307 2014 432 2091 tthae
454 2018 570 2099 quanto
592 2010 684 2076 sitin
706 2009 868 2096 periculo,
891 2030 985 2094 quam
1007 2017 1119 2093 potero
1141 2005 1326 2073 brevissime
1348 2029 1514 2096 exponam.
1543 2017 1574 2078 1.
1600 2019 1670 2078 Pri-

342 2128 428 2172 mum
449 2109 606 2180 omnium,
630 2115 776 2190 quantam
798 2101 1066 2190 perturbationem
1083 2123 1191 2168 rerum
1212 2101 1403 2169 urbanarum
1427 2104 1538 2171 alferat
1559 2106 1669 2173 obitus

341 2200 504 2266 consulum
537 2207 746 2285 quantamque
778 2195 978 2281 cupiditatem
1011 2194 1191 2261 bominibus
1222 2196 1339 2262 inliciat
1360 2198 1514 2272 vacuitas,
1545 2222 1612 2266 non
1637 2211 1668 2266 te

341 2292 431 2378 sugit.
474 2291 557 2358 Satis
577 2313 628 2356 me
650 2291 746 2356 multa
767 2289 945 2374 scripsisse,
969 2309 1049 2375 quae
1070 2289 1181 2354 litteris
1196 2289 1407 2356 commendari
1422 2293 1556 2378 possint,
1581 2293 1670 2359 arbi-

342 2389 428 2464 tror-3
461 2385 528 2451 scio
550 2383 649 2457 enim,
685 2384 736 2448 cui
758 2381 902 2448 scribam.
945 2387 975 2447 3.
998 2388 1151 2448 Revertor
1172 2403 1254 2448 nnuc
1275 2383 1313 2448 ad
1335 2385 1520 2461 Antonium,
1547 2388 1603 2473 qui
1627 2409 1668 2452 ex

304 2479 414 2564 eotuga
443 2499 514 2542 cum
546 2477 706 2563 parvulam
734 2497 860 2541 manum
892 2475 1032 2562 peditum
1060 2475 1189 2542 baberet
1210 2477 1391 2553 inermium,
1427 2482 1582 2566 ergastula
1605 2483 1669 2548 sol·

342 2571 447 2638 vendo
468 2591 625 2657 omneque
646 2590 744 2656 genus
773 2569 935 2635 bominum
963 2569 1144 2655 arripiendo
1167 2571 1240 2636 satis
1263 2593 1409 2658 maguum
1431 2595 1598 2640 numerum
1620 2575 1670 2642 vi-

342 2666 435 2733 detur
464 2664 616 2730 effecisse.
666 2668 735 2729 lluc
761 2663 890 2730 accessit
915 2685 1025 2728 manus
1053 2663 1206 2739 ventidii,
1244 2688 1323 2752 quae
1353 2675 1437 2733 trans
1464 2671 1667 2757 Apenninum

342 2761 455 2826 itincre
488 2759 570 2824 lacto
602 2758 783 2824 difficillimo
812 2756 851 2823 ad
881 2757 967 2824 Vada
995 2757 1139 2844 pervenit
1167 2767 1260 2846 atque
1289 2759 1333 2825 ibi
1361 2783 1394 2826 se
1424 2785 1494 2828 cum
1528 2766 1667 2831 Antonio

342 2852 515 2920 coniunxit.
558 2855 612 2918 Est
640 2872 790 2918 numerus
818 2860 1038 2917 veteranorum
1060 2860 1092 2916 et
1112 2862 1303 2918 armatorum
1326 2860 1400 2920 satis
1421 2855 1569 2943 frequens
1592 2879 1665 2924 cum

304 2947 500 3015 ¹⁵chtidio.
542 2951 572 3012 4.
605 2945 739 3013 Consilia
760 2945 886 3011 Antonii
907 2946 984 3011 baec
1005 2946 1066 3011 sint
1087 2967 1214 3012 necesse
1237 2957 1299 3013 est:
1321 2947 1433 3013 autad
1454 2951 1610 3036 Lepidum
1632 2960 1667 3017 ut

341 3064 376 3109 se
398 3041 552 3116 conferat,
587 3040 614 3106 si
641 3039 807 3126 recipitur;
840 3047 894 3105 aut
921 3041 1085 3127 Apennino
1106 3039 1297 3128 Alpibusque
1319 3063 1353 3107 se
1374 3053 1478 3110 teneat
1500 3054 1532 3109 et
1552 3044 1666 3111 decur-

342 3135 483 3202 sionibus
505 3156 564 3222 per
585 3134 724 3222 equites,
747 3154 826 3221 quos
848 3132 942 3200 babet
963 3135 1095 3207 multos,
1117 3144 1218 3201 vastet
1239 3155 1276 3200 ea
1298 3135 1381 3210 loca,
1404 3137 1436 3202 in
1458 3155 1544 3224 quae·
1559 3140 1666 3205 incur

341 3231 435 3308 rerit;
458 3239 512 3295 ant
532 3249 644 3294 rursus
664 3249 699 3294 se
720 3228 752 3292 in
774 3228 930 3294 Etruriam
951 3228 1085 3304 reserat,
1107 3229 1193 3316 qnod
1215 3251 1250 3294 ea
1266 3249 1340 3316 pars
1361 3231 1467 3296 ltaliae
1489 3237 1555 3298 sine
1571 3255 1665 3298 exor-

341 3325 405 3390 citu
434 3331 490 3388 est.
544 3321 666 3400 Quodsi
694 3342 745 3386 me
779 3325 893 3388 Caesar
920 3321 1059 3388 audisset
1086 3332 1178 3408 atque
1204 3323 1399 3409 Apenninum
1421 3326 1598 3401 transisset,
1632 3328 1663 3392 in

305 3427 440 3483 ³⁰tantns
470 3415 626 3500 angustias
651 3415 819 3480 Antonium
852 3417 1088 3501 compulissem,
1124 3424 1159 3481 ut
1184 3416 1288 3503 inopia
1317 3418 1422 3503 potius
1450 3441 1543 3505 quum
1567 3420 1664 3486 terro
1692 3477 1699 3490 .

342 3511 558 3578 conficeretur.
616 3507 679 3574 Sed
706 3529 807 3595 neque
836 3511 960 3575 Caesari
989 3509 1137 3596 imperari
1165 3518 1268 3597 potest
1295 3531 1353 3575 uec
1375 3516 1488 3578 Caesar
1508 3514 1662 3580 exercitui

343 3626 419 3682 suo;
453 3601 538 3690 quod
560 3609 729 3687 utrumqne
750 3601 921 3688 pessimum
943 3611 1000 3667 est.
1057 3607 1134 3670 Cum
1157 3603 1233 3668 baec
1254 3604 1327 3669 talia
1348 3606 1425 3680 sint,
1455 3628 1518 3692 quo
1540 3608 1661 3680 minus,

342 3697 432 3785 quod
449 3696 488 3761 ad
509 3715 561 3760 mc
582 3693 764 3782 pertinebit,
802 3694 943 3760 homines
965 3696 1178 3783 interpellent,
1211 3705 1246 3763 ut
1267 3719 1362 3784 supra
1376 3700 1502 3787 scripsi,
1524 3722 1588 3765 non
1605 3702 1664 3765 im·

344 3791 451 3878 pedio;
474 3790 550 3854 baec
570 3786 833 3875 quemadmodum
855 3788 1006 3874 explicari
1026 3790 1160 3876 possint,
1184 3801 1252 3866 aut,
1274 3813 1292 3856 a
1314 3801 1436 3859 tecum
1460 3792 1662 3880 explicabun-

305 3896 410 3960 ⁸⁵tur,
447 3906 487 3950 ne
514 3882 738 3970 impediantur,
770 3883 876 3968 timeq.
934 3888 964 3948 5.
985 3885 1077 3949 Alere
1099 3883 1160 3948 iam
1182 3884 1296 3951 milites
1317 3907 1380 3952 non
1401 3908 1540 3975 possum.
1584 3892 1661 3953 Cum

342 3979 381 4046 ad
403 4001 471 4045 rom
502 3976 658 4065 publicam
686 3974 878 4042 liberandam
900 3977 1033 4052 accessi,
1070 3981 1141 4044 llS.
1164 3979 1241 4044 mibi
1262 3980 1321 4045 luit
1341 3982 1492 4068 pecuniae
1513 3981 1663 4068 quadrin-

342 4073 460 4158 genties
481 4071 625 4159 amplius.
668 4077 800 4136 Tantum
821 4067 923 4145 abest,
945 4079 979 4136 nt
1000 4092 1089 4136 meae
1110 4072 1157 4137 rei
1178 4073 1340 4139 lamiliaris
1362 4073 1495 4140 liberum
1517 4077 1558 4141 sit
1572 4073 1662 4162 quid·

239 4173 250 4194 '
342 4188 452 4256 quam,
484 4176 519 4232 ut
546 4185 655 4233 omnes
683 4165 746 4231 iam
774 4185 862 4230 meos
890 4164 1006 4231 amicos
1034 4187 1108 4230 acre
1129 4165 1233 4232 alieno
1256 4166 1491 4235 obstrinxerim.
1535 4173 1660 4255 Septem

343 4281 474 4328 numero
509 4280 592 4326 nunc
625 4258 764 4345 legiones
798 4258 866 4338 alo;
898 4280 960 4346 qua
991 4258 1184 4334 dillicultate,
1216 4269 1250 4326 tn
1281 4261 1445 4329 arbitrare.
1502 4268 1593 4336 Non,
1633 4261 1660 4326 si

410 4463 437 4514 1.
456 4459 504 4526 est]
524 4469 550 4513 st
567 4459 605 4512 bl.
627 4485 656 4498 -
694 4459 722 4511 2.
741 4459 813 4510 voto
829 4461 858 4510 td
874 4459 918 4512 tt:
936 4460 1008 4510 oobts
1027 4461 1057 4512 Ε.
1079 4487 1108 4498 -
1145 4461 1172 4512 11.
1192 4461 1284 4514 Malim
1304 4463 1392 4528 ltsqto.
1412 4463 1463 4515 On.
1486 4489 1514 4500 -
1553 4467 1596 4514 10.
1614 4465 1661 4514 in·

340 4534 401 4592 bers
430 4535 466 4583 sit
484 4547 521 4584 ao
538 4533 585 4584 boc
603 4537 716 4594 tempore
734 4530 756 4579 ia
775 4531 915 4582 uideantur
930 4532 983 4582 dici
1003 4545 1082 4584 coum
1099 4533 1204 4582 mollem
1222 4541 1294 4583 tuum
1312 4534 1356 4584 lde
1375 4536 1399 4583 st
1417 4541 1504 4586 tamon
1521 4535 1583 4585 baec
1600 4542 1660 4584 tcm-

338 4606 413 4667 poria
429 4603 571 4654 uideantur
587 4601 640 4652 dici
656 4613 753 4660 muro,
782 4601 860 4652 mults
876 4615 916 4650 ma
933 4608 1007 4650 tuum
1026 4602 1082 4664 Vb,
1115 4604 1139 4652 si
1158 4609 1245 4653 tamon
1262 4605 1309 4653 boc
1328 4607 1453 4666 temporis
1470 4605 1591 4655 uidentur
1609 4603 1660 4653 dici

340 4687 435 4736 como,
454 4673 532 4723 molle
550 4685 590 4722 mc
609 4677 682 4720 tuom
701 4669 733 4721 E.
770 4669 907 4721 lircidisse
926 4673 1057 4722 nonnulla
1077 4673 1282 4723 videaturautc
1301 4674 1451 4734 verberit,
1479 4688 1517 4725 on
1533 4676 1581 4724 boc
1599 4682 1660 4724 tom·

339 4745 413 4806 ports
438 4744 559 4794 uidentur
577 4741 630 4792 dict
648 4753 745 4796 causo,
776 4741 854 4792 molto
869 4757 909 4792 ms
928 4749 1011 4794 tuam.
1043 4742 1148 4794 011-
1183 4745 1225 4794 tt.
1246 4751 1339 4807 operto
1357 4744 1487 4795 Orellius:
1507 4752 1597 4795 occrm
1615 4744 1658 4802 bl,

340 4819 445 4864 occrto
464 4813 495 4864 R.
532 4811 573 4864 Cl.
593 4810 682 4860 Hand.
702 4809 781 4861 Tun.
801 4811 823 4862 l.
844 4825 871 4875 p.
891 4813 934 4863 29.
967 4837 997 4849 -
1034 4814 1077 4864 13.
1097 4813 1326 4866 lcoiorcllrnestii
1345 4828 1455 4877 operae.
1480 4839 1513 4854 -
1549 4817 1659 4866 l'l.oa-

339 4895 389 4932 cua
408 4885 501 4933 rtottm
518 4880 680 4943 Madvigius·
718 4879 790 4930 Fort.
809 4882 911 4932 inliciat
930 4883 961 4933 n.
983 4884 1012 4935 Ρ.
1032 4886 1159 4935 vacuitas.
1179 4885 1230 4935 On.
1252 4911 1279 4921 -
1319 4885 1362 4934 18.
1382 4887 1552 4936 commentari
1570 4884 1658 4936 11.-

339 4953 385 5006 200
401 4954 519 5016 peditum
537 4952 581 5004 ll:
600 4951 713 5001 militum
732 4949 763 5000 Ε.
796 4973 827 4987 -·
863 4953 907 5002 28.
934 4966 1010 5003 rusus
1034 4954 1073 5004 nt.
1100 4981 1128 4992 -
1168 4954 1484 5019 Sbsuitpecuoicsll:
1504 4955 1606 5021 [11111.
1625 4977 1658 4990 -

340 5021 384 5074 38.
403 5022 505 5086 Septem
527 5035 633 5072 nummo
651 5035 719 5070 aune
737 5019 847 5084 teutones
865 5021 1000 5074 Orsltiurz
1037 5023 1139 5088 Septem
1155 5037 1290 5076 numerum
1307 5039 1377 5074 nuuc
1395 5025 1524 5090 topiorum
1541 5025 1588 5088 tt,
1616 5025 1659 5078 Sc·

339 5099 446 5155 pteram
463 5105 599 5143 nummum
623 5087 711 5154 [uum]
730 5091 859 5155 topiorum
876 5092 907 5142 u.
