<?xml version="1.0" encoding="UTF-8"?>
<!DOCTYPE html PUBLIC "-//W3C//DTD XHTML 1.0 Transitional//EN"
    "http://www.w3.org/TR/xhtml1/DTD/xhtml1-transitional.dtd">
<html xmlns="http://www.w3.org/1999/xhtml" xml:lang="en" lang="en">
 <head>
  <title>
</title>
<meta http-equiv="Content-Type" content="text/html;charset=utf-8" />
  <meta name='ocr-system' content='tesseract 3.04.00' />
  <meta name='ocr-capabilities' content='ocr_page ocr_carea ocr_par ocr_line ocrx_word'/>
</head>
<body>
  <div class='ocr_page' id='page_1' title='image "./mtulliiciceroni06baitgoog_0103.png"; bbox 0 0 3656 5868; ppageno 0'>
   <div class='ocr_carea' id='block_1_1' title="bbox 754 409 1217 498">
    <p class='ocr_par' dir='ltr' id='par_1_1' title="bbox 754 409 1217 498">
     <span class='ocr_line' id='line_1_1' title="bbox 754 409 1217 498; baseline -0.002 -2"><span class='ocrx_word' id='word_1_1' title='bbox 754 409 1031 497; x_wconf 78' lang='lat' dir='ltr'><strong>misronsnon</strong></span> <span class='ocrx_word' id='word_1_2' title='bbox 1051 433 1104 496; x_wconf 78' lang='lat' dir='ltr'><strong>nn</strong></span> <span class='ocrx_word' id='word_1_3' title='bbox 1126 435 1217 498; x_wconf 75' lang='lat' dir='ltr'><strong>san.</strong></span> 
     </span>
    </p>
   </div>
   <div class='ocr_carea' id='block_1_2' title="bbox 508 582 1461 772">
    <p class='ocr_par' dir='ltr' id='par_1_2' title="bbox 508 582 1461 772">
     <span class='ocr_line' id='line_1_2' title="bbox 735 582 1167 675; baseline 0.009 -22"><span class='ocrx_word' id='word_1_4' title='bbox 735 582 1167 675; x_wconf 57' lang='lat' dir='ltr'><strong>&#39;anaema</strong></span> 
     </span>
     <span class='ocr_line' id='line_1_3' title="bbox 508 705 1461 772; baseline -0.002 0"><span class='ocrx_word' id='word_1_5' title='bbox 508 709 550 771; x_wconf 89' lang='lat' dir='ltr'><strong>n.</strong></span> <span class='ocrx_word' id='word_1_6' title='bbox 573 705 716 772; x_wconf 84' lang='lat' dir='ltr'><strong>cronno</strong></span> <span class='ocrx_word' id='word_1_7' title='bbox 738 705 904 770; x_wconf 82' lang='lat' dir='ltr'><strong>rnocos</strong></span> <span class='ocrx_word' id='word_1_8' title='bbox 926 707 958 770; x_wconf 92' lang='lat' dir='ltr'><strong>s.</strong></span> <span class='ocrx_word' id='word_1_9' title='bbox 980 708 1017 770; x_wconf 91' lang='lat' dir='ltr'><strong>n.</strong></span> <span class='ocrx_word' id='word_1_10' title='bbox 1040 706 1156 770; x_wconf 76' lang='lat' dir='ltr'><strong>narro</strong></span> <span class='ocrx_word' id='word_1_11' title='bbox 1177 706 1360 772; x_wconf 73' lang='lat' dir='ltr'><strong>runcano</strong></span> <span class='ocrx_word' id='word_1_12' title='bbox 1383 708 1461 772; x_wconf 84' lang='lat' dir='ltr'><strong>mn.</strong></span> 
     </span>
    </p>
   </div>
   <div class='ocr_carea' id='block_1_3' title="bbox 193 826 1651 2601">
    <p class='ocr_par' dir='ltr' id='par_1_3' title="bbox 193 826 1651 2601">
     <span class='ocr_line' id='line_1_4' title="bbox 408 826 1650 914; baseline 0.003 -22"><span class='ocrx_word' id='word_1_13' title='bbox 408 831 436 894; x_wconf 92' lang='grc'><strong>1.</strong></span> <span class='ocrx_word' id='word_1_14' title='bbox 459 829 537 894; x_wconf 87' lang='lat' dir='ltr'><strong>Cum</strong></span> <span class='ocrx_word' id='word_1_15' title='bbox 558 835 589 893; x_wconf 92' lang='lat' dir='ltr'><strong>et</strong></span> <span class='ocrx_word' id='word_1_16' title='bbox 610 837 719 894; x_wconf 79' lang='lat' dir='ltr'><strong>contm</strong></span> <span class='ocrx_word' id='word_1_17' title='bbox 740 826 932 894; x_wconf 84' lang='lat' dir='ltr'><strong>voluntatem</strong></span> <span class='ocrx_word' id='word_1_18' title='bbox 954 848 1056 892; x_wconf 90' lang='lat' dir='ltr'><strong>meam</strong></span> <span class='ocrx_word' id='word_1_19' title='bbox 1078 836 1110 892; x_wconf 91' lang='lat' dir='ltr'><strong>et</strong></span> <span class='ocrx_word' id='word_1_20' title='bbox 1131 836 1257 913; x_wconf 89' lang='lat' dir='ltr'><strong>praeter</strong></span> <span class='ocrx_word' id='word_1_21' title='bbox 1278 827 1460 914; x_wconf 85' lang='lat' dir='ltr'><strong>opinionem</strong></span> <span class='ocrx_word' id='word_1_22' title='bbox 1475 828 1650 906; x_wconf 75' lang='lat' dir='ltr'><strong>accidisset,</strong></span> 
     </span>
     <span class='ocr_line' id='line_1_5' title="bbox 320 919 1651 1007; baseline 0.002 -20"><span class='ocrx_word' id='word_1_23' title='bbox 320 929 355 987; x_wconf 89' lang='lat' dir='ltr'><strong>ut</strong></span> <span class='ocrx_word' id='word_1_24' title='bbox 376 920 454 987; x_wconf 90' lang='lat' dir='ltr'><strong>mibi</strong></span> <span class='ocrx_word' id='word_1_25' title='bbox 475 943 547 986; x_wconf 91' lang='lat' dir='ltr'><strong>cum</strong></span> <span class='ocrx_word' id='word_1_26' title='bbox 577 921 713 1007; x_wconf 92' lang='lat' dir='ltr'><strong>imperio</strong></span> <span class='ocrx_word' id='word_1_27' title='bbox 728 921 761 986; x_wconf 94' lang='lat' dir='ltr'><strong>in</strong></span> <span class='ocrx_word' id='word_1_28' title='bbox 775 920 969 1007; x_wconf 83' lang='lat' dir='ltr'><strong>provinciam</strong></span> <span class='ocrx_word' id='word_1_29' title='bbox 989 919 1147 1007; x_wconf 81' lang='lat' dir='ltr'><strong>proticisci</strong></span> <span class='ocrx_word' id='word_1_30' title='bbox 1168 941 1296 986; x_wconf 89' lang='lat' dir='ltr'><strong>necesse</strong></span> <span class='ocrx_word' id='word_1_31' title='bbox 1317 929 1414 997; x_wconf 86' lang='lat' dir='ltr'><strong>esset,</strong></span> <span class='ocrx_word' id='word_1_32' title='bbox 1436 921 1470 988; x_wconf 93' lang='lat' dir='ltr'><strong>in</strong></span> <span class='ocrx_word' id='word_1_33' title='bbox 1490 923 1596 990; x_wconf 91' lang='lat' dir='ltr'><strong>multis</strong></span> <span class='ocrx_word' id='word_1_34' title='bbox 1618 934 1651 989; x_wconf 90' lang='lat' dir='ltr'><strong>et</strong></span> 
     </span>
     <span class='ocr_line' id='line_1_6' title="bbox 297 1013 1650 1104; baseline 0.003 -26"><span class='ocrx_word' id='word_1_35' title='bbox 297 1015 417 1081; x_wconf 79' lang='lat' dir='ltr'><strong>erariis</strong></span> <span class='ocrx_word' id='word_1_36' title='bbox 429 1014 582 1080; x_wconf 89' lang='lat' dir='ltr'><strong>molestiis</strong></span> <span class='ocrx_word' id='word_1_37' title='bbox 592 1013 897 1101; x_wconf 89' lang='lat' dir='ltr'><strong>cogitationibusque</strong></span> <span class='ocrx_word' id='word_1_38' title='bbox 905 1013 984 1080; x_wconf 89' lang='lat' dir='ltr'><strong>meis</strong></span> <span class='ocrx_word' id='word_1_39' title='bbox 995 1014 1072 1080; x_wconf 89' lang='lat' dir='ltr'><strong>baec</strong></span> <span class='ocrx_word' id='word_1_40' title='bbox 1082 1037 1145 1081; x_wconf 88' lang='lat' dir='ltr'><strong>una</strong></span> <span class='ocrx_word' id='word_1_41' title='bbox 1156 1015 1330 1081; x_wconf 88' lang='lat' dir='ltr'><strong>consolatio</strong></span> <span class='ocrx_word' id='word_1_42' title='bbox 1345 1015 1540 1092; x_wconf 83' lang='lat' dir='ltr'><strong>occurrebat,</strong></span> <span class='ocrx_word' id='word_1_43' title='bbox 1563 1015 1650 1104; x_wconf 92' lang='lat' dir='ltr'><strong>quod</strong></span> 
     </span>
     <span class='ocr_line' id='line_1_7' title="bbox 319 1108 1649 1198; baseline 0.002 -24"><span class='ocrx_word' id='word_1_44' title='bbox 319 1130 422 1196; x_wconf 91' lang='lat' dir='ltr'><strong>neque</strong></span> <span class='ocrx_word' id='word_1_45' title='bbox 444 1108 501 1176; x_wconf 92' lang='lat' dir='ltr'><strong>tibi</strong></span> <span class='ocrx_word' id='word_1_46' title='bbox 522 1108 674 1183; x_wconf 87' lang='lat' dir='ltr'><strong>amicior,</strong></span> <span class='ocrx_word' id='word_1_47' title='bbox 708 1129 803 1195; x_wconf 86' lang='lat' dir='ltr'><strong>quam</strong></span> <span class='ocrx_word' id='word_1_48' title='bbox 831 1127 891 1194; x_wconf 92' lang='lat' dir='ltr'><strong>ego</strong></span> <span class='ocrx_word' id='word_1_49' title='bbox 914 1129 1004 1183; x_wconf 90' lang='lat' dir='ltr'><strong>sum,</strong></span> <span class='ocrx_word' id='word_1_50' title='bbox 1038 1108 1204 1197; x_wconf 90' lang='lat' dir='ltr'><strong>quisquam</strong></span> <span class='ocrx_word' id='word_1_51' title='bbox 1226 1118 1333 1195; x_wconf 90' lang='lat' dir='ltr'><strong>posset</strong></span> <span class='ocrx_word' id='word_1_52' title='bbox 1354 1109 1524 1175; x_wconf 83' lang='lat' dir='ltr'>succedere</span> <span class='ocrx_word' id='word_1_53' title='bbox 1544 1131 1649 1198; x_wconf 91' lang='lat' dir='ltr'><strong>neque</strong></span> 
     </span>
     <span class='ocr_line' id='line_1_8' title="bbox 319 1201 1648 1291; baseline 0.001 -22"><span class='ocrx_word' id='word_1_54' title='bbox 319 1223 380 1290; x_wconf 91' lang='lat' dir='ltr'><strong>ego</strong></span> <span class='ocrx_word' id='word_1_55' title='bbox 402 1201 442 1268; x_wconf 87' lang='lat' dir='ltr'><strong>ab</strong></span> <span class='ocrx_word' id='word_1_56' title='bbox 463 1201 529 1268; x_wconf 92' lang='lat' dir='ltr'><strong>ullo</strong></span> <span class='ocrx_word' id='word_1_57' title='bbox 550 1201 746 1288; x_wconf 78' lang='lat' dir='ltr'><strong>provinciam</strong></span> <span class='ocrx_word' id='word_1_58' title='bbox 778 1201 939 1288; x_wconf 87' lang='lat' dir='ltr'><strong>accipere,</strong></span> <span class='ocrx_word' id='word_1_59' title='bbox 973 1201 1029 1288; x_wconf 91' lang='lat' dir='ltr'><strong>qni</strong></span> <span class='ocrx_word' id='word_1_60' title='bbox 1057 1201 1164 1268; x_wconf 89' lang='lat' dir='ltr'><strong>mallet</strong></span> <span class='ocrx_word' id='word_1_61' title='bbox 1192 1223 1261 1268; x_wconf 87' lang='lat' dir='ltr'><strong>eam</strong></span> <span class='ocrx_word' id='word_1_62' title='bbox 1289 1224 1383 1291; x_wconf 90' lang='lat' dir='ltr'><strong>quam</strong></span> <span class='ocrx_word' id='word_1_63' title='bbox 1413 1205 1550 1270; x_wconf 80' lang='lat' dir='ltr'><strong>maxime</strong></span> <span class='ocrx_word' id='word_1_64' title='bbox 1571 1205 1648 1270; x_wconf 91' lang='lat' dir='ltr'><strong>mibi</strong></span> 
     </span>
     <span class='ocr_line' id='line_1_9' title="bbox 319 1294 1649 1384; baseline 0.005 -25"><span class='ocrx_word' id='word_1_65' title='bbox 319 1303 423 1381; x_wconf 83' lang='lat' dir='ltr'><strong>aptam</strong></span> <span class='ocrx_word' id='word_1_66' title='bbox 451 1295 701 1382; x_wconf 71' lang='lat' dir='ltr'>explicatamque</span> <span class='ocrx_word' id='word_1_67' title='bbox 723 1294 862 1364; x_wconf 86' lang='lat' dir='ltr'><strong>tradere.</strong></span> <span class='ocrx_word' id='word_1_68' title='bbox 917 1295 1041 1375; x_wconf 86' lang='lat' dir='ltr'><strong>Quodsi</strong></span> <span class='ocrx_word' id='word_1_69' title='bbox 1073 1304 1107 1362; x_wconf 92' lang='lat' dir='ltr'><strong>tu</strong></span> <span class='ocrx_word' id='word_1_70' title='bbox 1138 1317 1266 1384; x_wconf 90' lang='lat' dir='ltr'><strong>quoquc</strong></span> <span class='ocrx_word' id='word_1_71' title='bbox 1288 1297 1418 1362; x_wconf 89' lang='lat' dir='ltr'><strong>eandem</strong></span> <span class='ocrx_word' id='word_1_72' title='bbox 1440 1298 1480 1364; x_wconf 91' lang='lat' dir='ltr'><strong>de</strong></span> <span class='ocrx_word' id='word_1_73' title='bbox 1501 1320 1571 1364; x_wconf 88' lang='lat' dir='ltr'><strong>mea</strong></span> <span class='ocrx_word' id='word_1_74' title='bbox 1592 1321 1649 1366; x_wconf 87' lang='lat' dir='ltr'><strong>vo·</strong></span> 
     </span>
     <span class='ocr_line' id='line_1_10' title="bbox 318 1389 1648 1478; baseline 0.002 -22"><span class='ocrx_word' id='word_1_75' title='bbox 318 1389 435 1456; x_wconf 86' lang='lat' dir='ltr'><strong>luntate</strong></span> <span class='ocrx_word' id='word_1_76' title='bbox 457 1410 534 1476; x_wconf 88' lang='lat' dir='ltr'><strong>erga</strong></span> <span class='ocrx_word' id='word_1_77' title='bbox 555 1399 586 1456; x_wconf 91' lang='lat' dir='ltr'><strong>te</strong></span> <span class='ocrx_word' id='word_1_78' title='bbox 608 1411 696 1478; x_wconf 89' lang='lat' dir='ltr'><strong>spem</strong></span> <span class='ocrx_word' id='word_1_79' title='bbox 718 1389 825 1465; x_wconf 89' lang='lat' dir='ltr'><strong>babes,</strong></span> <span class='ocrx_word' id='word_1_80' title='bbox 847 1411 886 1456; x_wconf 89' lang='lat' dir='ltr'><strong>ea</strong></span> <span class='ocrx_word' id='word_1_81' title='bbox 908 1398 938 1456; x_wconf 91' lang='lat' dir='ltr'><strong>te</strong></span> <span class='ocrx_word' id='word_1_82' title='bbox 953 1389 1097 1477; x_wconf 85' lang='lat' dir='ltr'><strong>prolecto</strong></span> <span class='ocrx_word' id='word_1_83' title='bbox 1111 1412 1270 1478; x_wconf 89' lang='lat' dir='ltr'><strong>nunquam</strong></span> <span class='ocrx_word' id='word_1_84' title='bbox 1287 1390 1383 1457; x_wconf 87' lang='lat' dir='ltr'><strong>fallet.</strong></span> <span class='ocrx_word' id='word_1_85' title='bbox 1415 1395 1442 1458; x_wconf 76' lang='lat' dir='ltr'>A</span> <span class='ocrx_word' id='word_1_86' title='bbox 1464 1400 1494 1456; x_wconf 92' lang='lat' dir='ltr'><strong>te</strong></span> <span class='ocrx_word' id='word_1_87' title='bbox 1508 1393 1648 1458; x_wconf 76' lang='lat' dir='ltr'><strong>maximo</strong></span> 
     </span>
     <span class='ocr_line' id='line_1_11' title="bbox 283 1483 1648 1572; baseline 0.004 -25"><span class='ocrx_word' id='word_1_88' title='bbox 283 1507 309 1547; x_wconf 86' lang='lat' dir='ltr'><strong>n</strong></span> <span class='ocrx_word' id='word_1_89' title='bbox 319 1503 417 1570; x_wconf 91' lang='lat' dir='ltr'><strong>opere</strong></span> <span class='ocrx_word' id='word_1_90' title='bbox 439 1504 498 1569; x_wconf 92' lang='lat' dir='ltr'><strong>pro</strong></span> <span class='ocrx_word' id='word_1_91' title='bbox 519 1493 629 1552; x_wconf 87' lang='lat' dir='ltr'><strong>nostra</strong></span> <span class='ocrx_word' id='word_1_92' title='bbox 649 1505 771 1550; x_wconf 90' lang='lat' dir='ltr'><strong>summa</strong></span> <span class='ocrx_word' id='word_1_93' title='bbox 793 1483 1013 1550; x_wconf 78' lang='lat' dir='ltr'><strong>conirmctione</strong></span> <span class='ocrx_word' id='word_1_94' title='bbox 1034 1492 1150 1572; x_wconf 88' lang='lat' dir='ltr'><strong>tuaque</strong></span> <span class='ocrx_word' id='word_1_95' title='bbox 1172 1485 1323 1571; x_wconf 77' lang='lat' dir='ltr'><strong>singulari</strong></span> <span class='ocrx_word' id='word_1_96' title='bbox 1337 1484 1529 1572; x_wconf 75' lang='lat' dir='ltr'><strong>humanitate</strong></span> <span class='ocrx_word' id='word_1_97' title='bbox 1552 1485 1648 1552; x_wconf 90' lang='lat' dir='ltr'><strong>etiam</strong></span> 
     </span>
     <span class='ocr_line' id='line_1_12' title="bbox 317 1576 1648 1666; baseline 0.004 -25"><span class='ocrx_word' id='word_1_98' title='bbox 317 1584 412 1664; x_wconf 87' lang='lat' dir='ltr'><strong>atque</strong></span> <span class='ocrx_word' id='word_1_99' title='bbox 434 1578 529 1644; x_wconf 89' lang='lat' dir='ltr'><strong>etiam</strong></span> <span class='ocrx_word' id='word_1_100' title='bbox 552 1599 669 1666; x_wconf 82' lang='lat' dir='ltr'><strong>quaeso</strong></span> <span class='ocrx_word' id='word_1_101' title='bbox 692 1586 723 1643; x_wconf 93' lang='lat' dir='ltr'><strong>et</strong></span> <span class='ocrx_word' id='word_1_102' title='bbox 744 1586 835 1664; x_wconf 90' lang='lat' dir='ltr'><strong>peto,</strong></span> <span class='ocrx_word' id='word_1_103' title='bbox 857 1587 910 1652; x_wconf 89' lang='lat' dir='ltr'><strong>ut,</strong></span> <span class='ocrx_word' id='word_1_104' title='bbox 945 1576 1185 1665; x_wconf 81' lang='lat' dir='ltr'><strong>quibuscunque</strong></span> <span class='ocrx_word' id='word_1_105' title='bbox 1206 1578 1302 1646; x_wconf 88' lang='lat' dir='ltr'><strong>rebus</strong></span> <span class='ocrx_word' id='word_1_106' title='bbox 1323 1579 1443 1666; x_wconf 90' lang='lat' dir='ltr'><strong>poteris</strong></span> <span class='ocrx_word' id='word_1_107' title='bbox 1465 1616 1505 1628; x_wconf 89' lang='lat'>—</span> <span class='ocrx_word' id='word_1_108' title='bbox 1527 1580 1648 1665; x_wconf 91' lang='lat' dir='ltr'><strong>poteris</strong></span> 
     </span>
     <span class='ocr_line' id='line_1_13' title="bbox 318 1670 1647 1759; baseline 0.002 -24"><span class='ocrx_word' id='word_1_109' title='bbox 318 1679 423 1736; x_wconf 89' lang='lat' dir='ltr'><strong>autem</strong></span> <span class='ocrx_word' id='word_1_110' title='bbox 444 1671 589 1758; x_wconf 87' lang='lat' dir='ltr'><strong>plurimis</strong></span> <span class='ocrx_word' id='word_1_111' title='bbox 617 1709 659 1719; x_wconf 98' lang='lat'><em>-</em></span> <span class='ocrx_word' id='word_1_112' title='bbox 688 1671 861 1759; x_wconf 88' lang='lat' dir='ltr'><strong>prospicias</strong></span> <span class='ocrx_word' id='word_1_113' title='bbox 883 1680 915 1736; x_wconf 89' lang='lat' dir='ltr'><strong>et</strong></span> <span class='ocrx_word' id='word_1_114' title='bbox 935 1671 1080 1737; x_wconf 87' lang='lat' dir='ltr'><strong>consulas</strong></span> <span class='ocrx_word' id='word_1_115' title='bbox 1102 1670 1278 1738; x_wconf 86' lang='lat' dir='ltr'><strong>rationibus</strong></span> <span class='ocrx_word' id='word_1_116' title='bbox 1303 1672 1392 1738; x_wconf 90' lang='lat' dir='ltr'><strong>meis.</strong></span> <span class='ocrx_word' id='word_1_117' title='bbox 1435 1677 1466 1739; x_wconf 79' lang='lat'><strong>9..</strong></span> <span class='ocrx_word' id='word_1_118' title='bbox 1488 1672 1584 1740; x_wconf 89' lang='lat' dir='ltr'><strong>Vides</strong></span> <span class='ocrx_word' id='word_1_119' title='bbox 1606 1696 1647 1738; x_wconf 83' lang='lat' dir='ltr'><strong>ex</strong></span> 
     </span>
     <span class='ocr_line' id='line_1_14' title="bbox 317 1763 1646 1854; baseline 0.001 -22"><span class='ocrx_word' id='word_1_120' title='bbox 317 1766 587 1832; x_wconf 88' lang='lat' dir='ltr'><strong>senatusconsulto</strong></span> <span class='ocrx_word' id='word_1_121' title='bbox 612 1765 809 1852; x_wconf 87' lang='lat' dir='ltr'><strong>provinciam</strong></span> <span class='ocrx_word' id='word_1_122' title='bbox 834 1785 904 1830; x_wconf 88' lang='lat' dir='ltr'><strong>esse</strong></span> <span class='ocrx_word' id='word_1_123' title='bbox 926 1763 1113 1832; x_wconf 82' lang='lat' dir='ltr'><strong>babendum.</strong></span> <span class='ocrx_word' id='word_1_124' title='bbox 1167 1766 1201 1832; x_wconf 89' lang='lat' dir='ltr'><strong>Si</strong></span> <span class='ocrx_word' id='word_1_125' title='bbox 1224 1788 1310 1840; x_wconf 88' lang='lat' dir='ltr'><strong>eam,</strong></span> <span class='ocrx_word' id='word_1_126' title='bbox 1333 1765 1439 1854; x_wconf 88' lang='lat' dir='ltr'><strong>quoad</strong></span> <span class='ocrx_word' id='word_1_127' title='bbox 1456 1767 1524 1832; x_wconf 91' lang='lat' dir='ltr'><strong>eius</strong></span> <span class='ocrx_word' id='word_1_128' title='bbox 1540 1767 1646 1834; x_wconf 86' lang='lat' dir='ltr'><strong>lacere</strong></span> 
     </span>
     <span class='ocr_line' id='line_1_15' title="bbox 318 1858 1646 1947; baseline 0.001 -23"><span class='ocrx_word' id='word_1_129' title='bbox 318 1858 479 1944; x_wconf 88' lang='lat' dir='ltr'><strong>potueris,</strong></span> <span class='ocrx_word' id='word_1_130' title='bbox 503 1879 598 1946; x_wconf 65' lang='lat' dir='ltr'><strong>mam</strong></span> <span class='ocrx_word' id='word_1_131' title='bbox 621 1858 891 1947; x_wconf 84' lang='lat' dir='ltr'><strong>expeditissimam</strong></span> <span class='ocrx_word' id='word_1_132' title='bbox 912 1858 989 1925; x_wconf 93' lang='lat' dir='ltr'><strong>mibi</strong></span> <span class='ocrx_word' id='word_1_133' title='bbox 1008 1858 1192 1935; x_wconf 80' lang='lat' dir='ltr'><strong>tradideris,</strong></span> <span class='ocrx_word' id='word_1_134' title='bbox 1230 1859 1354 1926; x_wconf 78' lang='lat' dir='ltr'><strong>facilior</strong></span> <span class='ocrx_word' id='word_1_135' title='bbox 1371 1861 1432 1926; x_wconf 92' lang='lat' dir='ltr'><strong>erit</strong></span> <span class='ocrx_word' id='word_1_136' title='bbox 1455 1859 1533 1929; x_wconf 91' lang='lat' dir='ltr'><strong>mibi</strong></span> <span class='ocrx_word' id='word_1_137' title='bbox 1555 1860 1646 1947; x_wconf 89' lang='lat' dir='ltr'><strong>qnasi</strong></span> 
     </span>
     <span class='ocr_line' id='line_1_16' title="bbox 282 1951 1646 2040; baseline 0.004 -26"><span class='ocrx_word' id='word_1_138' title='bbox 282 1973 307 2017; x_wconf 81' lang='grc' dir='ltr'><strong>ιι</strong></span> <span class='ocrx_word' id='word_1_139' title='bbox 317 1951 468 2018; x_wconf 87' lang='lat' dir='ltr'><strong>decursus</strong></span> <span class='ocrx_word' id='word_1_140' title='bbox 490 1952 553 2018; x_wconf 91' lang='lat' dir='ltr'><strong>mei</strong></span> <span class='ocrx_word' id='word_1_141' title='bbox 575 1953 739 2040; x_wconf 86' lang='lat' dir='ltr'><strong>temporis.</strong></span> <span class='ocrx_word' id='word_1_142' title='bbox 795 1951 879 2031; x_wconf 86' lang='lat' dir='ltr'><strong>Quid</strong></span> <span class='ocrx_word' id='word_1_143' title='bbox 905 1951 938 2017; x_wconf 93' lang='lat' dir='ltr'><strong>in</strong></span> <span class='ocrx_word' id='word_1_144' title='bbox 961 1973 1001 2018; x_wconf 94' lang='lat' dir='ltr'><strong>eo</strong></span> <span class='ocrx_word' id='word_1_145' title='bbox 1022 1974 1139 2039; x_wconf 84' lang='lat' dir='ltr'><strong>genere</strong></span> <span class='ocrx_word' id='word_1_146' title='bbox 1162 1953 1286 2019; x_wconf 83' lang='lat' dir='ltr'><strong>efficere</strong></span> <span class='ocrx_word' id='word_1_147' title='bbox 1308 1954 1424 2040; x_wconf 90' lang='lat' dir='ltr'><strong>possis,</strong></span> <span class='ocrx_word' id='word_1_148' title='bbox 1455 1954 1501 2020; x_wconf 92' lang='lat' dir='ltr'><strong>tui</strong></span> <span class='ocrx_word' id='word_1_149' title='bbox 1521 1954 1646 2020; x_wconf 89' lang='lat' dir='ltr'><strong>consilii</strong></span> 
     </span>
     <span class='ocr_line' id='line_1_17' title="bbox 316 2045 1645 2134; baseline 0.003 -24"><span class='ocrx_word' id='word_1_150' title='bbox 316 2053 380 2123; x_wconf 86' lang='lat' dir='ltr'><strong>est;</strong></span> <span class='ocrx_word' id='word_1_151' title='bbox 409 2067 470 2132; x_wconf 90' lang='lat' dir='ltr'><strong>ego</strong></span> <span class='ocrx_word' id='word_1_152' title='bbox 499 2056 550 2124; x_wconf 89' lang='lat' dir='ltr'><strong>te,</strong></span> <span class='ocrx_word' id='word_1_153' title='bbox 584 2047 671 2134; x_wconf 93' lang='lat' dir='ltr'><strong>qnod</strong></span> <span class='ocrx_word' id='word_1_154' title='bbox 696 2045 755 2112; x_wconf 91' lang='lat' dir='ltr'><strong>tibi</strong></span> <span class='ocrx_word' id='word_1_155' title='bbox 782 2046 889 2113; x_wconf 86' lang='lat' dir='ltr'><strong>veniet</strong></span> <span class='ocrx_word' id='word_1_156' title='bbox 918 2046 952 2111; x_wconf 91' lang='lat' dir='ltr'><strong>in</strong></span> <span class='ocrx_word' id='word_1_157' title='bbox 974 2056 1110 2112; x_wconf 88' lang='lat' dir='ltr'><strong>mentem</strong></span> <span class='ocrx_word' id='word_1_158' title='bbox 1143 2067 1214 2112; x_wconf 89' lang='lat' dir='ltr'><strong>mea</strong></span> <span class='ocrx_word' id='word_1_159' title='bbox 1235 2047 1409 2124; x_wconf 87' lang='lat' dir='ltr'><strong>interesse,</strong></span> <span class='ocrx_word' id='word_1_160' title='bbox 1443 2046 1534 2114; x_wconf 84' lang='lat' dir='ltr'><strong>valde</strong></span> <span class='ocrx_word' id='word_1_161' title='bbox 1553 2068 1645 2133; x_wconf 90' lang='lat' dir='ltr'><strong>rogo.</strong></span> 
     </span>
     <span class='ocr_line' id='line_1_18' title="bbox 193 2137 1646 2226; baseline 0.002 -22"><span class='ocrx_word' id='word_1_162' title='bbox 193 2207 196 2215; x_wconf 78' lang='grc'>,</span> <span class='ocrx_word' id='word_1_163' title='bbox 316 2137 468 2204; x_wconf 84' lang='lat' dir='ltr'><strong>Pluribus</strong></span> <span class='ocrx_word' id='word_1_164' title='bbox 484 2139 590 2206; x_wconf 87' lang='lat' dir='ltr'><strong>verbis</strong></span> <span class='ocrx_word' id='word_1_165' title='bbox 610 2140 651 2206; x_wconf 91' lang='lat' dir='ltr'><strong>ad</strong></span> <span class='ocrx_word' id='word_1_166' title='bbox 669 2150 701 2206; x_wconf 90' lang='lat' dir='ltr'><strong>te</strong></span> <span class='ocrx_word' id='word_1_167' title='bbox 719 2139 908 2214; x_wconf 80' lang='lat' dir='ltr'><strong>scriberem,</strong></span> <span class='ocrx_word' id='word_1_168' title='bbox 931 2138 958 2204; x_wconf 89' lang='lat' dir='ltr'><strong>si</strong></span> <span class='ocrx_word' id='word_1_169' title='bbox 979 2148 1033 2205; x_wconf 90' lang='lat' dir='ltr'><strong>aut</strong></span> <span class='ocrx_word' id='word_1_170' title='bbox 1055 2149 1107 2205; x_wconf 87' lang='lat' dir='ltr'><strong>tua</strong></span> <span class='ocrx_word' id='word_1_171' title='bbox 1129 2139 1306 2207; x_wconf 88' lang='lat' dir='ltr'><strong>humanitas</strong></span> <span class='ocrx_word' id='word_1_172' title='bbox 1328 2141 1506 2226; x_wconf 81' lang='lat' dir='ltr'><strong>longiorem</strong></span> <span class='ocrx_word' id='word_1_173' title='bbox 1528 2141 1646 2207; x_wconf 81' lang='lat' dir='ltr'><strong>oratio·</strong></span> 
     </span>
     <span class='ocr_line' id='line_1_19' title="bbox 315 2233 1645 2320; baseline 0.003 -22"><span class='ocrx_word' id='word_1_174' title='bbox 315 2253 388 2298; x_wconf 88' lang='lat' dir='ltr'><strong>uem</strong></span> <span class='ocrx_word' id='word_1_175' title='bbox 411 2241 607 2320; x_wconf 79' lang='lat' dir='ltr'><strong>exspectaret</strong></span> <span class='ocrx_word' id='word_1_176' title='bbox 631 2233 738 2299; x_wconf 89' lang='lat' dir='ltr'><strong>antid</strong></span> <span class='ocrx_word' id='word_1_177' title='bbox 760 2233 830 2299; x_wconf 88' lang='lat' dir='ltr'><strong>fieri</strong></span> <span class='ocrx_word' id='word_1_178' title='bbox 852 2242 959 2300; x_wconf 89' lang='lat' dir='ltr'><strong>nostra</strong></span> <span class='ocrx_word' id='word_1_179' title='bbox 980 2233 1116 2300; x_wconf 86' lang='lat' dir='ltr'><strong>amicitia</strong></span> <span class='ocrx_word' id='word_1_180' title='bbox 1138 2243 1300 2320; x_wconf 88' lang='lat' dir='ltr'><strong>pateretur</strong></span> <span class='ocrx_word' id='word_1_181' title='bbox 1314 2243 1367 2301; x_wconf 88' lang='lat' dir='ltr'><strong>ant</strong></span> <span class='ocrx_word' id='word_1_182' title='bbox 1386 2256 1438 2301; x_wconf 88' lang='lat' dir='ltr'><strong>res</strong></span> <span class='ocrx_word' id='word_1_183' title='bbox 1452 2233 1550 2300; x_wconf 81' lang='lat' dir='ltr'><strong>rerba</strong></span> <span class='ocrx_word' id='word_1_184' title='bbox 1563 2235 1645 2302; x_wconf 88' lang='lat' dir='ltr'><strong>desi—</strong></span> 
     </span>
     <span class='ocr_line' id='line_1_20' title="bbox 316 2325 1644 2415; baseline 0.002 -23"><span class='ocrx_word' id='word_1_185' title='bbox 316 2325 443 2392; x_wconf 85' lang='lat' dir='ltr'><strong>deraret</strong></span> <span class='ocrx_word' id='word_1_186' title='bbox 464 2347 502 2392; x_wconf 90' lang='lat' dir='ltr'><strong>ac</strong></span> <span class='ocrx_word' id='word_1_187' title='bbox 528 2347 593 2393; x_wconf 92' lang='lat' dir='ltr'><strong>non</strong></span> <span class='ocrx_word' id='word_1_188' title='bbox 622 2348 682 2414; x_wconf 89' lang='lat' dir='ltr'><strong>pro</strong></span> <span class='ocrx_word' id='word_1_189' title='bbox 713 2347 747 2392; x_wconf 88' lang='lat' dir='ltr'><strong>sc</strong></span> <span class='ocrx_word' id='word_1_190' title='bbox 769 2326 837 2412; x_wconf 91' lang='lat' dir='ltr'><strong>ipsa</strong></span> <span class='ocrx_word' id='word_1_191' title='bbox 866 2325 1062 2413; x_wconf 87' lang='lat' dir='ltr'><strong>loqueretur.</strong></span> <span class='ocrx_word' id='word_1_192' title='bbox 1105 2331 1174 2393; x_wconf 85' lang='lat' dir='ltr'><strong>Hoc</strong></span> <span class='ocrx_word' id='word_1_193' title='bbox 1193 2328 1288 2394; x_wconf 85' lang='lat' dir='ltr'><strong>velim</strong></span> <span class='ocrx_word' id='word_1_194' title='bbox 1310 2327 1366 2394; x_wconf 93' lang='lat' dir='ltr'><strong>tibi</strong></span> <span class='ocrx_word' id='word_1_195' title='bbox 1389 2328 1595 2415; x_wconf 86' lang='lat' dir='ltr'><strong>persuadeas,</strong></span> <span class='ocrx_word' id='word_1_196' title='bbox 1617 2329 1644 2395; x_wconf 92' lang='lat' dir='ltr'><strong>si</strong></span> 
     </span>
     <span class='ocr_line' id='line_1_21' title="bbox 276 2418 1645 2508; baseline 0.004 -25"><span class='ocrx_word' id='word_1_197' title='bbox 276 2418 491 2488; x_wconf 71' lang='lat' dir='ltr'><strong>unctionibus</strong></span> <span class='ocrx_word' id='word_1_198' title='bbox 523 2420 602 2486; x_wconf 91' lang='lat' dir='ltr'><strong>meis</strong></span> <span class='ocrx_word' id='word_1_199' title='bbox 629 2419 794 2507; x_wconf 81' lang='lat' dir='ltr'><strong>provisum</strong></span> <span class='ocrx_word' id='word_1_200' title='bbox 820 2441 839 2485; x_wconf 91' lang='lat' dir='ltr'><strong>a</strong></span> <span class='ocrx_word' id='word_1_201' title='bbox 869 2428 900 2485; x_wconf 91' lang='lat' dir='ltr'><strong>te</strong></span> <span class='ocrx_word' id='word_1_202' title='bbox 928 2439 997 2486; x_wconf 87' lang='lat' dir='ltr'><strong>esse</strong></span> <span class='ocrx_word' id='word_1_203' title='bbox 1023 2420 1231 2498; x_wconf 80' lang='lat' dir='ltr'><strong>intellexero,</strong></span> <span class='ocrx_word' id='word_1_204' title='bbox 1267 2443 1413 2508; x_wconf 87' lang='lat' dir='ltr'><strong>magnam</strong></span> <span class='ocrx_word' id='word_1_205' title='bbox 1436 2431 1466 2488; x_wconf 92' lang='lat' dir='ltr'><strong>te</strong></span> <span class='ocrx_word' id='word_1_206' title='bbox 1488 2444 1530 2489; x_wconf 84' lang='lat' dir='ltr'><strong>ex</strong></span> <span class='ocrx_word' id='word_1_207' title='bbox 1551 2443 1591 2490; x_wconf 90' lang='lat' dir='ltr'><strong>eo</strong></span> <span class='ocrx_word' id='word_1_208' title='bbox 1612 2433 1645 2488; x_wconf 91' lang='lat' dir='ltr'><strong>et</strong></span> 
     </span>
     <span class='ocr_line' id='line_1_22' title="bbox 318 2513 1003 2601; baseline 0 -21"><span class='ocrx_word' id='word_1_209' title='bbox 318 2523 501 2600; x_wconf 87' lang='lat' dir='ltr'><strong>perpetuam</strong></span> <span class='ocrx_word' id='word_1_210' title='bbox 522 2513 715 2601; x_wconf 84' lang='lat' dir='ltr'><strong>voluptatem</strong></span> <span class='ocrx_word' id='word_1_211' title='bbox 738 2535 807 2580; x_wconf 89' lang='lat' dir='ltr'><strong>esse</strong></span> <span class='ocrx_word' id='word_1_212' title='bbox 828 2523 1003 2600; x_wconf 89' lang='lat' dir='ltr'><strong>capturum.</strong></span> 
     </span>
    </p>
   </div>
   <div class='ocr_carea' id='block_1_4' title="bbox 701 2648 1257 2834">
    <p class='ocr_par' dir='ltr' id='par_1_4' title="bbox 701 2648 1257 2834">
     <span class='ocr_line' id='line_1_23' title="bbox 788 2648 1164 2740; baseline 0.008 -22"><span class='ocrx_word' id='word_1_213' title='bbox 788 2648 1164 2740; x_wconf 59' lang='lat' dir='ltr'><strong>munem)</strong></span> 
     </span>
     <span class='ocr_line' id='line_1_24' title="bbox 701 2769 1257 2834; baseline 0 0"><span class='ocrx_word' id='word_1_214' title='bbox 701 2769 845 2834; x_wconf 80' lang='lat' dir='ltr'><strong>cunno</strong></span> <span class='ocrx_word' id='word_1_215' title='bbox 868 2769 900 2833; x_wconf 90' lang='lat' dir='ltr'><strong>s.</strong></span> <span class='ocrx_word' id='word_1_216' title='bbox 921 2772 958 2832; x_wconf 90' lang='lat' dir='ltr'><strong>n.</strong></span> <span class='ocrx_word' id='word_1_217' title='bbox 982 2771 1041 2832; x_wconf 80' lang='lat' dir='ltr'><strong>an.</strong></span> <span class='ocrx_word' id='word_1_218' title='bbox 1063 2770 1257 2834; x_wconf 77' lang='lat' dir='ltr'><strong>annornm.</strong></span> 
     </span>
    </p>
   </div>
   <div class='ocr_carea' id='block_1_5' title="bbox 401 2887 1642 2970">
    <p class='ocr_par' dir='ltr' id='par_1_5' title="bbox 401 2887 1642 2970">
     <span class='ocr_line' id='line_1_25' title="bbox 401 2887 1642 2970; baseline 0.002 -16"><span class='ocrx_word' id='word_1_219' title='bbox 401 2891 430 2956; x_wconf 89' lang='lat'><strong>1.</strong></span> <span class='ocrx_word' id='word_1_220' title='bbox 450 2893 487 2956; x_wconf 75' lang='lat' dir='ltr'><strong>A.</strong></span> <span class='ocrx_word' id='word_1_221' title='bbox 509 2887 540 2955; x_wconf 89' lang='lat' dir='ltr'><strong>d.</strong></span> <span class='ocrx_word' id='word_1_222' title='bbox 562 2908 609 2956; x_wconf 80' lang='grc' dir='ltr'><strong>ιιι.</strong></span> <span class='ocrx_word' id='word_1_223' title='bbox 631 2887 788 2956; x_wconf 86' lang='lat' dir='ltr'><strong>Kalendas</strong></span> <span class='ocrx_word' id='word_1_224' title='bbox 809 2887 914 2954; x_wconf 89' lang='lat' dir='ltr'><strong>lunias</strong></span> <span class='ocrx_word' id='word_1_225' title='bbox 934 2887 1137 2954; x_wconf 83' lang='lat' dir='ltr'><strong>Brundisium</strong></span> <span class='ocrx_word' id='word_1_226' title='bbox 1158 2909 1230 2956; x_wconf 90' lang='lat' dir='ltr'><strong>cum</strong></span> <span class='ocrx_word' id='word_1_227' title='bbox 1252 2890 1422 2964; x_wconf 87' lang='lat' dir='ltr'><strong>venissem,</strong></span> <span class='ocrx_word' id='word_1_228' title='bbox 1457 2893 1495 2970; x_wconf 85' lang='lat' dir='ltr'><strong>Q.</strong></span> <span class='ocrx_word' id='word_1_229' title='bbox 1517 2888 1642 2966; x_wconf 80' lang='lat' dir='ltr'><strong>Fabius,</strong></span> 
     </span>
    </p>
   </div>
   <div class='ocr_carea' id='block_1_6' title="bbox 178 2981 1642 3073">
    <p class='ocr_par' dir='ltr' id='par_1_6' title="bbox 178 2981 1642 3073">
     <span class='ocr_line' id='line_1_26' title="bbox 178 2981 1642 3073; baseline -0.001 -24"><span class='ocrx_word' id='word_1_230' title='bbox 178 2985 194 3070; x_wconf 66' lang='grc'><strong>1</strong></span> <span class='ocrx_word' id='word_1_231' title='bbox 276 2983 435 3073; x_wconf 56' lang='lat' dir='ltr'><strong>eslegmus</strong></span> <span class='ocrx_word' id='word_1_232' title='bbox 454 2993 545 3059; x_wconf 83' lang='lat' dir='ltr'><strong>tuus,</strong></span> <span class='ocrx_word' id='word_1_233' title='bbox 568 2982 647 3049; x_wconf 91' lang='lat' dir='ltr'><strong>mibi</strong></span> <span class='ocrx_word' id='word_1_234' title='bbox 664 2989 790 3070; x_wconf 88' lang='lat' dir='ltr'><strong>praesto</strong></span> <span class='ocrx_word' id='word_1_235' title='bbox 811 2981 871 3048; x_wconf 87' lang='lat' dir='ltr'><strong>suit</strong></span> <span class='ocrx_word' id='word_1_236' title='bbox 892 3003 993 3070; x_wconf 86' lang='lat' dir='ltr'><strong>eaque</strong></span> <span class='ocrx_word' id='word_1_237' title='bbox 1010 3004 1061 3048; x_wconf 90' lang='lat' dir='ltr'><strong>me</strong></span> <span class='ocrx_word' id='word_1_238' title='bbox 1081 3003 1123 3048; x_wconf 85' lang='lat' dir='ltr'><strong>ex</strong></span> <span class='ocrx_word' id='word_1_239' title='bbox 1148 2984 1210 3050; x_wconf 90' lang='lat' dir='ltr'><strong>tuis</strong></span> <span class='ocrx_word' id='word_1_240' title='bbox 1231 2982 1386 3049; x_wconf 88' lang='lat' dir='ltr'><strong>mandatis</strong></span> <span class='ocrx_word' id='word_1_241' title='bbox 1399 2984 1538 3058; x_wconf 89' lang='lat' dir='ltr'><strong>monuit,</strong></span> <span class='ocrx_word' id='word_1_242' title='bbox 1562 3003 1642 3070; x_wconf 88' lang='lat' dir='ltr'><strong>quae</strong></span> 
     </span>
    </p>
   </div>
   <div class='ocr_carea' id='block_1_7' title="bbox 229 3075 1692 3444">
    <p class='ocr_par' dir='ltr' id='par_1_7' title="bbox 229 3075 1692 3444">
     <span class='ocr_line' id='line_1_27' title="bbox 314 3075 1643 3165; baseline -0.002 -23"><span class='ocrx_word' id='word_1_243' title='bbox 314 3097 378 3143; x_wconf 91' lang='lat' dir='ltr'><strong>non</strong></span> <span class='ocrx_word' id='word_1_244' title='bbox 398 3077 492 3153; x_wconf 93' lang='lat' dir='ltr'><strong>mibi,</strong></span> <span class='ocrx_word' id='word_1_245' title='bbox 515 3077 556 3143; x_wconf 90' lang='lat' dir='ltr'><strong>ad</strong></span> <span class='ocrx_word' id='word_1_246' title='bbox 577 3097 672 3165; x_wconf 92' lang='lat' dir='ltr'><strong>quem</strong></span> <span class='ocrx_word' id='word_1_247' title='bbox 693 3075 906 3164; x_wconf 88' lang='lat' dir='ltr'><strong>pertinebant,</strong></span> <span class='ocrx_word' id='word_1_248' title='bbox 934 3077 991 3142; x_wconf 91' lang='lat' dir='ltr'><strong>sed</strong></span> <span class='ocrx_word' id='word_1_249' title='bbox 1011 3076 1162 3144; x_wconf 87' lang='lat' dir='ltr'><strong>universo</strong></span> <span class='ocrx_word' id='word_1_250' title='bbox 1184 3077 1307 3144; x_wconf 89' lang='lat' dir='ltr'><strong>senatui</strong></span> <span class='ocrx_word' id='word_1_251' title='bbox 1329 3086 1479 3144; x_wconf 86' lang='lat' dir='ltr'><strong>venerant</strong></span> <span class='ocrx_word' id='word_1_252' title='bbox 1500 3077 1532 3142; x_wconf 93' lang='lat' dir='ltr'><strong>in</strong></span> <span class='ocrx_word' id='word_1_253' title='bbox 1555 3097 1643 3140; x_wconf 91' lang='lat' dir='ltr'><strong>men-</strong></span> 
     </span>
     <span class='ocr_line' id='line_1_28' title="bbox 313 3169 1692 3258; baseline -0.002 -22"><span class='ocrx_word' id='word_1_254' title='bbox 313 3179 395 3247; x_wconf 89' lang='lat' dir='ltr'><strong>tem,</strong></span> <span class='ocrx_word' id='word_1_255' title='bbox 417 3169 579 3258; x_wconf 88' lang='lat' dir='ltr'><strong>praesidio</strong></span> <span class='ocrx_word' id='word_1_256' title='bbox 601 3171 743 3237; x_wconf 87' lang='lat' dir='ltr'><strong>firmiore</strong></span> <span class='ocrx_word' id='word_1_257' title='bbox 758 3190 838 3257; x_wconf 91' lang='lat' dir='ltr'><strong>opus</strong></span> <span class='ocrx_word' id='word_1_258' title='bbox 859 3191 928 3236; x_wconf 90' lang='lat' dir='ltr'><strong>esse</strong></span> <span class='ocrx_word' id='word_1_259' title='bbox 951 3169 991 3236; x_wconf 89' lang='lat' dir='ltr'><strong>ad</strong></span> <span class='ocrx_word' id='word_1_260' title='bbox 1010 3171 1104 3236; x_wconf 85' lang='lat' dir='ltr'><strong>istam</strong></span> <span class='ocrx_word' id='word_1_261' title='bbox 1118 3171 1325 3258; x_wconf 88' lang='lat' dir='ltr'><strong>provinciam.</strong></span> <span class='ocrx_word' id='word_1_262' title='bbox 1368 3169 1544 3238; x_wconf 85' lang='lat' dir='ltr'><strong>Censebant</strong></span> <span class='ocrx_word' id='word_1_263' title='bbox 1557 3169 1641 3234; x_wconf 89' lang='lat' dir='ltr'><strong>enim</strong></span> <span class='ocrx_word' id='word_1_264' title='bbox 1690 3175 1692 3178; x_wconf 82' lang='grc'><strong>’</strong></span> 
     </span>
     <span class='ocr_line' id='line_1_29' title="bbox 229 3262 1642 3351; baseline -0.004 -19"><span class='ocrx_word' id='word_1_265' title='bbox 229 3325 231 3332; x_wconf 80' lang='grc'>,</span> <span class='ocrx_word' id='word_1_266' title='bbox 314 3285 424 3330; x_wconf 89' lang='lat' dir='ltr'><strong>omnes</strong></span> <span class='ocrx_word' id='word_1_267' title='bbox 444 3264 528 3340; x_wconf 85' lang='lat' dir='ltr'><strong>lere,</strong></span> <span class='ocrx_word' id='word_1_268' title='bbox 561 3265 654 3332; x_wconf 89' lang='lat' dir='ltr'><strong>utin</strong></span> <span class='ocrx_word' id='word_1_269' title='bbox 685 3265 775 3330; x_wconf 86' lang='lat' dir='ltr'><strong>ltalia</strong></span> <span class='ocrx_word' id='word_1_270' title='bbox 801 3266 1052 3351; x_wconf 90' lang='lat' dir='ltr'><strong>supplementum</strong></span> <span class='ocrx_word' id='word_1_271' title='bbox 1083 3265 1162 3330; x_wconf 90' lang='lat' dir='ltr'><strong>meis</strong></span> <span class='ocrx_word' id='word_1_272' title='bbox 1183 3274 1215 3330; x_wconf 88' lang='lat' dir='ltr'><strong>et</strong></span> <span class='ocrx_word' id='word_1_273' title='bbox 1238 3262 1343 3330; x_wconf 88' lang='lat' dir='ltr'><strong>Bibuli</strong></span> <span class='ocrx_word' id='word_1_274' title='bbox 1364 3262 1542 3350; x_wconf 84' lang='lat' dir='ltr'><strong>legionibus</strong></span> <span class='ocrx_word' id='word_1_275' title='bbox 1563 3262 1642 3329; x_wconf 87' lang='lat' dir='ltr'><strong>scri-</strong></span> 
     </span>
     <span class='ocr_line' id='line_1_30' title="bbox 313 3354 1642 3444; baseline 0.001 -24"><span class='ocrx_word' id='word_1_276' title='bbox 313 3354 454 3422; x_wconf 89' lang='lat' dir='ltr'><strong>beretur.</strong></span> <span class='ocrx_word' id='word_1_277' title='bbox 496 3358 532 3424; x_wconf 95' lang='lat' dir='ltr'><strong>ld</strong></span> <span class='ocrx_word' id='word_1_278' title='bbox 553 3379 625 3426; x_wconf 89' lang='lat' dir='ltr'><strong>cum</strong></span> <span class='ocrx_word' id='word_1_279' title='bbox 648 3357 804 3444; x_wconf 89' lang='lat' dir='ltr'><strong>Sulpicius</strong></span> <span class='ocrx_word' id='word_1_280' title='bbox 826 3357 935 3423; x_wconf 89' lang='lat' dir='ltr'><strong>consul</strong></span> <span class='ocrx_word' id='word_1_281' title='bbox 957 3378 1124 3443; x_wconf 89' lang='lat' dir='ltr'><strong>passurum</strong></span> <span class='ocrx_word' id='word_1_282' title='bbox 1147 3379 1180 3423; x_wconf 92' lang='lat' dir='ltr'><strong>se</strong></span> <span class='ocrx_word' id='word_1_283' title='bbox 1206 3367 1350 3442; x_wconf 89' lang='lat' dir='ltr'><strong>negaret,</strong></span> <span class='ocrx_word' id='word_1_284' title='bbox 1374 3358 1470 3423; x_wconf 87' lang='lat' dir='ltr'><strong>multa</strong></span> <span class='ocrx_word' id='word_1_285' title='bbox 1492 3376 1550 3422; x_wconf 90' lang='lat' dir='ltr'><strong>nos</strong></span> <span class='ocrx_word' id='word_1_286' title='bbox 1571 3355 1642 3441; x_wconf 84' lang='lat' dir='ltr'><strong>qui-</strong></span> 
     </span>
    </p>
   </div>
   <div class='ocr_carea' id='block_1_8' title="bbox 144 3449 1641 3537">
    <p class='ocr_par' dir='ltr' id='par_1_8' title="bbox 144 3449 1641 3537">
     <span class='ocr_line' id='line_1_31' title="bbox 144 3449 1641 3537; baseline -0.003 -19"><span class='ocrx_word' id='word_1_287' title='bbox 144 3483 148 3492; x_wconf 88' lang='lat'><strong>·</strong></span> <span class='ocrx_word' id='word_1_288' title='bbox 275 3449 386 3524; x_wconf 68' lang='lat' dir='ltr'><strong>endem</strong></span> <span class='ocrx_word' id='word_1_289' title='bbox 421 3453 523 3537; x_wconf 87' lang='lat' dir='ltr'><strong>questi</strong></span> <span class='ocrx_word' id='word_1_290' title='bbox 554 3473 679 3526; x_wconf 75' lang='lat' dir='ltr'><strong>sumus:</strong></span> <span class='ocrx_word' id='word_1_291' title='bbox 717 3450 773 3518; x_wconf 86' lang='lat' dir='ltr'><strong>sed</strong></span> <span class='ocrx_word' id='word_1_292' title='bbox 795 3458 897 3517; x_wconf 86' lang='lat' dir='ltr'><strong>tantus</strong></span> <span class='ocrx_word' id='word_1_293' title='bbox 919 3471 1090 3516; x_wconf 89' lang='lat' dir='ltr'><strong>consensus</strong></span> <span class='ocrx_word' id='word_1_294' title='bbox 1112 3461 1237 3516; x_wconf 90' lang='lat' dir='ltr'><strong>senatus</strong></span> <span class='ocrx_word' id='word_1_295' title='bbox 1258 3451 1336 3526; x_wconf 87' lang='lat' dir='ltr'><strong>luit,</strong></span> <span class='ocrx_word' id='word_1_296' title='bbox 1365 3460 1401 3517; x_wconf 91' lang='lat' dir='ltr'><strong>ut</strong></span> <span class='ocrx_word' id='word_1_297' title='bbox 1422 3457 1544 3515; x_wconf 90' lang='lat' dir='ltr'><strong>mature</strong></span> <span class='ocrx_word' id='word_1_298' title='bbox 1566 3469 1641 3534; x_wconf 91' lang='lat' dir='ltr'><strong>pro-</strong></span> 
     </span>
    </p>
   </div>
   <div class='ocr_carea' id='block_1_9' title="bbox 312 3540 1639 3818">
    <p class='ocr_par' dir='ltr' id='par_1_9' title="bbox 312 3540 1639 3818">
     <span class='ocr_line' id='line_1_32' title="bbox 312 3540 1639 3633; baseline -0.003 -25"><span class='ocrx_word' id='word_1_299' title='bbox 312 3540 541 3622; x_wconf 84' lang='lat' dir='ltr'><strong>ficisceremur,</strong></span> <span class='ocrx_word' id='word_1_300' title='bbox 563 3545 739 3633; x_wconf 85' lang='lat' dir='ltr'><strong>parendum</strong></span> <span class='ocrx_word' id='word_1_301' title='bbox 760 3552 795 3610; x_wconf 91' lang='lat' dir='ltr'><strong>ut</strong></span> <span class='ocrx_word' id='word_1_302' title='bbox 809 3542 926 3621; x_wconf 84' lang='lat' dir='ltr'><strong>suerit;</strong></span> <span class='ocrx_word' id='word_1_303' title='bbox 948 3544 1054 3630; x_wconf 88' lang='lat' dir='ltr'><strong>itaque</strong></span> <span class='ocrx_word' id='word_1_304' title='bbox 1069 3544 1210 3610; x_wconf 86' lang='lat' dir='ltr'><strong>lecimus.</strong></span> <span class='ocrx_word' id='word_1_305' title='bbox 1254 3551 1361 3618; x_wconf 91' lang='lat' dir='ltr'><strong>Nunc,</strong></span> <span class='ocrx_word' id='word_1_306' title='bbox 1384 3541 1470 3632; x_wconf 91' lang='lat' dir='ltr'><strong>quod</strong></span> <span class='ocrx_word' id='word_1_307' title='bbox 1485 3563 1505 3606; x_wconf 89' lang='lat' dir='ltr'><strong>a</strong></span> <span class='ocrx_word' id='word_1_308' title='bbox 1519 3551 1550 3606; x_wconf 94' lang='lat' dir='ltr'><strong>te</strong></span> <span class='ocrx_word' id='word_1_309' title='bbox 1562 3540 1639 3628; x_wconf 89' lang='lat' dir='ltr'><strong>petii</strong></span> 
     </span>
     <span class='ocr_line' id='line_1_33' title="bbox 314 3634 1639 3727; baseline -0.001 -26"><span class='ocrx_word' id='word_1_310' title='bbox 314 3635 425 3704; x_wconf 91' lang='lat' dir='ltr'><strong>litteris</strong></span> <span class='ocrx_word' id='word_1_311' title='bbox 445 3637 502 3715; x_wconf 87' lang='lat' dir='ltr'><strong>iis,</strong></span> <span class='ocrx_word' id='word_1_312' title='bbox 534 3660 612 3727; x_wconf 87' lang='lat' dir='ltr'><strong>quas</strong></span> <span class='ocrx_word' id='word_1_313' title='bbox 641 3642 760 3706; x_wconf 81' lang='lat' dir='ltr'><strong>Romae</strong></span> <span class='ocrx_word' id='word_1_314' title='bbox 782 3634 954 3702; x_wconf 86' lang='lat' dir='ltr'><strong>tabellariis</strong></span> <span class='ocrx_word' id='word_1_315' title='bbox 976 3636 1038 3702; x_wconf 90' lang='lat' dir='ltr'><strong>tuis</strong></span> <span class='ocrx_word' id='word_1_316' title='bbox 1060 3637 1149 3712; x_wconf 89' lang='lat' dir='ltr'><strong>dedi,</strong></span> <span class='ocrx_word' id='word_1_317' title='bbox 1182 3637 1278 3704; x_wconf 88' lang='lat' dir='ltr'><strong>velim</strong></span> <span class='ocrx_word' id='word_1_318' title='bbox 1300 3637 1358 3704; x_wconf 86' lang='lat' dir='ltr'><strong>tibi</strong></span> <span class='ocrx_word' id='word_1_319' title='bbox 1380 3656 1474 3704; x_wconf 90' lang='lat' dir='ltr'><strong>curae</strong></span> <span class='ocrx_word' id='word_1_320' title='bbox 1496 3635 1551 3710; x_wconf 91' lang='lat' dir='ltr'><strong>sit,</strong></span> <span class='ocrx_word' id='word_1_321' title='bbox 1583 3643 1639 3710; x_wconf 90' lang='lat' dir='ltr'><strong>ut,</strong></span> 
     </span>
     <span class='ocr_line' id='line_1_34' title="bbox 312 3728 1639 3818; baseline -0.005 -19"><span class='ocrx_word' id='word_1_322' title='bbox 312 3751 394 3818; x_wconf 89' lang='lat' dir='ltr'><strong>quae</strong></span> <span class='ocrx_word' id='word_1_323' title='bbox 415 3732 590 3800; x_wconf 88' lang='lat' dir='ltr'><strong>successori</strong></span> <span class='ocrx_word' id='word_1_324' title='bbox 612 3730 872 3800; x_wconf 88' lang='lat' dir='ltr'><strong>coniunctissimo</strong></span> <span class='ocrx_word' id='word_1_325' title='bbox 900 3740 931 3797; x_wconf 88' lang='lat' dir='ltr'><strong>et</strong></span> <span class='ocrx_word' id='word_1_326' title='bbox 952 3731 1145 3798; x_wconf 88' lang='lat' dir='ltr'><strong>amicissimo</strong></span> <span class='ocrx_word' id='word_1_327' title='bbox 1167 3731 1371 3799; x_wconf 87' lang='lat' dir='ltr'><strong>commodare</strong></span> <span class='ocrx_word' id='word_1_328' title='bbox 1392 3728 1561 3818; x_wconf 90' lang='lat' dir='ltr'><strong>potestis,</strong></span> <span class='ocrx_word' id='word_1_329' title='bbox 1583 3728 1639 3815; x_wconf 92' lang='lat' dir='ltr'><strong>qni</strong></span> 
     </span>
    </p>
   </div>
   <div class='ocr_carea' id='block_1_10' title="bbox 312 3825 1750 3912">
    <p class='ocr_par' dir='ltr' id='par_1_10' title="bbox 312 3825 1750 3912">
     <span class='ocr_line' id='line_1_35' title="bbox 312 3825 1750 3912; baseline 0.001 -22"><span class='ocrx_word' id='word_1_330' title='bbox 312 3825 508 3912; x_wconf 81' lang='lat' dir='ltr'><strong>provinciam</strong></span> <span class='ocrx_word' id='word_1_331' title='bbox 539 3827 653 3902; x_wconf 89' lang='lat' dir='ltr'><strong>tradit,</strong></span> <span class='ocrx_word' id='word_1_332' title='bbox 687 3835 723 3892; x_wconf 89' lang='lat' dir='ltr'><strong>ut</strong></span> <span class='ocrx_word' id='word_1_333' title='bbox 751 3845 789 3890; x_wconf 88' lang='lat' dir='ltr'><strong>ca</strong></span> <span class='ocrx_word' id='word_1_334' title='bbox 817 3845 878 3911; x_wconf 88' lang='lat' dir='ltr'><strong>pro</strong></span> <span class='ocrx_word' id='word_1_335' title='bbox 899 3833 1008 3891; x_wconf 90' lang='lat' dir='ltr'><strong>nostra</strong></span> <span class='ocrx_word' id='word_1_336' title='bbox 1030 3825 1298 3891; x_wconf 86' lang='lat' dir='ltr'><strong>consociatissima</strong></span> <span class='ocrx_word' id='word_1_337' title='bbox 1324 3826 1483 3892; x_wconf 87' lang='lat' dir='ltr'><strong>voluntate</strong></span> <span class='ocrx_word' id='word_1_338' title='bbox 1505 3843 1581 3888; x_wconf 87' lang='lat' dir='ltr'><strong>cura</strong></span> <span class='ocrx_word' id='word_1_339' title='bbox 1602 3843 1640 3887; x_wconf 89' lang='lat' dir='ltr'><strong>ac</strong></span> <span class='ocrx_word' id='word_1_340' title='bbox 1747 3887 1750 3892; x_wconf 14' lang='lat' dir='ltr'>A</span> 
     </span>
    </p>
   </div>
   <div class='ocr_carea' id='block_1_11' title="bbox 273 3914 1639 4666">
    <p class='ocr_par' dir='ltr' id='par_1_11' title="bbox 274 3914 1639 4382">
     <span class='ocr_line' id='line_1_36' title="bbox 274 3914 1639 4008; baseline -0.003 -24"><span class='ocrx_word' id='word_1_341' title='bbox 274 3917 473 4004; x_wconf 62' lang='lat' dir='ltr'><strong>„diligentia</strong></span> <span class='ocrx_word' id='word_1_342' title='bbox 495 3929 549 3988; x_wconf 86' lang='lat' dir='ltr'><strong>tua</strong></span> <span class='ocrx_word' id='word_1_343' title='bbox 581 3920 807 4008; x_wconf 89' lang='lat' dir='ltr'><strong>complectare:</strong></span> <span class='ocrx_word' id='word_1_344' title='bbox 843 3927 879 3984; x_wconf 91' lang='lat' dir='ltr'><strong>ut</strong></span> <span class='ocrx_word' id='word_1_345' title='bbox 907 3938 1016 3984; x_wconf 90' lang='lat' dir='ltr'><strong>omnes</strong></span> <span class='ocrx_word' id='word_1_346' title='bbox 1038 3918 1211 4004; x_wconf 89' lang='lat' dir='ltr'><strong>intelligant</strong></span> <span class='ocrx_word' id='word_1_347' title='bbox 1232 3941 1290 3985; x_wconf 91' lang='lat' dir='ltr'><strong>nec</strong></span> <span class='ocrx_word' id='word_1_348' title='bbox 1311 3942 1362 3985; x_wconf 90' lang='lat' dir='ltr'><strong>me</strong></span> <span class='ocrx_word' id='word_1_349' title='bbox 1389 3914 1639 3984; x_wconf 86' lang='lat' dir='ltr'><strong>benevolentiori</strong></span> 
     </span>
     <span class='ocr_line' id='line_1_37' title="bbox 312 4010 1638 4102; baseline -0.004 -24"><span class='ocrx_word' id='word_1_350' title='bbox 312 4013 459 4102; x_wconf 89' lang='lat' dir='ltr'><strong>cuiquam</strong></span> <span class='ocrx_word' id='word_1_351' title='bbox 482 4013 651 4081; x_wconf 86' lang='lat' dir='ltr'><strong>succedere</strong></span> <span class='ocrx_word' id='word_1_352' title='bbox 672 4035 731 4080; x_wconf 88' lang='lat' dir='ltr'><strong>nec</strong></span> <span class='ocrx_word' id='word_1_353' title='bbox 751 4023 782 4078; x_wconf 91' lang='lat' dir='ltr'><strong>te</strong></span> <span class='ocrx_word' id='word_1_354' title='bbox 803 4010 948 4078; x_wconf 88' lang='lat' dir='ltr'><strong>amiciori</strong></span> <span class='ocrx_word' id='word_1_355' title='bbox 974 4012 1114 4099; x_wconf 89' lang='lat' dir='ltr'><strong>potuisse</strong></span> <span class='ocrx_word' id='word_1_356' title='bbox 1134 4013 1330 4099; x_wconf 85' lang='lat' dir='ltr'><strong>provinciam</strong></span> <span class='ocrx_word' id='word_1_357' title='bbox 1352 4012 1489 4079; x_wconf 76' lang='lat' dir='ltr'><strong>madere.</strong></span> <span class='ocrx_word' id='word_1_358' title='bbox 1537 4013 1569 4074; x_wconf 74' lang='lat'><strong>2.</strong></span> <span class='ocrx_word' id='word_1_359' title='bbox 1590 4013 1638 4074; x_wconf 79' lang='lat' dir='ltr'><strong>Ex</strong></span> 
     </span>
     <span class='ocr_line' id='line_1_38' title="bbox 313 4103 1639 4194; baseline -0.002 -22"><span class='ocrx_word' id='word_1_360' title='bbox 313 4107 352 4173; x_wconf 92' lang='lat' dir='ltr'><strong>iis</strong></span> <span class='ocrx_word' id='word_1_361' title='bbox 372 4107 502 4183; x_wconf 89' lang='lat' dir='ltr'><strong>litteris,</strong></span> <span class='ocrx_word' id='word_1_362' title='bbox 532 4128 667 4194; x_wconf 88' lang='lat' dir='ltr'><strong>quarum</strong></span> <span class='ocrx_word' id='word_1_363' title='bbox 694 4107 735 4174; x_wconf 84' lang='lat' dir='ltr'><strong>ad</strong></span> <span class='ocrx_word' id='word_1_364' title='bbox 767 4127 818 4171; x_wconf 90' lang='lat' dir='ltr'><strong>me</strong></span> <span class='ocrx_word' id='word_1_365' title='bbox 843 4105 1023 4192; x_wconf 85' lang='lat' dir='ltr'><strong>exemplum</strong></span> <span class='ocrx_word' id='word_1_366' title='bbox 1057 4106 1183 4182; x_wconf 90' lang='lat' dir='ltr'><strong>misisti,</strong></span> <span class='ocrx_word' id='word_1_367' title='bbox 1220 4107 1353 4193; x_wconf 87' lang='lat' dir='ltr'><strong>quasin</strong></span> <span class='ocrx_word' id='word_1_368' title='bbox 1381 4117 1491 4174; x_wconf 89' lang='lat' dir='ltr'><strong>senatu</strong></span> <span class='ocrx_word' id='word_1_369' title='bbox 1511 4103 1639 4173; x_wconf 85' lang='lat' dir='ltr'><strong>recitari</strong></span> 
     </span>
     <span class='ocr_line' id='line_1_39' title="bbox 313 4199 1637 4286; baseline -0.003 -18"><span class='ocrx_word' id='word_1_370' title='bbox 313 4199 453 4277; x_wconf 84' lang='lat' dir='ltr'><strong>voluisti,</strong></span> <span class='ocrx_word' id='word_1_371' title='bbox 475 4201 521 4268; x_wconf 88' lang='lat' dir='ltr'><strong>sic</strong></span> <span class='ocrx_word' id='word_1_372' title='bbox 544 4201 777 4276; x_wconf 79' lang='lat' dir='ltr'><strong>intellexeram,</strong></span> <span class='ocrx_word' id='word_1_373' title='bbox 800 4199 974 4286; x_wconf 71' lang='lat' dir='ltr'><strong>permultos</strong></span> <span class='ocrx_word' id='word_1_374' title='bbox 995 4221 1013 4264; x_wconf 88' lang='lat' dir='ltr'><strong>a</strong></span> <span class='ocrx_word' id='word_1_375' title='bbox 1036 4208 1067 4265; x_wconf 89' lang='lat' dir='ltr'><strong>te</strong></span> <span class='ocrx_word' id='word_1_376' title='bbox 1089 4199 1204 4265; x_wconf 89' lang='lat' dir='ltr'><strong>milites</strong></span> <span class='ocrx_word' id='word_1_377' title='bbox 1219 4221 1288 4266; x_wconf 93' lang='lat' dir='ltr'><strong>esse</strong></span> <span class='ocrx_word' id='word_1_378' title='bbox 1302 4200 1465 4280; x_wconf 88' lang='lat' dir='ltr'><strong>dimissos;</strong></span> <span class='ocrx_word' id='word_1_379' title='bbox 1489 4200 1545 4274; x_wconf 88' lang='lat' dir='ltr'><strong>sed</strong></span> <span class='ocrx_word' id='word_1_380' title='bbox 1560 4199 1637 4265; x_wconf 90' lang='lat' dir='ltr'><strong>mibi</strong></span> 
     </span>
     <span class='ocr_line' id='line_1_40' title="bbox 313 4292 1637 4382; baseline -0.002 -21"><span class='ocrx_word' id='word_1_381' title='bbox 313 4293 427 4361; x_wconf 87' lang='lat' dir='ltr'><strong>Fabius</strong></span> <span class='ocrx_word' id='word_1_382' title='bbox 448 4292 533 4360; x_wconf 90' lang='lat' dir='ltr'><strong>idem</strong></span> <span class='ocrx_word' id='word_1_383' title='bbox 554 4294 800 4370; x_wconf 79' lang='lat' dir='ltr'><strong>demonstravit,</strong></span> <span class='ocrx_word' id='word_1_384' title='bbox 823 4303 855 4360; x_wconf 91' lang='lat' dir='ltr'><strong>te</strong></span> <span class='ocrx_word' id='word_1_385' title='bbox 879 4292 913 4359; x_wconf 91' lang='lat' dir='ltr'><strong>id</strong></span> <span class='ocrx_word' id='word_1_386' title='bbox 940 4293 1093 4378; x_wconf 86' lang='lat' dir='ltr'><strong>cogitasse</strong></span> <span class='ocrx_word' id='word_1_387' title='bbox 1115 4293 1233 4368; x_wconf 86' lang='lat' dir='ltr'><strong>lacere,</strong></span> <span class='ocrx_word' id='word_1_388' title='bbox 1263 4294 1339 4370; x_wconf 90' lang='lat' dir='ltr'><strong>sed,</strong></span> <span class='ocrx_word' id='word_1_389' title='bbox 1376 4316 1449 4361; x_wconf 91' lang='lat' dir='ltr'><strong>oum</strong></span> <span class='ocrx_word' id='word_1_390' title='bbox 1479 4294 1586 4382; x_wconf 88' lang='lat' dir='ltr'><strong>ipsea</strong></span> <span class='ocrx_word' id='word_1_391' title='bbox 1606 4304 1637 4358; x_wconf 91' lang='lat' dir='ltr'><strong>te</strong></span> 
     </span>
    </p>

    <p class='ocr_par' dir='ltr' id='par_1_12' title="bbox 273 4384 1638 4666">
     <span class='ocr_line' id='line_1_41' title="bbox 273 4384 1637 4476; baseline -0.001 -22"><span class='ocrx_word' id='word_1_392' title='bbox 273 4384 504 4464; x_wconf 74' lang='lat' dir='ltr'><strong>ndisoederet,</strong></span> <span class='ocrx_word' id='word_1_393' title='bbox 525 4389 684 4475; x_wconf 85' lang='lat' dir='ltr'><strong>integrum</strong></span> <span class='ocrx_word' id='word_1_394' title='bbox 706 4389 840 4456; x_wconf 90' lang='lat' dir='ltr'><strong>militum</strong></span> <span class='ocrx_word' id='word_1_395' title='bbox 861 4409 1027 4454; x_wconf 91' lang='lat' dir='ltr'><strong>numerum</strong></span> <span class='ocrx_word' id='word_1_396' title='bbox 1049 4387 1157 4454; x_wconf 86' lang='lat' dir='ltr'><strong>luisse.</strong></span> <span class='ocrx_word' id='word_1_397' title='bbox 1200 4388 1235 4454; x_wconf 91' lang='lat' dir='ltr'><strong>ld</strong></span> <span class='ocrx_word' id='word_1_398' title='bbox 1254 4388 1281 4454; x_wconf 91' lang='lat' dir='ltr'><strong>si</strong></span> <span class='ocrx_word' id='word_1_399' title='bbox 1299 4389 1344 4454; x_wconf 87' lang='lat' dir='ltr'><strong>ita</strong></span> <span class='ocrx_word' id='word_1_400' title='bbox 1363 4397 1432 4465; x_wconf 91' lang='lat' dir='ltr'><strong>est,</strong></span> <span class='ocrx_word' id='word_1_401' title='bbox 1454 4397 1637 4476; x_wconf 87' lang='lat' dir='ltr'><strong>pergratum</strong></span> 
     </span>
     <span class='ocr_line' id='line_1_42' title="bbox 312 4481 1638 4570; baseline -0.002 -22"><span class='ocrx_word' id='word_1_402' title='bbox 312 4481 389 4548; x_wconf 75' lang='lat' dir='ltr'><strong>mibi</strong></span> <span class='ocrx_word' id='word_1_403' title='bbox 410 4482 540 4559; x_wconf 84' lang='lat' dir='ltr'><strong>leceris,</strong></span> <span class='ocrx_word' id='word_1_404' title='bbox 567 4483 594 4549; x_wconf 93' lang='lat' dir='ltr'><strong>si</strong></span> <span class='ocrx_word' id='word_1_405' title='bbox 616 4483 690 4550; x_wconf 85' lang='lat' dir='ltr'><strong>istas</strong></span> <span class='ocrx_word' id='word_1_406' title='bbox 713 4483 844 4568; x_wconf 82' lang='lat' dir='ltr'><strong>exigam</strong></span> <span class='ocrx_word' id='word_1_407' title='bbox 872 4481 995 4569; x_wconf 87' lang='lat' dir='ltr'><strong>copias,</strong></span> <span class='ocrx_word' id='word_1_408' title='bbox 1023 4502 1101 4568; x_wconf 86' lang='lat' dir='ltr'><strong>quas</strong></span> <span class='ocrx_word' id='word_1_409' title='bbox 1123 4481 1276 4557; x_wconf 88' lang='lat' dir='ltr'><strong>habuisti,</strong></span> <span class='ocrx_word' id='word_1_410' title='bbox 1312 4504 1407 4570; x_wconf 88' lang='lat' dir='ltr'><strong>quam</strong></span> <span class='ocrx_word' id='word_1_411' title='bbox 1429 4483 1557 4549; x_wconf 90' lang='lat' dir='ltr'><strong>minime</strong></span> <span class='ocrx_word' id='word_1_412' title='bbox 1578 4481 1638 4546; x_wconf 91' lang='lat' dir='ltr'><strong>im-</strong></span> 
     </span>
     <span class='ocr_line' id='line_1_43' title="bbox 311 4575 1637 4666; baseline -0.001 -25"><span class='ocrx_word' id='word_1_413' title='bbox 311 4575 479 4658; x_wconf 82' lang='lat' dir='ltr'><strong>minueris3</strong></span> <span class='ocrx_word' id='word_1_414' title='bbox 508 4599 570 4666; x_wconf 85' lang='lat' dir='ltr'><strong>qua</strong></span> <span class='ocrx_word' id='word_1_415' title='bbox 591 4577 631 4644; x_wconf 91' lang='lat' dir='ltr'><strong>de</strong></span> <span class='ocrx_word' id='word_1_416' title='bbox 652 4599 688 4643; x_wconf 90' lang='lat' dir='ltr'><strong>re</strong></span> <span class='ocrx_word' id='word_1_417' title='bbox 710 4576 994 4650; x_wconf 86' lang='lat' dir='ltr'><strong>senatusconsulta,</strong></span> <span class='ocrx_word' id='word_1_418' title='bbox 1024 4595 1105 4663; x_wconf 89' lang='lat' dir='ltr'><strong>quae</strong></span> <span class='ocrx_word' id='word_1_419' title='bbox 1122 4575 1203 4642; x_wconf 88' lang='lat' dir='ltr'><strong>lacta</strong></span> <span class='ocrx_word' id='word_1_420' title='bbox 1224 4586 1316 4652; x_wconf 92' lang='lat' dir='ltr'><strong>sunt,</strong></span> <span class='ocrx_word' id='word_1_421' title='bbox 1338 4575 1379 4642; x_wconf 91' lang='lat' dir='ltr'><strong>ad</strong></span> <span class='ocrx_word' id='word_1_422' title='bbox 1400 4585 1430 4642; x_wconf 93' lang='lat' dir='ltr'><strong>te</strong></span> <span class='ocrx_word' id='word_1_423' title='bbox 1451 4575 1547 4642; x_wconf 89' lang='lat' dir='ltr'><strong>missa</strong></span> <span class='ocrx_word' id='word_1_424' title='bbox 1567 4595 1637 4640; x_wconf 88' lang='lat' dir='ltr'><strong>esse</strong></span> 
     </span>
    </p>
   </div>
   <div class='ocr_carea' id='block_1_12' title="bbox 311 4755 1637 5027">
    <p class='ocr_par' dir='ltr' id='par_1_13' title="bbox 311 4755 1637 5027">
     <span class='ocr_line' id='line_1_44' title="bbox 379 4755 1637 4825; baseline -0.003 -15"><span class='ocrx_word' id='word_1_425' title='bbox 379 4759 408 4810; x_wconf 75' lang='grc' dir='ltr'><strong>Ι1.</strong></span> <span class='ocrx_word' id='word_1_426' title='bbox 427 4773 506 4825; x_wconf 67' lang='lat' dir='ltr'><strong>mm</strong></span> <span class='ocrx_word' id='word_1_427' title='bbox 521 4761 636 4809; x_wconf 67' lang='lat' dir='ltr'><strong>naalma</strong></span> <span class='ocrx_word' id='word_1_428' title='bbox 653 4757 718 4808; x_wconf 78' lang='lat' dir='ltr'><strong>mtbt</strong></span> <span class='ocrx_word' id='word_1_429' title='bbox 737 4755 785 4808; x_wconf 78' lang='lat' dir='ltr'><strong>ld:</strong></span> <span class='ocrx_word' id='word_1_430' title='bbox 803 4757 868 4807; x_wconf 78' lang='lat' dir='ltr'><strong>snttt</strong></span> <span class='ocrx_word' id='word_1_431' title='bbox 885 4771 965 4821; x_wconf 81' lang='lat' dir='ltr'><strong>qaum</strong></span> <span class='ocrx_word' id='word_1_432' title='bbox 981 4758 1097 4807; x_wconf 70' lang='lat' dir='ltr'><strong>maxim</strong></span> <span class='ocrx_word' id='word_1_433' title='bbox 1115 4757 1145 4808; x_wconf 77' lang='grc' dir='ltr'><strong>Ε.</strong></span> <span class='ocrx_word' id='word_1_434' title='bbox 1166 4781 1198 4794; x_wconf 93' lang='grc'>-</span> <span class='ocrx_word' id='word_1_435' title='bbox 1234 4759 1261 4810; x_wconf 80' lang='grc'><strong>9.</strong></span> <span class='ocrx_word' id='word_1_436' title='bbox 1281 4757 1314 4809; x_wconf 78' lang='lat' dir='ltr'><strong>dt</strong></span> <span class='ocrx_word' id='word_1_437' title='bbox 1333 4764 1359 4809; x_wconf 85' lang='lat' dir='ltr'><strong>ta</strong></span> <span class='ocrx_word' id='word_1_438' title='bbox 1376 4757 1420 4815; x_wconf 81' lang='lat' dir='ltr'><strong>bl,</strong></span> <span class='ocrx_word' id='word_1_439' title='bbox 1442 4757 1491 4808; x_wconf 72' lang='lat' dir='ltr'><strong>Aba</strong></span> <span class='ocrx_word' id='word_1_440' title='bbox 1508 4763 1533 4808; x_wconf 83' lang='lat' dir='ltr'><strong>tc</strong></span> <span class='ocrx_word' id='word_1_441' title='bbox 1551 4757 1637 4807; x_wconf 81' lang='lat' dir='ltr'><strong>Bene-</strong></span> 
     </span>
     <span class='ocr_line' id='line_1_45' title="bbox 312 4824 1635 4892; baseline -0.001 -14"><span class='ocrx_word' id='word_1_442' title='bbox 312 4829 410 4880; x_wconf 80' lang='lat' dir='ltr'><strong>dictus.</strong></span> <span class='ocrx_word' id='word_1_443' title='bbox 430 4853 461 4866; x_wconf 92' lang='lat'><strong>·-</strong></span> <span class='ocrx_word' id='word_1_444' title='bbox 499 4831 542 4880; x_wconf 76' lang='grc'><strong>12.</strong></span> <span class='ocrx_word' id='word_1_445' title='bbox 569 4836 594 4880; x_wconf 81' lang='lat' dir='ltr'><strong>et</strong></span> <span class='ocrx_word' id='word_1_446' title='bbox 612 4842 668 4879; x_wconf 89' lang='lat' dir='ltr'><strong>om.</strong></span> <span class='ocrx_word' id='word_1_447' title='bbox 688 4827 719 4877; x_wconf 75' lang='lat' dir='ltr'><strong>ll.</strong></span> <span class='ocrx_word' id='word_1_448' title='bbox 748 4849 776 4860; x_wconf 96' lang='lat'>-</span> <span class='ocrx_word' id='word_1_449' title='bbox 798 4827 842 4877; x_wconf 78' lang='grc'><strong>18.</strong></span> <span class='ocrx_word' id='word_1_450' title='bbox 860 4824 958 4891; x_wconf 82' lang='lat' dir='ltr'><strong>quood]</strong></span> <span class='ocrx_word' id='word_1_451' title='bbox 977 4827 1046 4890; x_wconf 78' lang='lat' dir='ltr'><strong>qood</strong></span> <span class='ocrx_word' id='word_1_452' title='bbox 1063 4827 1101 4878; x_wconf 84' lang='lat' dir='ltr'><strong>bl.</strong></span> <span class='ocrx_word' id='word_1_453' title='bbox 1121 4852 1155 4863; x_wconf 91' lang='lat'><em>-</em></span> <span class='ocrx_word' id='word_1_454' title='bbox 1176 4827 1218 4878; x_wconf 75' lang='grc'><strong>14.</strong></span> <span class='ocrx_word' id='word_1_455' title='bbox 1236 4828 1416 4890; x_wconf 72' lang='lat' dir='ltr'><strong>paraecialis</strong></span> <span class='ocrx_word' id='word_1_456' title='bbox 1434 4829 1534 4892; x_wconf 76' lang='lat' dir='ltr'><strong>potesta</strong></span> <span class='ocrx_word' id='word_1_457' title='bbox 1552 4827 1583 4877; x_wconf 84' lang='lat' dir='ltr'><strong>ll.</strong></span> <span class='ocrx_word' id='word_1_458' title='bbox 1603 4847 1635 4860; x_wconf 89' lang='lat'>-</span> 
     </span>
     <span class='ocr_line' id='line_1_46' title="bbox 311 4896 1636 4963; baseline -0.005 -13"><span class='ocrx_word' id='word_1_459' title='bbox 311 4899 357 4950; x_wconf 76' lang='lat'><strong>2⁰.</strong></span> <span class='ocrx_word' id='word_1_460' title='bbox 377 4913 395 4949; x_wconf 82' lang='lat' dir='ltr'><strong>a</strong></span> <span class='ocrx_word' id='word_1_461' title='bbox 413 4906 437 4950; x_wconf 81' lang='lat' dir='ltr'><strong>tc</strong></span> <span class='ocrx_word' id='word_1_462' title='bbox 454 4913 510 4950; x_wconf 88' lang='lat' dir='ltr'><strong>orn.</strong></span> <span class='ocrx_word' id='word_1_463' title='bbox 531 4899 562 4950; x_wconf 78' lang='lat' dir='ltr'><strong>E.</strong></span> <span class='ocrx_word' id='word_1_464' title='bbox 595 4922 626 4935; x_wconf 90' lang='lat'><em>-</em></span> <span class='ocrx_word' id='word_1_465' title='bbox 661 4897 707 4948; x_wconf 70' lang='grc'><strong>21.</strong></span> <span class='ocrx_word' id='word_1_466' title='bbox 726 4896 861 4946; x_wconf 74' lang='lat' dir='ltr'><strong>Fabianae</strong></span> <span class='ocrx_word' id='word_1_467' title='bbox 877 4896 1036 4958; x_wconf 73' lang='lat' dir='ltr'><strong>1¹,me</strong></span> <span class='ocrx_word' id='word_1_468' title='bbox 1058 4897 1221 4963; x_wconf 72' lang='lat' dir='ltr'><strong>Vergilianus</strong></span> <span class='ocrx_word' id='word_1_469' title='bbox 1239 4898 1352 4960; x_wconf 77' lang='lat' dir='ltr'><strong>nergel.</strong></span> <span class='ocrx_word' id='word_1_470' title='bbox 1372 4921 1403 4934; x_wconf 92' lang='lat'>-</span> <span class='ocrx_word' id='word_1_471' title='bbox 1440 4898 1484 4949; x_wconf 68' lang='lat' dir='ltr'><strong>w.</strong></span> <span class='ocrx_word' id='word_1_472' title='bbox 1502 4911 1556 4947; x_wconf 80' lang='lat' dir='ltr'><strong>nen</strong></span> <span class='ocrx_word' id='word_1_473' title='bbox 1573 4897 1636 4946; x_wconf 74' lang='lat' dir='ltr'><strong>mitt</strong></span> 
     </span>
     <span class='ocr_line' id='line_1_47' title="bbox 312 4965 1635 5027; baseline -0.004 -7"><span class='ocrx_word' id='word_1_474' title='bbox 312 4969 357 5020; x_wconf 77' lang='lat' dir='ltr'><strong>ll:</strong></span> <span class='ocrx_word' id='word_1_475' title='bbox 375 4983 429 5019; x_wconf 78' lang='lat' dir='ltr'><strong>oon</strong></span> <span class='ocrx_word' id='word_1_476' title='bbox 445 4970 523 5020; x_wconf 78' lang='lat' dir='ltr'><strong>modo</strong></span> <span class='ocrx_word' id='word_1_477' title='bbox 540 4970 605 5019; x_wconf 71' lang='lat' dir='ltr'><strong>neat</strong></span> <span class='ocrx_word' id='word_1_478' title='bbox 623 4969 654 5019; x_wconf 87' lang='lat' dir='ltr'><strong>ll.</strong></span> <span class='ocrx_word' id='word_1_479' title='bbox 676 4991 705 5004; x_wconf 90' lang='lat'>-</span> <span class='ocrx_word' id='word_1_480' title='bbox 744 4965 788 5017; x_wconf 72' lang='grc'><strong>31.</strong></span> <span class='ocrx_word' id='word_1_481' title='bbox 807 4973 837 5016; x_wconf 83' lang='lat' dir='ltr'><strong>at</strong></span> <span class='ocrx_word' id='word_1_482' title='bbox 855 4979 910 5017; x_wconf 88' lang='lat' dir='ltr'><strong>om.</strong></span> <span class='ocrx_word' id='word_1_483' title='bbox 931 4967 1013 5018; x_wconf 82' lang='grc'><strong>11.-</strong></span> <span class='ocrx_word' id='word_1_484' title='bbox 1051 4967 1095 5019; x_wconf 79' lang='grc'><strong>119.</strong></span> <span class='ocrx_word' id='word_1_485' title='bbox 1114 4969 1196 5019; x_wconf 78' lang='lat' dir='ltr'><strong>etalem</strong></span> <span class='ocrx_word' id='word_1_486' title='bbox 1214 5003 1222 5020; x_wconf 92' lang='lat'><strong>.</strong></span> <span class='ocrx_word' id='word_1_487' title='bbox 1243 5003 1250 5018; x_wconf 93' lang='lat'>.</span> <span class='ocrx_word' id='word_1_488' title='bbox 1272 5003 1279 5019; x_wconf 91' lang='lat'><strong>.</strong></span> <span class='ocrx_word' id='word_1_489' title='bbox 1301 5002 1308 5018; x_wconf 91' lang='lat'><strong>.</strong></span> <span class='ocrx_word' id='word_1_490' title='bbox 1328 5002 1336 5018; x_wconf 89' lang='lat'><strong>.</strong></span> <span class='ocrx_word' id='word_1_491' title='bbox 1354 4968 1542 5018; x_wconf 82' lang='lat' dir='ltr'><strong>dammutraott</strong></span> <span class='ocrx_word' id='word_1_492' title='bbox 1562 4965 1635 5027; x_wconf 83' lang='lat' dir='ltr'><strong>(enm</strong></span> 
     </span>
    </p>
   </div>
   <div class='ocr_carea' id='block_1_13' title="bbox 312 5035 1634 5178">
    <p class='ocr_par' dir='ltr' id='par_1_14' title="bbox 312 5035 1634 5178">
     <span class='ocr_line' id='line_1_48' title="bbox 312 5035 1634 5161; baseline -0.004 -71"><span class='ocrx_word' id='word_1_493' title='bbox 312 5036 420 5161; x_wconf 72' lang='lat' dir='ltr'><strong>qppora)</strong></span> <span class='ocrx_word' id='word_1_494' title='bbox 438 5040 491 5160; x_wconf 54' lang='lat' dir='ltr'><strong>plu</strong></span> <span class='ocrx_word' id='word_1_495' title='bbox 503 5063 536 5073; x_wconf 92' lang='lat'>-</span> <span class='ocrx_word' id='word_1_496' title='bbox 571 5045 595 5088; x_wconf 80' lang='lat' dir='ltr'><strong>ta</strong></span> <span class='ocrx_word' id='word_1_497' title='bbox 612 5039 641 5087; x_wconf 81' lang='lat' dir='ltr'><strong>id</strong></span> <span class='ocrx_word' id='word_1_498' title='bbox 658 5037 704 5088; x_wconf 75' lang='lat' dir='ltr'><strong>lt:</strong></span> <span class='ocrx_word' id='word_1_499' title='bbox 732 5037 760 5086; x_wconf 82' lang='lat' dir='ltr'><strong>td</strong></span> <span class='ocrx_word' id='word_1_500' title='bbox 784 5043 808 5087; x_wconf 88' lang='lat' dir='ltr'><strong>te</strong></span> <span class='ocrx_word' id='word_1_501' title='bbox 827 5035 857 5086; x_wconf 82' lang='grc'><strong>11.</strong></span> <span class='ocrx_word' id='word_1_502' title='bbox 887 5061 919 5074; x_wconf 89' lang='lat'><strong>-·</strong></span> <span class='ocrx_word' id='word_1_503' title='bbox 955 5036 1634 5101; x_wconf 65' lang='lat' dir='ltr'><strong>t1.qoammsnamamstrenuissimorum.</strong></span> 
     </span>
     <span class='ocr_line' id='line_1_49' title="bbox 356 5124 1570 5178; baseline -0.002 -17"><span class='ocrx_word' id='word_1_504' title='bbox 356 5147 362 5161; x_wconf 93' lang='lat'>.</span> <span class='ocrx_word' id='word_1_505' title='bbox 387 5124 416 5178; x_wconf 84' lang='lat' dir='ltr'><strong>p.</strong></span> <span class='ocrx_word' id='word_1_506' title='bbox 493 5142 500 5158; x_wconf 85' lang='lat'><em>.</em></span> <span class='ocrx_word' id='word_1_507' title='bbox 1568 5131 1570 5134; x_wconf 95' lang='lat'>·</span> 
     </span>
    </p>
   </div>
   <div class='ocr_carea' id='block_1_14' title="bbox 0 0 1832 5866">
    <p class='ocr_par' dir='ltr' id='par_1_15' title="bbox 0 0 1832 5866">
     <span class='ocr_line' id='line_1_50' title="bbox 0 0 1832 5866; baseline 0 0"><span class='ocrx_word' id='word_1_508' title='bbox 0 0 1832 5866; x_wconf 95' lang='lat' dir='ltr'><strong> </strong></span> 
     </span>
    </p>
   </div>
  </div>
 </body>
</html>
