3662 5892
640 465 713 527 LlB.
735 463 759 526 l.
801 463 859 526 ΕΡ.
885 463 934 527 10.
958 463 1006 526 11.
1031 464 1080 527 12.
1456 463 1519 528 763

192 631 245 694 ut,
274 641 315 685 ne
335 626 516 694 moveatur,
544 617 701 684 interdum
724 619 935 686 extimescam.
977 619 1082 686 Habes
1103 627 1204 686 totum
1225 621 1274 686 rai
1295 619 1439 707 publicae
1459 631 1521 688 sta-

195 723 277 792 tum;
306 715 361 802 qui
388 713 516 801 quidem
545 721 718 788 tumeret,
747 733 819 779 eum
851 714 907 779 bas
933 714 1053 780 litteras
1082 713 1204 780 dabam.
1246 715 1349 782 Velim
1371 713 1521 800 deinceps

196 807 326 874 meliora
346 812 421 886 sint;
451 809 501 872 sin
521 807 612 873 aliter
631 807 729 873 luerit
749 839 790 854 -
818 807 902 894 quod
925 807 969 873 dii
991 828 1085 874 omen
1106 813 1260 874 avertant!
1284 839 1325 854 -
1350 813 1399 874 rei
1419 807 1520 895 publi·

195 922 250 968 cae
271 901 373 966 ricem
397 900 530 977 dolebo,
552 921 641 987 quac
654 900 840 968 immortalis
863 923 932 968 esse
953 900 1097 968 debebat.
1140 901 1217 969 Mihi
1238 901 1366 990 quidem
1388 911 1521 991 quanto·

195 994 260 1059 lum
281 995 397 1082 reliqui
419 1001 486 1060 estl
1529 1019 1542 1063 a

603 1139 658 1202 XI.
700 1139 849 1202 BRUTUS
873 1137 1057 1203 CICERONI
1079 1140 1112 1202 S.

282 1263 310 1323 1.
340 1256 463 1324 Veteris
484 1256 608 1324 Antistii
633 1257 703 1324 talis
724 1258 846 1324 animus
868 1267 916 1324 est
942 1262 975 1324 iu
996 1279 1065 1324 rem
1086 1256 1256 1344 publicam,
1284 1267 1404 1326 utnon
1431 1257 1523 1326 dubi·

195 1361 274 1424 tem,
304 1351 379 1438 quin
408 1359 441 1416 et
468 1349 502 1416 in
523 1354 656 1417 Caesare
685 1362 715 1418 et
737 1352 873 1418 Antonio
902 1373 937 1418 se
965 1360 1179 1437 praestaturus
1205 1351 1304 1418 luerit
1331 1351 1522 1419 acerrimum

195 1453 463 1531 propugnatorem
478 1446 653 1510 communis
668 1445 836 1521 libertatis,
853 1446 880 1511 si
895 1445 1054 1512 occasioni
1067 1445 1220 1532 potuisset
1233 1465 1413 1512 occurrere.
1434 1450 1522 1522 Nam,

195 1538 251 1624 qui
276 1537 310 1602 in
335 1538 452 1604 Achaia
479 1559 667 1624 congressus
694 1543 727 1606 P.
758 1539 939 1606 Dolabellae
967 1540 1082 1606 milites
1109 1548 1202 1627 atque
1231 1540 1352 1626 equites
1381 1538 1560 1616 babenti,to

195 1628 331 1718 quodvis
357 1631 444 1698 adire
472 1633 649 1718 periculum
678 1655 720 1698 ex
739 1633 863 1700 insidiis
883 1633 1074 1721 paratissimi
1096 1632 1262 1699 adomnia
1284 1634 1429 1710 latronis,
1459 1654 1525 1699 ma-

195 1724 302 1799 luerit,
329 1747 425 1812 quam
446 1726 549 1792 videri
571 1739 623 1793 aut
645 1737 772 1794 coactus
794 1749 862 1793 esse
884 1729 1049 1814 pecuniam
1073 1726 1149 1793 dare
1171 1736 1225 1792 aut
1244 1726 1379 1794 libenter
1401 1727 1524 1794 dedisse

195 1816 316 1883 bomini
344 1819 536 1906 nequissimo
562 1829 657 1907 atque
684 1821 936 1907 improbissimo,
965 1822 992 1887 is
1019 1820 1110 1887 uobis
1137 1822 1219 1887 ultra
1240 1829 1272 1886 et
1292 1822 1450 1906 pollicitus
1478 1830 1525 1888 est

195 1920 227 1977 et
247 1912 333 1979 dedit
355 1915 426 1978 Ha.
447 1933 507 1980 xx.
531 1936 572 1980 ex
593 1937 651 1981 sua
671 1917 820 2001 pecunia;
850 1925 896 1990 et,
924 1915 1009 2003 quod
1032 1915 1131 1980 multo
1153 1915 1257 1980 carius
1279 1925 1342 1990 est,
1364 1935 1399 1980 se
1420 1915 1525 2002 ipsum

196 2006 310 2072 obtulit
331 2015 362 2070 et
383 2007 556 2074 coniunxit.
599 2012 630 2074 2.
651 2013 734 2075 Huic
754 2010 945 2097 persuadere
967 2009 1137 2096 capiimus,
1168 2021 1203 2074 ut
1224 2009 1398 2094 imperator
1418 2008 1452 2076 iu
1474 2023 1561 2074 ca-tu

196 2100 269 2166 stris
290 2110 468 2168 remaneret
489 2123 619 2187 remque
642 2103 798 2189 publicam
821 2103 1014 2174 defenderet.
1058 2104 1202 2184 †Statuit
1223 2101 1256 2167 id
1278 2102 1353 2178 sibi,
1376 2103 1523 2190 quoniam

196 2194 371 2261 exercitum
401 2194 578 2263 dimisisset.
623 2198 732 2263 Statim
760 2219 838 2264 vero
859 2197 1035 2264 rediturum
1063 2196 1102 2262 ad
1122 2219 1181 2262 nos
1203 2195 1413 2273 confirmavit,
1440 2198 1526 2282 lega-

196 2289 283 2354 tione
310 2300 473 2374 suscepta,
503 2291 562 2356 nisi
589 2300 772 2378 praetorum
801 2292 926 2357 comitia
954 2291 1091 2357 babituri
1118 2299 1221 2358 essent
1249 2291 1404 2356 consules.
1447 2295 1525 2356 Nam

197 2383 244 2448 illi
264 2384 307 2448 ita
330 2383 474 2450 sentienti
496 2385 535 2450 de
558 2386 734 2473 republica
756 2407 870 2472 magno
893 2408 990 2472 opere
1012 2395 1122 2453 auctor
1142 2385 1205 2462 lui,
1227 2405 1267 2449 ne
1284 2384 1427 2451 differret
1448 2394 1525 2451 tem·

195 2499 255 2563 pus
277 2478 436 2563 petitionis
450 2500 535 2546 suae.
573 2483 668 2549 Cuius
691 2479 805 2546 sactum
828 2479 973 2547 omnibus
996 2489 1119 2566 gratum
1134 2501 1203 2547 csse
1226 2477 1337 2554 debet,
1359 2480 1415 2567 qui
1429 2479 1524 2546 modo
1534 2493 1563 2538 ²⁰

196 2572 334 2638 iudicant
362 2570 444 2637 bunc
472 2577 646 2641 exercitum
676 2595 744 2640 esse
772 2575 822 2640 rei
849 2574 1009 2662 publicae;
1044 2574 1102 2642 tibi
1128 2583 1214 2639 tanto
1243 2574 1379 2658 patius,
1409 2582 1525 2661 quanto

196 2666 317 2730 maiore
346 2675 378 2730 et
398 2666 504 2734 animo
525 2669 690 2754 gloriaque
713 2666 887 2734 libertatem
909 2679 1049 2734 nostram
1070 2667 1228 2740 delendis,
1254 2676 1286 2732 et
1306 2667 1470 2753 dignitate,
1499 2665 1526 2732 si

196 2760 362 2844 contigerit
383 2761 500 2828 nostris
522 2762 661 2827 consiliis
684 2761 803 2835 exitus,
826 2783 920 2847 quem
943 2753 1101 2847 optainus,
1127 2761 1349 2848 perfuncturus
1371 2783 1416 2827 es.
1459 2763 1525 2846 Ego

197 2859 306 2930 etiam,
329 2855 373 2920 rui
390 2857 516 2926 Cicero,
538 2853 668 2941 proprie
690 2853 948 2941 familiariterque
971 2865 1000 2919 te
1021 2875 1117 2940 rogo,
1139 2864 1175 2919 ut
1197 2861 1342 2920 Veterem
1365 2875 1451 2918 ames
1472 2874 1526 2919 ve·

197 2946 300 3033 lisque
330 2969 398 3013 esse
428 2971 522 3036 quarn
543 2948 785 3033 amplissimum
817 2949 871 3032 qui
894 2949 952 3014 etsi
975 2949 1057 3014 nulla
1079 2971 1115 3014 re
1142 2949 1298 3016 deterreri
1320 2969 1339 3013 a
1360 2949 1525 3036 proposito
1534 2960 1563 3004 ²⁵

197 3049 317 3128 potest,
349 3052 453 3108 tamen
482 3042 613 3108 excitari
642 3043 702 3107 tuis
724 3042 868 3106 laudibus
897 3042 1151 3130 indulgentiaque
1174 3043 1306 3130 poterit,
1336 3063 1400 3128 quo
1427 3043 1527 3129 magis

197 3135 395 3222 amplexetur
416 3157 452 3202 ac
473 3144 597 3202 tueatur
618 3135 770 3202 iudicium
792 3158 901 3214 suum;
925 3137 1053 3204 etmihi
1075 3137 1287 3223 gratissimum
1310 3137 1380 3202 erit.

628 3279 699 3340 Xll.
744 3278 887 3344 CIOERO
910 3279 1040 3344 BRUTO
1064 3281 1095 3344 S.

286 3415 314 3474 1.
337 3407 404 3474 Etsi
426 3407 555 3474 daturus
577 3427 663 3473 eram
682 3407 831 3473 Messalae
855 3409 991 3476 Corvino
1013 3411 1161 3478 contiuuo
1182 3409 1318 3488 litteras,
1340 3419 1445 3480 umen
1467 3419 1528 3479 Ve-

198 3515 298 3572 terem
327 3513 471 3586 nostrum
493 3504 533 3570 ad
554 3511 585 3568 te
607 3503 674 3568 siue
695 3501 807 3568 litteris
832 3503 911 3568 uncis
932 3504 1041 3570 venire
1063 3504 1160 3571 nolui.
1203 3506 1342 3572 Maximo
1364 3503 1397 3571 in
1419 3504 1565 3572 diceri-³⁰

196 3598 281 3664 mine
303 3620 354 3664 res
376 3597 513 3685 publica,
536 3603 647 3670 Brute,
670 3605 814 3664 versatur
835 3597 1034 3686 victoresque
1056 3620 1166 3664 rursus
1189 3599 1352 3664 decertare
1372 3599 1527 3684 cogimur.

197 3691 233 3757 ld
255 3691 368 3757 accidit
389 3697 430 3758 M.
453 3691 563 3778 Lepidi
592 3692 711 3758 scelere
733 3701 766 3757 et
786 3691 931 3758 amentia.
976 3695 1048 3770 Quo
1070 3700 1213 3778 tempore
1235 3715 1306 3760 cum
1329 3692 1425 3758 multa
1453 3713 1529 3780 pro-

197 3794 268 3873 pter
295 3807 364 3850 eam
386 3807 511 3862 curam,
541 3808 634 3873 qnam
663 3808 722 3872 pro
749 3807 785 3851 re
810 3784 935 3871 publica
963 3786 1101 3872 suscepi,
1131 3791 1269 3872 graviter
1297 3786 1431 3862 ferrem,
1461 3794 1528 3852 tum

197 3878 275 3944 nibil
297 3879 355 3944 tuli
376 3879 503 3964 gravius
525 3901 619 3966 quam
641 3901 691 3944 me
713 3899 777 3946 non
798 3901 891 3966 posse
914 3879 1022 3946 matris
1045 3891 1116 3946 tuae
1137 3879 1284 3968 precibus
1306 3879 1437 3955 cedere,
1464 3901 1528 3945 non

198 3972 329 4036 sororis.
371 3977 449 4037 Nam
471 3971 544 4047 tibi,
567 3971 653 4060 quod
674 3973 751 4038 mibi
773 3974 899 4059 plurimi
923 3983 982 4050 est,
1010 3973 1100 4039 facile
1121 3995 1172 4039 me
1194 3971 1424 4040 satisfacturum
1446 3971 1567 4038 arbi-u

198 4063 329 4131 trahar.
363 4067 455 4132 Nullo
485 4067 567 4132 euim
595 4065 690 4132 modo
718 4076 842 4152 poterat
870 4089 963 4134 causa
991 4067 1102 4154 Lepidi
1130 4066 1278 4153 distingui
1306 4065 1345 4132 ab
1374 4066 1526 4131 Antonio:

267 4249 293 4298 4.
314 4249 406 4300 debeat
423 4250 444 4298 l.
470 4272 496 4283 -
518 4249 713 4312 aliquantulum
732 4249 753 4297 l.
776 4249 921 4298 -5.111.
950 4249 1012 4299 Vola
1030 4251 1061 4300 11.
1084 4274 1112 4285 -
1132 4249 1159 4300 ’1.
1179 4251 1209 4298 tu
1226 4263 1256 4298 re
1271 4263 1298 4312 p.
1320 4247 1386 4300 Cod.
1406 4247 1529 4309 Baition,

199 4318 332 4381 probante
345 4319 367 4369 1.
388 4319 537 4370 Gronorio.
556 4343 590 4354 -
615 4317 642 4368 8.
663 4326 688 4368 et
706 4324 769 4369 ante
788 4320 818 4367 to
836 4333 891 4368 om.
905 4320 928 4368 1.
950 4342 980 4354 -
1001 4320 1045 4370 1⁰.
1065 4331 1218 4383 congressus
1230 4321 1261 4370 Ρ.
1275 4319 1531 4369 Dolabellua··llu-

198 4389 270 4440 beuta·
287 4390 326 4440 R:
354 4402 523 4454 congressus,
551 4390 581 4439 P.
600 4388 741 4438 Dolabella
758 4413 770 4424 -
786 4411 798 4423 ·
815 4389 925 4440 aalma
941 4390 1023 4449 Mllt,
1055 4403 1209 4455 congressus
1223 4392 1313 4452 palmo
1332 4389 1474 4440 Dolabella
1491 4411 1503 4423 ·
1519 4413 1530 4422 ·

198 4459 428 4510 babenteecld.
449 4457 803 4522 regtotthallemandus.
831 4485 861 4495 -
900 4461 943 4510 13.
962 4467 987 4510 et
1004 4466 1067 4509 aute
1084 4461 1222 4523 pollicitus
1241 4473 1296 4510 om.
1316 4461 1338 4509 l.
1361 4483 1389 4494 -
1428 4460 1530 4509 lbsa·

198 4530 292 4578 stertlc
309 4542 353 4578 rr.
373 4530 411 4579 M.
431 4550 464 4565 -
495 4530 538 4578 15.
558 4530 691 4589 capiimus
709 4531 764 4578 vb:
785 4531 904 4590 cupimus
921 4531 950 4583 M
968 4535 994 4580 at
1014 4545 1067 4592 mg.
1089 4529 1179 4591 Crat,
1203 4531 1351 4592 cupivimus
1370 4543 1384 4579 e
1403 4529 1470 4580 Cod.
1490 4542 1532 4578 re-

199 4600 243 4662 gio
262 4599 469 4656 Lallemaudua,
489 4601 619 4660 coaptatus
637 4600 705 4650 11111.
735 4623 768 4634 -
807 4600 850 4650 lb.
877 4607 902 4650 et
920 4602 1017 4650 statutt
1044 4601 1065 4650 1.
1093 4626 1126 4637 -
1163 4601 1191 4650 ld
1209 4602 1269 4653 Ml:
1292 4600 1405 4650 eundum
1424 4600 1476 4649 1111.
1498 4623 1530 4634 „

199 4671 242 4720 l'l.
268 4684 294 4720 ee
312 4671 461 4720 rediturum
479 4669 637 4720 Lambinus.
669 4692 695 4702 -
735 4672 778 4721 19.
802 4683 901 4735 meque
920 4684 997 4732 opera
1015 4686 1071 4721 om.
1092 4671 1114 4720 l.
1145 4694 1177 4706 -
1215 4672 1259 4721 21.
1288 4671 1438 4720 tudtccrr'ut
1455 4670 1477 4719 1.
1509 4693 1530 4706 ·-

199 4753 251 4789 ease
268 4741 360 4791 utilem
378 4742 416 4790 rel
432 4755 460 4803 p.
481 4741 503 4790 l.
526 4763 554 4774 -
574 4741 618 4790 22.
637 4741 741 4790 molere
759 4744 783 4789 ct
800 4739 866 4790 MR:
885 4743 1042 4792 maturuere
1061 4741 1088 4800 l,
1107 4741 1209 4791 maiore
1228 4741 1284 4802 vb,
1304 4742 1445 4790 statuturo
1462 4739 1529 4788 ll.—

199 4810 332 4875 dtputtotc
348 4811 415 4862 MR:
435 4813 589 4875 dignitatem
608 4811 652 4860 tn.
673 4833 705 4844 -
725 4810 770 4860 23.
786 4811 942 4874 perfunctus
959 4811 1145 4871 th.010n.,
1162 4809 1353 4872 pertracturus
1371 4809 1530 4860 Lambinus.

199 4881 261 4938 (vr.
273 4883 458 4944 perfuncturus
471 4893 497 4932 es
509 4881 597 4930 deleta
617 4880 734 4930 malebat
746 4880 902 4940 Gruterus.)
922 4907 951 4918 —
974 4883 1018 4931 21.
1038 4882 1131 4941 altum]
1153 4883 1234 4930 ettam
1246 4887 1328 4944 utque
1343 4883 1429 4932 attam
1442 4880 1530 4932 Wala-

200 4951 273 5002 lrius.
307 4949 362 5001 Cir.
381 4952 462 5001 lland
479 4951 609 5000 Turull.
630 4965 656 5014 p.
673 4951 735 5001 551.
754 4975 785 4986 -
814 4953 859 5000 27.
881 4949 915 5015 et]
936 4953 964 5000 td
983 4952 1014 5001 11.
1038 4975 1066 4986 -
1094 4953 1283 5016 proutsstmum
1301 4951 1323 5001 1.
1348 4973 1375 4986 -
1405 4951 1531 5002 2115011·

200 5022 278 5071 ttuuo
297 5035 352 5072 om.
372 5022 404 5071 lt.
426 5047 457 5058 -
485 5022 528 5072 31.
548 5021 631 5071 bruta
649 5035 704 5070 om.
726 5021 748 5070 l.
772 5043 799 5055 -
827 5021 872 5072 35.
890 5023 957 5071 ntblt
976 5023 1055 5071 etium
1073 5023 1122 5074 tula¹
1141 5021 1172 5072 1..
1185 5047 1217 5060 -·
1241 5023 1285 5074 35.
1304 5022 1451 5084 plurimum
1468 5020 1529 5070 l.-

182 5091 244 5142 'ML
264 5091 297 5141 ob
317 5090 429 5142 Antonii
446 5091 604 5142 Lambinus.
643 5091 697 5142 Gir.
719 5106 768 5154 pro
787 5093 849 5142 Sex.
870 5093 948 5144 llosc.
968 5093 1059 5142 Amer-
1081 5092 1109 5143 G.
1131 5093 1175 5142 33.
