3656 5868
311 407 352 470 so
740 403 1015 476 EPlSTOLAllUbl
1037 407 1089 469 Ab
1111 407 1202 471 Fau.

312 581 397 636 esse,
419 559 475 626 ubi
496 580 604 627 secum
624 559 804 648 loquiturt:
835 561 924 635 „hoc
946 559 1132 648 probabit:”
1160 562 1248 638 „boc
1269 563 1400 630 verbum
1422 566 1629 650 suspiciosum

312 660 387 721 est.”
430 653 560 731 „Quia
590 653 618 720 si
639 654 699 719 hoc
719 659 851 719 mutol''
883 659 947 730 „m
967 675 1096 731 vereor,
1123 677 1164 721 ue
1184 660 1274 743 peius
1296 662 1363 723 sit.'’
1386 689 1422 702 -
1446 662 1512 744 Age
1534 679 1628 733 vero,

311 748 405 814 laudo
428 749 580 835 aliquem:
614 769 716 822 „num
741 748 910 814 offendot''
947 753 1051 824 „Cum
1072 771 1170 835 porro
1203 750 1404 816 ollendaml”
1447 753 1581 829 „Quidl
1603 757 1629 818 si

313 863 376 907 non
401 843 512 907 vultt”
549 841 695 917 „Armati
715 841 820 907 stilum
844 843 1059 928 persequitur:
1091 848 1163 908 victi
1187 853 1218 909 et
1238 844 1376 910 nondum
1399 850 1533 910 restituti
1555 844 1631 932 quid

286 936 448 1002 alaciett‘'
483 939 586 1019 Auges
609 938 701 999 ctiam
724 943 757 998 tu
780 935 856 1000 mihi
889 941 1053 1011 timorem,
1087 937 1196 1023 quiin
1218 941 1351 1004 Oratore
1374 949 1429 1004 tuo
1460 959 1551 1004 caves
1572 939 1629 1005 tibi

310 1051 369 1116 per
390 1035 519 1094 Brutum
553 1037 583 1093 et
612 1028 651 1093 ad
672 1034 905 1095 excusationem
928 1029 1046 1094 socium
1072 1035 1207 1115 quaeris.
1251 1030 1307 1097 Ubi
1335 1031 1395 1097 boc
1416 1034 1556 1099 omnium
1576 1056 1630 1121 pa·

312 1136 422 1190 bonus
444 1122 534 1195 iacis,
568 1121 645 1208 quid
668 1143 733 1197 me,
769 1132 908 1187 veterem
936 1132 1039 1197 tuum,
1072 1145 1154 1189 nuuc
1176 1125 1315 1190 omnium
1348 1127 1492 1193 clientem
1514 1129 1630 1192 sentire

311 1222 458 1304 oportet?
485 1220 520 1281 ln
546 1215 604 1280 bac
626 1215 721 1299 igitur
740 1217 893 1281 calumnia
915 1215 1037 1281 timoris
1064 1225 1095 1280 et
1120 1238 1229 1282 caecae
1252 1219 1436 1305 suspicionis
1459 1228 1629 1296 tormento,

311 1333 382 1377 cum
403 1311 539 1397 plurima
560 1310 600 1374 ad
622 1309 712 1374 alieni
734 1331 842 1375 sensus
867 1308 1092 1384 coniecturam,
1122 1332 1184 1376 uon
1207 1311 1245 1376 ad
1267 1333 1358 1378 suum
1383 1313 1532 1378 iudicium
1554 1315 1632 1380 scri-

274 1427 300 1468 to
310 1404 444 1478 bantur,
479 1424 572 1490 quam
594 1402 718 1467 dillrcile
747 1402 787 1468 sit
807 1403 957 1477 evadere,
991 1404 1142 1470 siminus
1165 1416 1313 1490 expertus
1336 1429 1389 1481 es,
1423 1406 1507 1492 quod
1533 1418 1564 1473 te
1591 1408 1631 1473 ad

310 1499 417 1565 omnia
439 1518 596 1563 summum
617 1504 710 1583 atque
732 1497 888 1562 excellens
915 1498 1073 1582 ingenium
1096 1500 1246 1575 armavit,
1281 1520 1338 1566 nos
1366 1509 1525 1568 sentimus.
1569 1497 1632 1567 Sed

310 1602 413 1658 tamen
437 1613 497 1677 ego
519 1591 584 1656 lilio
606 1590 768 1666 dixeram,
799 1590 917 1656 librum
939 1591 993 1657 tibi
1016 1591 1136 1677 legeret
1156 1602 1188 1657 et
1208 1593 1361 1670 auferret,
1391 1605 1445 1660 aut
1466 1617 1503 1660 ea
1524 1595 1632 1660 condi-

309 1687 400 1751 cione
422 1684 526 1760 daret,
557 1684 584 1748 si
605 1685 761 1770 reciperes
783 1693 813 1749 te
835 1696 1069 1761 correcturum,
1099 1686 1159 1751 hoc
1181 1697 1241 1762 est,
1264 1687 1290 1752 si
1311 1696 1410 1754 totum
1433 1689 1527 1754 alium
1548 1689 1633 1754 lace·

309 1801 372 1844 res.
427 1784 456 1844 5.
484 1783 530 1843 De
551 1777 686 1843 Asiatico
708 1778 836 1854 itinere,
859 1800 1046 1865 quamquam
1068 1801 1188 1844 summa
1209 1782 1377 1846 necessitas
1398 1782 1573 1869 premebat,
1597 1794 1632 1849 ut

273 1873 485 1959 temperasti,
513 1871 584 1938 feci.
628 1877 672 1936 Te
703 1892 763 1958 pro
793 1893 843 1936 me
872 1870 948 1959 quid
974 1873 1105 1937 horter?
1138 1873 1225 1938 vides
1253 1884 1374 1960 tempus
1395 1882 1534 1950 venisse,
1567 1897 1631 1963 quo

307 1987 434 2032 necesse
456 1967 496 2032 sit
516 1965 563 2032 de
577 1963 668 2031 nobis
690 1966 847 2032 constitui.
890 1965 971 2032 Nihil
994 1975 1055 2038 est,
1078 1966 1121 2030 mi
1144 1967 1270 2042 Cicero,
1293 1968 1379 2055 quod
1405 1969 1502 2034 lilium
1525 1991 1631 2035 meum

310 2069 482 2146 exspectes.
538 2060 725 2126 Adolescens
754 2069 816 2138 est;
850 2059 953 2124 omnia
983 2065 1163 2145 excogitare
1191 2061 1240 2126 vel
1262 2061 1371 2148 studio
1387 2063 1438 2128 vel
1459 2073 1559 2129 aetate
1580 2063 1631 2128 vel

308 2164 395 2219 metu
417 2175 480 2219 non
501 2163 613 2239 potest.
657 2159 770 2218 Totum
790 2153 951 2238 negotium
966 2161 1000 2218 tu
1015 2159 1167 2218 sustineas
1182 2163 1322 2241 oportet;
1344 2160 1376 2220 in
1392 2166 1421 2220 te
1437 2156 1513 2221 mibi
1529 2158 1631 2222 omnis

309 2271 382 2334 spes
404 2259 460 2314 est.
503 2254 552 2314 Tu
572 2268 632 2333 pro
654 2256 707 2311 tua
728 2246 909 2332 prudentia,
932 2247 1045 2332 quibus
1066 2246 1162 2312 rebus
1184 2249 1332 2332 gaudeat,
1355 2238 1468 2336 quibus
1491 2251 1631 2334 capiatur

272 2347 437 2415 roCaesar,
461 2349 564 2419 tenes;
594 2362 612 2405 a
634 2350 665 2404 te
687 2341 792 2405 omnia
813 2339 1050 2426 proficiscantur
1072 2350 1104 2405 et
1124 2361 1183 2426 per
1205 2351 1234 2406 te
1256 2343 1295 2406 ad
1317 2343 1435 2408 exitum
1457 2343 1631 2429 perducan-

310 2444 362 2500 tur
383 2455 509 2500 necesse
532 2444 593 2512 est;
616 2432 698 2521 apud
720 2434 822 2520 ipsum
845 2433 991 2508 multum,
1014 2435 1096 2522 apud
1119 2435 1187 2500 eius
1209 2457 1318 2502 omnes
1339 2438 1508 2524 plurimum
1530 2446 1631 2523 potes.

311 2533 341 2595 6.
363 2532 462 2592 Unum
486 2527 540 2593 tibi
564 2529 589 2594 si
611 2528 819 2614 persuaseris,
853 2548 916 2592 non
938 2528 998 2592 boc
1019 2549 1087 2593 esse
1109 2530 1155 2594 tui
1177 2530 1332 2603 muneris,
1355 2531 1382 2596 si
1404 2529 1480 2617 quid
1501 2541 1630 2616 rogatus

311 2621 426 2694 breris,
448 2629 484 2686 ut
505 2620 599 2686 facias
621 2657 662 2668 -
685 2642 872 2708 quamquam
893 2621 926 2686 id
945 2642 1090 2706 magnum
1112 2631 1143 2687 et
1157 2623 1294 2710 amplum
1310 2633 1358 2688 est
1379 2660 1433 2697 -,
1457 2623 1512 2688 sed
1532 2632 1631 2689 totum

310 2726 399 2782 tuum
420 2735 489 2779 csse
511 2736 605 2789 onus,
639 2715 799 2802 perficies:
835 2715 894 2780 nisi
915 2715 998 2781 forte
1019 2725 1072 2780 aut
1093 2716 1125 2781 in
1147 2717 1275 2782 miseria
1296 2717 1388 2782 nimis
1411 2718 1502 2784 stulte
1524 2718 1631 2782 autin

274 2809 447 2875 raamicitia
478 2809 571 2874 nimis
603 2809 802 2896 impudenter
832 2807 888 2873 tibi
917 2829 996 2874 onus
1017 2813 1155 2895 impono.
1199 2810 1261 2875 Sed
1282 2811 1409 2898 utrique
1431 2812 1478 2876 rei
1500 2833 1632 2876 excusa-

310 2903 428 2968 tionem
454 2911 526 2969 tuae
554 2909 637 2970 vitae
667 2904 860 2970 consuetudo
887 2901 954 2967 dat:
988 2923 1059 2967 nam
1088 2902 1172 2990 quod
1200 2908 1243 2968 ita
1264 2904 1421 2968 consuesti
1442 2925 1501 2989 pro
1522 2905 1630 2970 amicis

309 2994 471 3072 laborare,
508 3018 571 3062 non
593 3001 655 3062 iam
678 2996 722 3062 sic
743 3005 868 3084 sperant
889 2996 944 3062 abs
966 3005 1014 3072 te,
1037 2997 1092 3062 sed
1115 2997 1209 3061 etiam
1231 3001 1275 3062 sic
1289 2998 1445 3083 imperant
1464 2995 1520 3062 tibi
1542 2996 1631 3064 sami-

309 3089 414 3155 liares.
468 3088 563 3168 Quod
585 3089 624 3155 ad
646 3089 762 3156 librum
783 3089 905 3165 attinet,
937 3111 1032 3177 quem
1054 3091 1110 3156 tibi
1139 3089 1220 3156 lilius
1241 3089 1340 3166 dabit,
1377 3098 1557 3176 petente,
1590 3112 1630 3157 ne

311 3193 418 3259 exeat,
441 3193 495 3250 aut
515 3187 558 3249 ita
579 3188 735 3270 corrigas,
757 3205 797 3249 ne
818 3183 895 3249 mihi
915 3193 1036 3250 noceat.

272 3336 300 3378 a
777 3328 857 3390 mn.
902 3323 951 3406 (l.
976 3329 1009 3390 a.
1032 3327 1063 3391 c.
1086 3325 1170 3412 ros.)

784 3439 926 3503 emeno
948 3441 1150 3504 cancrum.

195 3559 218 3638 ,Ἀ
277 3593 278 3598 1
398 3563 426 3623 l.
448 3561 526 3623 Cum
548 3566 630 3623 esset
650 3578 772 3623 mecum
798 3561 933 3642 Largus,
970 3557 1065 3650 homo
1087 3563 1131 3623 tui
1160 3558 1337 3636 studiosus,
1373 3562 1495 3628 locutus
1516 3565 1631 3631 Kalen-

201 3655 207 3669 ‘
310 3651 364 3716 das
390 3652 547 3717 lanuarias
577 3650 634 3716 tibi
665 3651 842 3738 praefinitas
877 3673 960 3726 esse,
988 3652 1071 3738 quod
1103 3652 1248 3718 omnibus
1275 3654 1370 3721 rebus
1391 3677 1628 3744 perspexeram,

310 3766 390 3831 quae
411 3742 525 3810 Balbus
547 3753 578 3809 et
600 3747 719 3832 Oppius
741 3745 867 3810 absente
890 3749 1021 3810 Caesare
1043 3745 1195 3831 egissent,
1219 3769 1255 3812 ea
1278 3750 1379 3814 solere
1401 3750 1445 3815 illi
1467 3762 1534 3816 rata
1549 3775 1628 3827 esse,

273 3839 360 3924 coegi
396 3837 596 3903 vehementer
624 3861 694 3904 cum
721 3839 776 3914 iis,
813 3848 848 3903 ut
880 3839 939 3904 hoc
967 3840 1045 3905 mibi
1072 3841 1197 3916 darent,
1234 3841 1289 3907 tibi
1319 3848 1350 3909 iu
1380 3845 1500 3918 Sicilia,
1524 3849 1629 3935 quoad

310 3930 475 4004 vellemus,
513 3952 582 3996 esse
603 3932 650 3996 uti
671 3931 788 3996 liceret.
840 3932 903 4010 Qui
924 3931 1000 3997 mibi
1022 3945 1224 4001 consuessent
1245 3946 1297 4001 aut
1317 3937 1450 4003 libenter
1470 3941 1627 4024 polliceri,

310 4028 336 4088 si
358 4022 433 4109 quid
455 4032 536 4088 esset
557 4023 726 4099 eiusmodi,
761 4025 846 4111 quod
874 4047 985 4091 eorum
1014 4032 1134 4094 animos
1163 4051 1226 4094 non
1248 4029 1436 4104 offenderet,
1460 4035 1628 4100 autetiam

310 4139 425 4203 negare
447 4126 479 4183 et
498 4117 613 4183 afferre
634 4119 803 4193 rationem,
826 4140 883 4184 cur
903 4129 1068 4202 negarent,
1090 4121 1163 4186 huic
1180 4145 1267 4188 meae
1285 4125 1441 4210 rogationi
1462 4131 1502 4158 **
1524 4130 1628 4214 potius

310 4233 374 4277 non
396 4211 544 4278 continuo
566 4213 815 4298 responderunt;
852 4213 963 4278 eodem
986 4214 1037 4279 (lie
1059 4223 1163 4279 tamen
1185 4217 1295 4282 adme
1317 4227 1529 4299 reverterunt;
1552 4223 1628 4288 mibi

272 4306 371 4371 roboc
392 4305 559 4380 dederunt,
581 4314 616 4371 ut
637 4327 721 4372 esses
743 4312 775 4372 in
798 4305 918 4380 Sicilia,
942 4306 1046 4391 quoad
1068 4309 1180 4386 velles;
1203 4331 1236 4374 se
1257 4322 1468 4397 praestaturos
1490 4314 1566 4379 nibil
1587 4337 1628 4380 ex

312 4421 351 4465 eo
373 4409 404 4464 te
426 4399 608 4466 offensionis
629 4400 818 4467 habiturum.
863 4400 1032 4477 Quoniam,
1055 4403 1130 4489 quid
1153 4402 1208 4469 tibi
1229 4406 1446 4490 permittatur,
1469 4409 1626 4494 cognosti,

380 4621 405 4670 1.
429 4619 549 4683 loquetur
567 4634 638 4671 corr.
663 4619 691 4670 Μ
709 4620 743 4670 ab
768 4621 864 4670 eadem
891 4633 983 4670 manu.
1002 4642 1036 4656 -
1073 4620 1099 4670 3.
1118 4623 1264 4686 offendam,
1285 4625 1362 4688 guid,
1381 4627 1405 4675 u·
1422 4626 1453 4676 E.
1475 4653 1505 4663 -
1542 4627 1569 4677 7.
1588 4628 1628 4690 sa·

310 4689 345 4738 ctt
368 4689 414 4749 Μ,
442 4691 513 4752 quod
541 4690 645 4739 malim.
689 4689 730 4738 Ad
761 4691 907 4741 secundam
933 4691 1005 4740 enim
1035 4703 1180 4752 personam
1207 4707 1287 4755 aegre
1317 4695 1439 4746 desidero
1466 4711 1626 4759 pronomen.

310 4759 390 4809 Bsrr.
411 4781 442 4792 -
461 4761 556 4810 restire
573 4760 684 4810 seclusit
702 4759 733 4809 B.
762 4785 794 4796 -
831 4760 874 4810 rt.
894 4773 994 4810 summo
1012 4765 1205 4812 meacccarttar
1224 4764 1380 4815 Lambinus.
1413 4789 1443 4802 -
1480 4769 1524 4816 at.
1544 4763 1626 4828 apud]

310 4828 345 4878 ad
363 4828 400 4878 Μ.
433 4853 462 4865 -
500 4829 544 4879 at.
564 4844 628 4891 opus
646 4829 894 4892 Moruni-Lagona.
916 4855 946 4866 -
965 4837 1012 4880 out
1029 4831 1169 4881 inimicitia
1187 4833 1223 4884 Μ.
1254 4859 1282 4868 -
1320 4835 1363 4885 35.
1383 4837 1416 4885 its
1434 4836 1568 4886 Orellius:
1588 4839 1628 4886 ltin

311 4897 370 4947 ΜΕ.
392 4923 420 4934 -
458 4897 555 4963 mouri]
576 4900 646 4962 quod
662 4899 700 4949 Μ.
731 4923 765 4932 -
801 4899 845 4948 ³8.
866 4899 991 4950 Deiectus
1010 4900 1117 4962 siguum
1136 4916 1191 4952 om.
1210 4903 1269 4954 ΜΕ.
1290 4919 1360 4955 mene
1378 4909 1512 4970 rogationi
1528 4915 1575 4957 out
1594 4903 1626 4968 (l.

309 4963 360 5030 ccl)
383 4967 545 5032 flagitationi
567 4971 656 5030 potius
683 4967 842 5029 Scbtltztus,
873 4983 944 5019 meos
962 4972 1061 5020 actioni
1078 4986 1123 5022 reo
1141 4973 1172 5032 (l.
1192 4973 1242 5036 oet)
1262 4977 1396 5038 reportent
1412 4980 1501 5036 portua
1519 4978 1550 5026 Ν.
1571 4977 1626 5028 Cir.

312 5036 360 5100 lip.
380 5038 429 5094 lo,
450 5039 474 5088 1.
495 5063 528 5072 -
546 5039 591 5088 to.
610 5045 639 5089 ut
656 5053 708 5090 aare
724 5039 820 5106 augule·
837 5053 855 5088 o
872 5053 922 5104 quo
940 5041 1051 5091 aduella
1068 5042 1106 5096 Μ.
1126 5067 1154 5079 -
1174 5041 1218 5093 41.
1239 5045 1368 5107 montom
1384 5045 1427 5096 bia
1449 5047 1559 5110 Quando
1577 5047 1608 5097 B.
