3668 5936
337 385 402 448 496
803 383 862 448 ΕΡ.
885 383 938 444 AD
960 381 1133 446 amount

339 561 391 606 res
412 539 531 605 incidit.
574 543 610 604 In
632 537 681 604 his
702 537 846 604 inventae
868 545 940 602 sunt
961 537 1100 624 quinque
1130 537 1355 624 plangnncnlae
1377 548 1640 612 matronarum,
1665 538 1697 602 in
1795 569 1796 588 ι

339 633 453 720 quihus
482 653 544 697 una
571 632 692 698 sororis
719 631 810 696 amici
838 631 901 704 tui,
938 631 1074 698 hominis
1104 631 1257 708 „bruti”‚
1295 631 1350 718 qui
1384 629 1445 696 hnc
1471 643 1626 711 utatur;
1668 641 1699 699 et
1785 684 1789 695 .

337 726 421 792 illius
443 725 606 810 „lepidi”,
629 726 684 814 qui
705 724 783 791 haec
803 733 866 790 tam
887 725 1082 810 negligenter
1104 725 1193 792 ferat.
1236 729 1321 790 Haec
1342 733 1373 790 te
1396 725 1480 790 volui
1507 753 1699 809 παρισω-

338 825 452 904 picae.
503 825 617 886 Sumus
649 819 733 886 enim
755 817 848 885 amhn
871 819 953 884 helle
975 819 1102 884 curiosi.
1145 823 1196 884 aa.
1225 822 1324 884 Unum
1346 817 1439 882 etiam
1461 820 1576 885 velim
1603 820 1699 906 cogi-

314 925 394 979 ates.
437 913 540 979 Audio
562 915 696 1000 Appium
719 915 926 998 προπύλαιον
952 913 1097 978 Eleusine
1119 911 1233 977 facere.
1278 917 1357 977 Num
1379 913 1476 998 inepti
1498 913 1698 989 fuerimus,
1793 929 1794 946 ¹

338 1009 365 1073 si
398 1030 456 1074 nos
484 1029 612 1095 quoque
644 1008 828 1075 Academiae
855 1007 1044 1072 fecerimus?
1079 1011 1175 1079 Puto,
1209 1006 1343 1093 inquies.
1397 1012 1480 1092 Ergo
1505 1007 1549 1072 id
1577 1008 1695 1094 ipsum

338 1101 457 1168 scribes
486 1101 612 1168 adme.
661 1101 814 1188 Equidem
837 1101 926 1167 valde
948 1101 1032 1186 ipsas
1053 1100 1189 1166 Athenas
1217 1121 1298 1164 amo.
1341 1100 1421 1166 Volo
1444 1121 1517 1167 esse
1545 1102 1697 1189 aliquod

339 1202 585 1261 monumentum.
636 1196 696 1262 Odi
723 1196 816 1262 falsas
846 1195 1066 1281 inscriptiones
1098 1203 1272 1260 statuarum
1306 1193 1487 1261 alienarum.
1548 1196 1627 1262 Sed
1660 1208 1696 1262 ut

339 1287 398 1352 tibi
419 1287 568 1373 placehit;
605 1289 763 1374 faciesque
793 1311 860 1364 mc,
893 1289 926 1355 in
947 1309 1042 1376 quem
1071 1287 1154 1353 diem
1176 1294 1315 1354 Romana
1337 1287 1474 1353 incidant
1495 1290 1693 1376 mysteria,

305 1397 330 1436 ¹⁰
339 1383 505 1448 certiorem
544 1394 576 1449 et
605 1383 765 1470 quomodo
794 1383 951 1450 hiemaris.
1008 1387 1088 1450 Cura
1129 1393 1163 1448 ut
1196 1383 1309 1448 valeas.
1363 1386 1436 1447 Post
1466 1385 1690 1450 Leuctricam

339 1497 476 1562 pugnam
497 1476 548 1543 die
569 1478 847 1565 septingentesimo
869 1476 1065 1562 sexagesimo
1088 1477 1208 1564 quinto.

822 1687 865 1754 n.
908 1681 957 1768 (Α.
984 1686 1014 1748 n.
1039 1687 1070 1749 e.
1092 1686 1181 1768 rna.)

824 1827 967 1892 cronno
988 1826 1131 1891 eruco
1154 1827 1184 1890 s.

427 1973 455 2033 1.
477 1971 555 2034 Cum
576 1965 775 2049 Philogenes,
798 1963 929 2032 libertus
950 1975 1039 2040 tuus,
1062 1963 1247 2029 Laodiceam
1276 1963 1315 2029 ad
1336 1987 1386 2030 me
1401 1965 1561 2032 salutandi
1580 1989 1684 2033 causa

307 2059 477 2126 revenisset
497 2070 528 2125 et
549 2081 583 2124 se
604 2059 708 2124 statim
730 2057 769 2123 ad
792 2070 822 2123 te
843 2060 1060 2145 navigaturum
1082 2079 1150 2124 esse
1166 2058 1300 2131 diceret,
1323 2059 1378 2124 has
1393 2060 1420 2124 ci
1439 2060 1563 2126 litteras
1582 2062 1682 2136 dedi;

340 2154 454 2240 quihus
476 2154 516 2219 ad
537 2173 591 2217 eas
612 2153 776 2238 rescripsi,
799 2173 876 2238 quas
898 2174 1079 2240 acceperam
1101 2174 1118 2217 a
1141 2153 1229 2219 Bruti
1252 2152 1426 2218 tabellario.
1470 2159 1507 2219 Et
1530 2175 1681 2240 respon·

341 2246 423 2314 deho
444 2247 581 2332 primum
603 2255 780 2331 postremae
801 2255 872 2310 tuae
894 2251 1034 2333 paginae,
1057 2267 1137 2332 quae
1159 2246 1235 2312 mihi
1251 2267 1380 2332 magnae
1403 2247 1572 2312 molestiae
1598 2248 1679 2322 fuit;

341 2338 427 2425 quod
448 2337 487 2402 ad
514 2348 544 2402 te
565 2339 714 2424 scripturn
738 2349 785 2404 est
806 2359 824 2402 a
846 2340 952 2406 Cincio
975 2340 1014 2405 de
1042 2340 1129 2405 Statii
1152 2361 1314 2414 sermone,
1343 2342 1375 2406 in
1397 2361 1461 2426 quo
1482 2341 1545 2406 hoc
1570 2342 1682 2406 mole·

341 2433 510 2498 stissimnm
533 2441 596 2506 est,
619 2432 749 2497 Statium
772 2431 876 2497 dicere
897 2455 915 2498 a
938 2455 988 2498 mc
1010 2453 1137 2521 qnoque
1159 2434 1191 2499 id
1210 2435 1374 2500 consilium
1393 2433 1532 2522 probari.
1594 2440 1679 2500 Pro-

304 2525 412 2590 enhari
434 2531 560 2591 autem?
593 2531 639 2590 De
661 2526 721 2591 isto
744 2525 901 2592 hactenus.
956 2526 1097 2592 Dixerim
1130 2547 1180 2591 me
1210 2529 1258 2592 vel
1281 2527 1414 2614 plurima
1436 2529 1536 2594 vincla
1562 2540 1678 2594 tecum

341 2641 480 2685 summae
502 2619 729 2685 coniunctionis
751 2631 877 2706 optare,
901 2621 958 2686 etsi
981 2631 1053 2686 sunt
1074 2621 1192 2686 amoris
1214 2621 1384 2700 artissima;
1411 2631 1529 2687 tanturn
1554 2622 1675 2695 abest,

339 2724 375 2779 ut
396 2734 455 2799 ego
477 2735 517 2778 ex
539 2734 594 2789 eo,
617 2735 680 2800 quo
703 2713 842 2779 adstricti
858 2736 982 2788 sumus,
1006 2715 1104 2779 laxari
1119 2714 1236 2801 aliquid
1256 2716 1358 2780 velim.
1402 2721 1432 2781 9.
1453 2715 1544 2780 ΙΙΙιιιιι
1561 2729 1677 2782 autem

341 2809 437 2873 multa
466 2807 505 2873 de
533 2807 600 2873 istis
628 2805 723 2872 rebus
750 2808 892 2894 asperius
922 2811 1025 2874 solere
1047 2808 1134 2894 loqui
1163 2829 1255 2894 saepe
1277 2829 1347 2874 sum
1369 2817 1534 2894 expertus.
1572 2829 1674 2895 saepe

341 2903 435 2968 etiam
456 2902 551 2968 lenivi
571 2902 697 2970 iratum.
741 2901 775 2966 ld
798 2902 878 2967 scire
899 2912 930 2968 te
952 2903 1100 2970 arbitror.
1143 2907 1177 2967 ln
1205 2902 1263 2966 hac
1284 2912 1387 2968 autem
1409 2904 1674 2989 peregrinatione

303 3017 332 3058 aa
341 2996 491 3062 militiave
515 3005 621 3061 nostra
645 3015 739 3082 saepe
760 2996 921 3062 incensum
942 2997 990 3061 ira
1011 2995 1090 3070 vidi,
1115 3015 1207 3080 saepe
1229 2995 1395 3080 placatum.
1440 2995 1522 3074 Quid
1538 2996 1581 3061 ad
1600 3001 1673 3061 Sta·

340 3090 419 3155 tium
447 3091 621 3177 scripserit,
652 3090 768 3155 nescio.
827 3089 985 3176 Quidquid
1014 3099 1139 3155 acturus
1161 3088 1200 3152 de
1223 3079 1275 3154 tali
1298 3109 1333 3153 re
1355 3089 1430 3164 fuit,
1461 3087 1671 3154 scribendum

340 3193 442 3248 tamen
465 3184 504 3250 ad
532 3183 678 3249 libertum
700 3183 853 3249 nonfuit.
904 3185 980 3250 Mihi
1001 3194 1105 3248 autem
1128 3182 1189 3247 erit
1210 3183 1365 3248 maximae
1388 3205 1500 3259 curae,
1523 3205 1564 3248 ne
1589 3181 1670 3270 quid

340 3278 394 3342 liat
414 3298 518 3353 secus,
556 3299 648 3365 quam
671 3279 815 3344 volumus
837 3299 993 3364 quamque
1016 3285 1152 3363 oportet.
1206 3281 1268 3341 Nec
1289 3277 1362 3341 satis
1384 3286 1431 3343 est
1452 3277 1484 3342 in
1506 3277 1669 3343 eiusmodi

340 3391 376 3436 re
398 3393 432 3436 se
453 3392 609 3459 quemque
638 3383 812 3458 praestare;
849 3371 907 3456 lac]
939 3371 1092 3436 maximae
1119 3379 1222 3456 partes
1251 3370 1340 3435 istius
1361 3371 1455 3436 ollicii
1477 3383 1548 3436 sunt
1571 3371 1668 3459 pueri
1790 3367 1792 3391 '¹

305 3465 501 3531 ”Ciceronis
529 3465 595 3531 sive
626 3467 687 3531 iarn
709 3465 931 3542 adolescentis;
961 3464 1045 3552 quod
1067 3463 1194 3549 quidem
1216 3463 1303 3530 illurn
1325 3464 1413 3529 soleo
1435 3465 1566 3530 hortari.
1622 3472 1668 3530 Ac

343 3560 419 3624 mihi
447 3559 572 3625 videtur
600 3569 730 3624 matrem
759 3558 866 3633 valde,
903 3568 938 3623 nt
960 3557 1069 3630 debet,
1104 3577 1209 3622 amare
1232 3568 1324 3644 teque
1346 3557 1487 3624 mirifice.
1530 3559 1594 3624 Sed
1618 3566 1666 3623 est

341 3673 487 3738 magnum
509 3652 587 3718 illud
608 3653 744 3738 quidem,
771 3665 985 3717 verumtamen
1008 3651 1171 3737 multiplex
1191 3651 1284 3736 pueri
1301 3652 1477 3736 ingenium3
1499 3654 1585 3739 quod
1604 3672 1665 3736 ego

342 3745 481 3831 regendo
503 3745 604 3810 habeo
626 3746 741 3831 negotii
764 3750 847 3810 satis.
891 3751 921 3810 9.
945 3745 1101 3822 Quoniam
1123 3745 1272 3829 respondi
1293 3755 1469 3831 postremae
1488 3757 1559 3812 tuae
1575 3747 1665 3833 pagi-

342 3859 400 3903 nae
422 3838 523 3924 prima
546 3858 628 3912 mea,
658 3859 740 3905 nunc
773 3837 811 3902 ad
833 3839 966 3924 primam
989 3847 1132 3903 revertar
1154 3847 1247 3904 tuam.
1291 3839 1533 3925 Peloponnesias
1555 3842 1666 3906 civita·

210 3950 219 3993 ,ῑ
306 3942 388 3999 astes
411 3953 519 3998 omnes
541 3933 712 3999 maritimas
735 3953 821 4009 esse,
854 3932 987 3997 hominis
1009 3953 1073 3997 non
1095 3953 1245 4019 nequam,
1275 3931 1444 3998 sedetiam
1467 3942 1521 3999 tuo
1543 3932 1662 3999 iudicio

1500 4077 1661 4089 —ana——fl

396 4165 422 4215 1.
441 4159 562 4229 quinque]
582 4165 710 4229 quasdam
728 4163 750 4214 l.
774 4187 799 4196 -
823 4163 995 4227 hrrqpuneulce
1011 4161 1048 4212 ill
1067 4167 1093 4212 et
1113 4175 1153 4224 pr.
1168 4161 1210 4224 Μ,
1231 4163 1384 4227 lagunculas
1403 4177 1473 4214 corr.
1493 4163 1530 4214 Μ.
1550 4162 1661 4220 (limem

341 4236 415 4287 davit
427 4235 544 4290 Rosius.)
562 4261 591 4271 -
611 4235 638 4285 9.
649 4235 856 4296 Bruti··l.epldi
868 4235 896 4282 li.
910 4259 936 4268 -
960 4233 986 4281 3.
999 4229 1071 4296 hoec]
1088 4232 1134 4281 hoc
1151 4235 1181 4284 n.
1196 4257 1225 4267 -
1245 4233 1271 4283 5.
1292 4233 1420 4299 aporior
1431 4235 1467 4295 Μ,
1480 4229 1661 4303 προπυλυνΜ

341 4312 369 4358 et
378 4319 431 4368 mg.
441 4305 520 4356 Μ.-
530 4300 622 4368 inepti]
633 4306 662 4354 tn
676 4306 756 4367 Epiro
770 4303 845 4354 Mltl.
866 4303 1009 4361 (Beroaldo
1020 4309 1130 4352 auctore
1144 4305 1258 4356 correxit
1266 4301 1355 4364 Pius.)
1372 4327 1401 4336 -
1421 4304 1448 4354 s.
1462 4305 1560 4353 mamis
1570 4316 1610 4365 pr.
1622 4301 1659 4358 Μ,

342 4377 472 4427 academia
491 4381 517 4426 et
534 4388 616 4424 acone
634 4389 705 4425 corr.
726 4373 763 4423 Μ.
786 4399 814 4409 -
835 4375 860 4424 7.
880 4373 994 4423 Athenas
1012 4377 1084 4436 ipsas
1103 4372 1124 4422 l.
1144 4377 1216 4425 Fert.
1235 4375 1299 4424 iatns
1318 4373 1409 4434 (tuas).
1430 4377 1480 4425 On.
1503 4397 1530 4408 -
1551 4373 1577 4423 9.
1596 4372 1660 4421 tact-

341 4447 406 4496 dunt
425 4445 447 4495 l.
469 4471 497 4482 -
536 4445 578 4496 to.
599 4445 730 4495 lectricum
747 4443 785 4494 Μ.
806 4470 837 4480 -
875 4444 916 4493 11.
936 4445 1125 4507 septuagesimo
1144 4457 1221 4495 rrrv.
1263 4443 1333 4493 Vola.
1354 4443 1385 4494 n.
1407 4469 1434 4481 -
1474 4443 1517 4494 19.
1537 4443 1571 4492 ch
1590 4441 1658 4492 la-

342 4518 385 4568 19.
405 4516 542 4565 conuitium
566 4515 677 4576 protam·
703 4520 790 4563 cutem
819 4513 850 4564 de
879 4515 930 4563 isto
956 4513 998 4574 Μ,
1030 4513 1165 4566 consitium
1193 4514 1313 4577 procuri·
1357 4513 1409 4563 Aut
1440 4515 1470 4564 de
1497 4515 1547 4563 isto
1573 4511 1595 4561 l.
1631 4535 1654 4545 -

341 4587 386 4636 20.
404 4586 485 4648 pluro
509 4583 627 4634 malebat
653 4585 801 4634 Ernestius.
834 4607 861 4618 -
899 4583 943 4632 91.
969 4585 1016 4633 etri
1042 4581 1113 4646 auat]
1138 4595 1163 4636 et
1185 4591 1246 4634 sunt
1264 4583 1320 4640 ΜΙ,
1346 4590 1369 4633 et
1387 4587 1441 4634 sint
1460 4585 1489 4634 s.
1528 4579 1659 4640 (Correxit

341 4655 429 4714 Pius.)
461 4679 491 4690 -
528 4655 614 4704 amori
641 4655 678 4704 Μ.
711 4679 740 4690 -
778 4653 822 4702 99.
847 4653 1014 4716 adscripserit
1032 4653 1066 4702 111
1095 4659 1121 4703 et
1147 4670 1185 4719 pr.
1209 4655 1246 4706 Μ.
1274 4679 1306 4689 -
1354 4653 1397 4703 97.
1430 4655 1560 4704 maximoe
1579 4653 1655 4701 Pius:

341 4727 455 4776 mamma
472 4724 569 4776 Mars.
590 4749 621 4760 -
646 4726 690 4775 29.
709 4737 740 4773 ac
756 4724 809 4772 del.
831 4723 984 4784 Ernestius,
1005 4737 1053 4773 nos
1075 4723 1247 4777 seclusimus.
1268 4746 1298 4760 -
1326 4724 1439 4774 masinae
1456 4725 1531 4775 hiltl.
1553 4723 1657 4785 (Eruen-

342 4796 434 4846 datnm
453 4801 494 4844 est
512 4796 538 4844 tu
557 4797 620 4843 Asc.
640 4791 693 4858 pr.)
710 4817 739 4828 -
754 4790 839 4855 pueri]
859 4796 910 4842 virt
930 4793 965 4852 a,
985 4796 1040 4843 vert
1059 4794 1079 4843 1.
1098 4817 1124 4827 -
1147 4797 1189 4846 31.
1209 4800 1318 4844 matrem
1336 4802 1365 4843 ut
1384 4795 1459 4844 valde
1476 4794 1565 4844 debeat
1585 4790 1655 4844 hlltl.

342 4863 652 4927 (Correxithlauntius.)
674 4889 702 4900 -
741 4863 784 4912 39.
805 4863 873 4924 qnod
892 4863 972 4912 Mitt:
993 4877 1043 4926 quo
1067 4877 1129 4914 curn
1150 4867 1212 4916 Asc.
1240 4865 1328 4928 pull,
1359 4865 1387 4912 r'n
1410 4878 1461 4929 quo
1480 4879 1533 4928 mg.
1555 4865 1655 4925 Repett.

341 4933 448 4994 Lamh.,
468 4935 539 4998 quod
559 4935 675 4985 coniecit
693 4933 773 4983 etiam
793 4933 940 4982 Ernestius.
959 4957 992 4965 -
1030 4934 1310 4998 asprenatum.
1331 4933 1399 4982 1.-
1426 4935 1469 4985 91.
1486 4934 1656 4998 peloponnen-

341 5007 395 5056 stca
412 5003 449 5056 hl·
469 5026 501 5042 -·
521 5005 564 5055 95.
583 5018 636 5054 nnn
653 4999 774 5069 nequam]
792 5004 845 5053 non
863 5015 918 5054 mcc
938 5009 1039 5054 tantum
1059 5004 1178 5056 malebat
1199 5005 1349 5056 Ernestius.

1794 4475 1796 4612 l

1794 4683 1796 4810 l

1794 4879 1796 5030 l
