3666 5874
1506 391 1584 442 mi

254 541 394 636 dignos3
414 557 519 610 verae
541 539 627 608 enim
649 533 809 610 codicum
830 538 975 609 familiae
996 537 1031 606 in
1052 538 1095 604 iis
1115 535 1289 609 dnmtsxat
1309 533 1404 608 libri's
1424 539 1585 608 constitui

253 651 289 715 et
309 647 454 734 possunt
476 647 511 712 ct
533 644 674 728 debent,
702 646 757 731 qul
778 645 842 712 iam
863 640 942 710 inde
962 660 985 710 a
1005 636 1130 713 Sedulo
1152 641 1216 710 lx.
1237 661 1281 710 ox
1302 641 1447 710 diversis
1467 661 1584 711 exem-

252 751 403 838 plaribus
431 751 535 838 longe
562 747 806 836 antiquioribus
832 746 994 834 descripti
1014 745 1060 814 ad
1080 765 1144 816 nos
1164 751 1402 834 pervenerunt.
1444 745 1585 816 liectis-

253 855 335 924 sime
356 855 462 943 igliur
482 848 687 940 Crenzerns,
709 853 763 941 qui
785 850 895 920 adbuc
917 849 1043 918 diversi
1064 850 1165 938 plane
1186 852 1323 942 generis
1344 851 1449 919 libros
1470 849 1584 933 edidit,

253 959 288 1026 in
309 955 475 1044 Praesot.
497 957 546 1025 od
565 955 671 1046 Lepp.
696 953 819 1042 p.1X.:
850 951 912 1022 «lm
932 952 988 1023 bic
1005 955 1142 1046 ptatdem
1164 953 1277 1047 tibris,
1298 956 1424 1042 inquii,
1443 973 1585 1025 croceos

253 1067 349 1128 ciros
363 1062 484 1128 doctos
500 1060 694 1129 audiendos
712 1063 892 1149 eobano,
913 1063 973 1149 psi
987 1057 1154 1144 codicum,
1176 1077 1321 1149 pionem
1335 1064 1435 1148 coptu
1453 1079 1585 1146 suppe-

255 1170 318 1256 tit,
351 1164 494 1232 familias
520 1169 685 1254 erepant,
719 1167 755 1230 et
781 1167 820 1230 in
846 1166 891 1230 iic
920 1161 1125 1230 dirimendis
1145 1161 1447 1255 diiudicandispue
1470 1170 1586 1234 nescio

254 1268 339 1360 quid
353 1267 481 1337 satiatis
495 1271 631 1335 versari
648 1271 868 1358 optimatum»
913 1264 955 1332 ld
971 1270 1081 1333 tamen
1095 1283 1158 1333 nec
1171 1265 1244 1352 ipsc
1258 1266 1315 1333 ille
1330 1267 1371 1335 V.
1385 1269 1435 1336 ei.
1449 1270 1588 1359 negabit

255 1373 409 1441 consulto
430 1371 654 1457 interpolatos
676 1389 752 1439 esse
773 1391 807 1438 v.
827 1389 856 1439 c.
875 1368 958 1438 cdd
979 1366 1164 1439 Silesiacos
1189 1370 1346 1437 librorum
1374 1371 1417 1438 de
1440 1369 1587 1442 Natura

254 1473 419 1544 Deomm.
460 1474 580 1566 Longe
602 1475 702 1542 aliter
722 1475 888 1544 acriculus
909 1475 982 1541 eius
1004 1491 1125 1542 censor
1150 1473 1354 1560 Lipsiensis,
1385 1473 1482 1543 bomo
1510 1477 1588 1550 mibi

255 1599 394 1666 prorsus
415 1581 554 1670 ignotus
576 1570 927 1666 (Literotorseitmtp
947 1573 1064 1646 1829.
1085 1597 1118 1666 p·
1132 1575 1237 1646 320.:
1262 1573 1440 1648 «messer
1453 1580 1589 1669 rpricbt

255 1689 313 1750 ein
327 1681 464 1751 scabres
486 1679 593 1750 Wort
606 1701 715 1770 peperi
732 1682 797 1750 dos
812 1682 944 1750 mrtmot
962 1680 1118 1752 modiceb
1136 1683 1338 1771 pnobrdeoc
1363 1678 1506 1754 &drmit
1525 1687 1589 1754 der

254 1783 541 1874 Hairdrebrip‘ien
567 1790 672 1853 uerter
693 1784 872 1854 Famitien
892 1776 1001 1868 cet»)
1023 1803 1081 1874 ea,
1117 1805 1203 1873 quae
1225 1787 1451 1856 tantummodo
1473 1791 1589 1860 valent

255 1889 298 1958 de
319 1891 456 1975 seriptis
471 1888 580 1957 adbuc
595 1908 616 1956 a
631 1889 798 1957 Creuzero
813 1888 930 1978 editis,
952 1894 1092 1977 propter
1113 1909 1269 1958 summam
1291 1893 1395 1959 totins
1414 1894 1465 1960 rei
1486 1896 1589 1986 igno-

254 1994 417 2062 rationem
439 1992 482 2061 de
505 1994 656 2062 omnibus
676 1995 771 2062 libris
793 1993 955 2062 Tullianis
982 1993 1137 2062 affirmari
1164 2012 1266 2080 posse
1286 1994 1460 2063 admodum
1482 2017 1589 2086 prave

257 2098 429 2185 opinatus,
451 2099 622 2185 pristinem
645 2097 807 2166 editorum
830 2100 1069 2186 temeritatem,
1091 2115 1157 2185 qua
1179 2117 1223 2166 ex
1244 2097 1490 2170 diversissimae
1512 2106 1586 2170 ori-

255 2203 346 2294 ginis
371 2206 475 2289 atque
503 2200 625 2269 indolis
649 2199 830 2271 codicibus
850 2203 1027 2272 lectionem
1048 2221 1142 2270 snam
1163 2202 1305 2270 fortuito
1327 2206 1588 2294 componebant,

255 2306 307 2374 sui
327 2305 490 2374 similibus
511 2307 620 2374 denno
643 2305 896 2375 commendavit.
938 2304 1027 2390 Quid
1048 2307 1134 2374 eninr
1156 2308 1350 2392 perversius
1371 2307 1441 2376 lieri
1463 2313 1588 2398 potest,

257 2428 352 2498 quam
375 2411 432 2478 ubi
453 2429 486 2477 v.
504 2428 534 2478 c
552 2411 587 2477 in
611 2405 760 2478 Oratore
780 2410 945 2479 lectiones
965 2404 1047 2478 cdd
1063 2411 1249 2480 mutilorum
1270 2412 1451 2500 mirumque
1464 2416 1499 2482 in
1513 2435 1588 2484 mo-

257 2511 331 2580 dum
353 2515 647 2599 interpolatorum,
667 2531 709 2581 sc
730 2515 916 2600 rarissime,
936 2517 974 2580 ut
995 2513 1031 2582 iit
1052 2514 1087 2582 in
1107 2515 1247 2602 talibus,
1268 2517 1424 2586 veritatis
1440 2520 1589 2611 vestigia

256 2618 480 2704 servantium,
501 2615 637 2686 Veteris
648 2612 761 2685 Caroli
771 2613 954 2710 Stephani,
976 2616 1099 2685 Palati
1112 2615 1146 2686 1.
1158 2621 1193 2686 et
1204 2614 1259 2704 2.,
1280 2617 1344 2688 Gn
1359 2617 1395 2688 3.
1415 2617 1588 2692 Schnetsil

256 2724 291 2789 et
311 2719 535 2812 Erlsngensis
557 2740 646 2790 nunc
668 2719 796 2790 demum
818 2721 895 2788 mibi
917 2723 1044 2811 cogniti
1066 2739 1109 2789 ex
1131 2722 1243 2790 Beieri
1258 2725 1438 2794 collatione
1451 2727 1587 2820 inedita,

255 2827 461 2913 permisceas
482 2843 556 2894 cum
578 2828 633 2908 iis,
656 2845 740 2914 quas
762 2826 926 2912 praebent
947 2822 1090 2894 Codices
1111 2828 1253 2916 integri,
1277 2830 1311 2893 in
1333 2830 1501 2918 plerisque
1514 2833 1588 2900 sin·

256 2931 343 3018 ceri,
375 2930 409 2996 ln
437 2930 512 2997 aliis
539 2931 646 2996 minus
674 2935 768 2998 certe
797 2930 976 3018 inquinati,
1010 2931 1167 3017 imprimis
1200 2909 1457 3021 Vlt'ebergensis
1486 2940 1588 3024 atque

255 3031 516 3122 Einsiedlensis,
548 3036 616 3102 tum
645 3035 743 3100 etiam
770 3032 973 3100 Dresdensis
994 3037 1029 3102 et
1049 3027 1298 3102 Monacensis?
1333 3031 1449 3107 Simile
1477 3043 1588 3108 autam

258 3135 436 3206 disertmen
456 3137 653 3206 familiarum
674 3136 760 3204 adeo
782 3137 992 3204 manifestum
1014 3155 1106 3224 esse,
1127 3141 1166 3204 ut
1183 3137 1326 3206 stolidus
1342 3138 1515 3210 dumtaxat
1528 3144 1588 3210 ant

256 3243 442 3310 malevolus
464 3242 674 3310 obtrectator
693 3239 729 3308 id
751 3238 949 3308 addubitare
969 3242 1094 3328 possit,
1128 3259 1194 3332 ego
1216 3239 1444 3312 demonstravi
1465 3247 1501 3312 in
1521 3247 1589 3314 ali-

258 3351 339 3436 quot
361 3343 595 3431 Orationibus,
618 3347 652 3411 in
674 3345 822 3432 Catone,
844 3343 987 3411 inlibris
1002 3343 1044 3411 de
1060 3341 1206 3430 (diliciis,
1227 3347 1263 3414 in
1278 3345 1431 3434 TopicIs,
1451 3350 1486 3415 in
1499 3347 1589 3436 Epi-

258 3452 355 3518 stolis
376 3449 421 3517 ad
442 3450 613 3536 Atticom3
634 3447 877 3516 demonstravit
900 3449 1043 3533 optimus
1064 3449 1201 3516 criticus
1218 3449 1363 3542 Madvig
1378 3455 1413 3518 in
1427 3452 1590 3522 Verrinls.

258 3550 329 3624 Sed
351 3552 467 3622 eadem
489 3552 616 3620 invidia
636 3551 814 3639 aliqnando
836 3555 927 3619 mota
949 3556 1002 3618 est
1022 3551 1240 3622 Grlesbachio
1262 3555 1306 3622 ab
1326 3556 1449 3644 iniqnis
1462 3560 1533 3626 suis
1548 3577 1590 3628 ae

257 3658 445 3727 movebitur
481 3658 630 3726 fortasse
663 3655 855 3725 clarissimis
893 3653 1091 3724 Editorlbus
1130 3651 1295 3742 Corporis
1329 3657 1424 3730 Iuris
1460 3663 1589 3757 civilis,

257 3759 469 3851 Schradcro‚
491 3762 643 3849 clocam,
665 3761 814 3848 ussello,
836 3761 890 3846 qui
912 3761 948 3826 in
968 3761 1126 3830 immenso
1144 3781 1279 3832 numero
1298 3757 1381 3832 cdd
1394 3765 1590 3835 Institutio-

257 3887 334 3934 num
365 3867 544 3934 lustinloni
577 3867 722 3954 quinque
754 3866 819 3933 iam
851 3865 994 3932 tamillas
1025 3863 1260 3933 distinxerunt.
1301 3866 1425 3938 Verum
1454 3870 1590 3941 dehac

257 3973 458 4064 gravissima
480 3973 693 4059 quaestione,
716 3987 759 4038 ex
780 3988 846 4057 qua
867 3967 993 4057 pendet
1013 3971 1101 4036 ratio
1120 3971 1225 4037 totins
1240 3973 1378 4042 criticae
1393 3972 1590 4063 disciplinae

258 4079 293 4144 in
303 4075 466 4145 Tullianis
480 4077 617 4162 scriptis
632 4073 858 4162 exercendae,
880 4073 959 4142 alibi
974 4073 1083 4142 insius
1096 4073 1354 4162 disputabimus:
1375 4098 1465 4150 nnnc
1483 4082 1588 4151 verbo

258 4182 428 4248 monuisse
455 4179 645 4248 sufficiebat
671 4178 834 4245 hominem
861 4178 952 4245 illum
979 4177 1142 4246 festinati
1162 4178 1267 4265 opcrb
1288 4182 1426 4250 abusum
1448 4203 1525 4254 esse
1545 4183 1590 4252 ad

257 4283 517 4376 impugnandam
539 4302 609 4350 rem
631 4287 756 4350 certam
778 4301 819 4350 ac
840 4282 1061 4350 manifestam.

343 4386 472 4471 Quodsi
494 4405 577 4454 vera
598 4389 693 4474 sunt,
717 4404 801 4472 quae
821 4385 931 4456 adhuc
952 4384 1140 4475 disputavi,
1162 4391 1354 4459 necessario
1369 4388 1486 4460 harum
1501 4391 1589 4481 Elpi-

259 4493 420 4564 stolarum
442 4490 552 4559 editor
572 4492 607 4558 in
629 4491 779 4558 omnibus
800 4509 896 4579 quam
917 4492 1058 4560 maxime
1073 4492 1199 4578 poterit
1212 4501 1373 4581 sequetur
1393 4495 1453 4566 (td.
1471 4497 1590 4566 Medi-

259 4616 370 4685 ceum3
390 4596 549 4682 imprimis
569 4593 650 4661 nibil
671 4592 862 4661 mutandum
884 4600 939 4662 est
959 4597 994 4661 ln
1015 4595 1254 4664 vocabulorum
1271 4599 1405 4688 ordine,
1427 4618 1537 4689 neque
1555 4605 1590 4670 in

259 4700 311 4769 liis
323 4704 416 4770 certe
427 4699 581 4789 epistolis
595 4698 697 4765 ndum
711 4698 817 4766 locum
832 4696 959 4766 babent
974 4703 1135 4767 accentus
1149 4700 1196 4766 llll
1211 4700 1451 4793 Goerenzlani3
1472 4703 1590 4774 Medi.

258 4808 329 4875 ocis
350 4809 502 4875 contenti
519 4805 621 4872 sinus
633 4821 775 4871 necesse
793 4808 856 4872 est·
898 4801 1027 4872 Vellem
1045 4803 1175 4891 qnldem
1189 4803 1266 4872 mibi
1281 4824 1478 4876 concessum
1496 4814 1590 4880 esset

259 4911 438 4978 editionem
455 4927 592 4992 curare,
615 4927 700 4998 quaa
715 4909 868 5000 singulos
882 4909 1067 4976 litterarum
1082 4907 1157 4976 Md.
1170 4910 1285 4997 apices
1307 4909 1450 4982 fideliter
1471 4920 1590 5005 expri-

259 5018 382 5086 meret:
410 5013 471 5085 scd
493 5011 558 5086 hoe
579 5011 650 5081 lieri
671 5015 787 5102 nequit
807 5013 873 5084 nisi
893 5013 936 5083 ab
959 5031 1017 5104 eo,
1040 5013 1096 5102 qui
1116 5008 1177 5083 cd.
1194 5015 1302 5103 ipsum
1321 5015 1357 5086 in
1378 5021 1589 5114 corrigendis
