3656 5868
678 407 752 468 uu.
774 408 825 472 vl.
867 408 926 484 ΕΡ.
948 407 978 468 li.
1000 403 1031 467 7.
1472 411 1513 478 95

189 566 282 656 qnasi
302 565 382 652 legis
403 574 435 632 et
462 562 618 630 humanae
638 565 829 634 condicionis
856 565 1046 632 recordatio.
1104 571 1154 633 13.
1176 571 1377 654 Exponerem
1397 571 1513 646 ellam,

189 659 458 752 quemadmodum
489 659 539 724 bic
567 669 599 724 et
627 669 741 748 quanta
770 665 802 726 in
830 659 920 727 turba
951 671 1126 747 quantmue
1148 662 1181 727 in
1201 662 1384 730 confusione
1405 686 1514 732 rernm

190 759 333 825 omnium
365 755 560 830 viveremus;
597 775 724 820 necesse
754 763 802 820 est
822 756 906 822 enim
935 755 1058 820 minore
1080 755 1235 820 desiderio
1257 757 1378 841 perdita
1399 780 1435 822 re
1458 779 1515 844 pu·

190 851 274 918 blica
303 869 412 916 carere
445 869 540 936 quam
567 847 660 913 bona.
704 847 765 913 Sed
793 848 853 914 hoc
874 870 989 934 genere
1011 849 1087 915 nihil
1116 871 1195 936 opus
1223 860 1279 915 est
1322 853 1514 918 lnoolnmem

190 957 222 1013 te
244 946 326 1018 cito,
349 951 383 1008 ut
405 963 518 1030 spero,
551 943 602 1008 vel
623 941 740 1028 potius,
764 951 798 1007 ut
818 943 990 1029 perspicio,
1013 942 1197 1009 videbimus.
1240 949 1361 1010 Interea
1382 946 1439 1011 tibi
1461 947 1538 1012 ab-a

192 1039 274 1108 senti
297 1037 442 1113 athalo,
479 1037 534 1122 qui
555 1037 655 1112 adest,
689 1035 816 1121 imagini
837 1036 934 1102 animi
955 1047 986 1101 et
1007 1039 1150 1124 corporis
1172 1038 1233 1112 tui,
1266 1040 1514 1106 constantissimo

190 1143 285 1221 atque
307 1130 428 1217 optimo
449 1129 514 1196 lilio
537 1139 608 1205 tuo,
630 1129 767 1196 studium
774 1178 782 1204 ,
805 1130 958 1204 officinm,
982 1151 1128 1216 operam,
1151 1131 1290 1196 laborem
1312 1153 1417 1220 men-m
1438 1133 1516 1198 iam·
1622 1133 1645 1214 3

190 1227 315 1316 pridem
336 1234 368 1288 et
389 1223 546 1309 pollicitus
568 1245 637 1288 sum
659 1233 690 1288 et
718 1222 829 1300 detuli;
859 1245 940 1288 nunc
962 1224 1022 1289 boc
1043 1225 1191 1310 amplius,
1214 1211 1371 1311 quode
1393 1226 1516 1291 amicis-

191 1323 269 1388 sime
291 1316 432 1406 quotidie
455 1317 554 1402 magis
575 1321 689 1383 Caesar
710 1316 921 1402 amplectitur;
956 1317 1125 1384 familiares
1155 1318 1280 1405 quidem
1303 1319 1386 1394 eius,
1423 1320 1515 1388 sicuti

191 1419 360 1480 neminem.
418 1410 507 1497 Apud
537 1432 631 1497 quem
658 1410 811 1497 quidquid
843 1411 955 1476 valebo
977 1412 1027 1476 vel
1048 1411 1232 1478 auctoritate
1254 1413 1305 1478 vel
1326 1413 1439 1498 gratia,
1461 1432 1552 1477 νει-ιο

191 1505 265 1574 lebo
287 1505 353 1572 tibi.
397 1511 444 1572 Tu
465 1526 555 1580 cura,
577 1513 613 1570 ut
633 1525 706 1572 cum
726 1503 917 1571 firmitudine
939 1515 970 1571 te
991 1504 1102 1580 animi,
1125 1514 1191 1572 tum
1213 1512 1307 1574 etiam
1328 1527 1384 1593 spe
1397 1507 1515 1593 optima

191 1609 358 1668 sustentes.

664 1713 728 1774 ru.
771 1708 818 1794 (A.
847 1714 878 1776 u.
901 1715 934 1776 c.
955 1709 1041 1783 roe.)

511 1785 561 1942 -ζ
572 1824 738 1889 cancul
760 1825 944 1890 creenonr
964 1827 1075 1889 erun.
1098 1825 1180 1888 san.
1196 1755 1227 1928 )

280 1949 308 2011 l.
346 1943 441 2022 Quod
469 1941 526 2008 tibi
558 1964 621 2008 non
648 1951 711 2008 tam
744 1943 889 2008 celeriter
909 1942 991 2008 liber
1012 1952 1059 2008 est
1079 1943 1233 2020 redditus,
1261 1949 1388 2028 ignosce
1411 1952 1515 2012 timori
1527 1965 1554 2004 ιι

192 2049 303 2107 nostro
325 2047 356 2102 ct
377 2041 529 2103 miserere
551 2037 712 2122 temporis.
755 2038 868 2113 Filius,
889 2047 924 2102 ut
942 2036 1053 2110 audio,
1076 2042 1252 2123 pertimuit,
1275 2060 1375 2125 neque
1391 2045 1515 2114 iniuria,

192 2141 220 2201 si
240 2133 322 2199 liber
344 2135 461 2196 exisset
482 2166 523 2221 „-
545 2134 693 2217 quoniam
714 2139 854 2196 nontam
869 2129 1014 2206 interest,
1037 2151 1100 2218 quo
1115 2131 1220 2196 animo
1235 2132 1399 2207 scribatur,
1422 2157 1515 2221 quarn

194 2253 258 2320 quo
280 2228 452 2314 accipiatur
479 2260 537 2299 —‚
575 2245 614 2289 ne
636 2247 672 2290 ea
694 2247 746 2292 res
768 2231 872 2312 inepte
893 2224 971 2290 mihi
992 2235 1141 2298 noceret„
1164 2246 1235 2290 cum
1256 2233 1440 2312 praesertim
1462 2227 1516 2292 ad·

192 2324 255 2391 buc
277 2321 339 2387 stili
360 2339 478 2406 poenas
501 2316 582 2382 dem.
634 2321 704 2396 Qua
726 2319 852 2406 quidem
875 2319 906 2384 in
927 2341 963 2385 re
985 2319 1136 2403 singulari
1157 2342 1227 2386 sum
1249 2320 1329 2400 fato;
1350 2344 1422 2387 nam
1445 2344 1516 2388 cum

193 2417 342 2485 mendum
371 2417 544 2497 scripturae
573 2412 669 2477 litura
691 2413 832 2487 tollatur,
866 2413 995 2479 stultitia
1015 2412 1098 2478 fama
1119 2413 1283 2489 multetur,
1313 2437 1402 2481 meus
1424 2431 1553 2481 errortt

194 2511 289 2577 exilio
311 2505 503 2592 corrigitur,
537 2506 625 2571 cuins
647 2528 766 2572 summa
800 2505 938 2572 criminis
966 2515 1027 2582 est,
1064 2506 1149 2594 quod
1176 2516 1313 2573 armatus
1334 2508 1516 2576 adversario

192 2605 274 2670 male
296 2603 391 2668 dixi.¹
416 2605 446 2665 2.
468 2605 566 2664 Nemo
588 2605 731 2666 nostrum
759 2609 822 2676 est,
850 2611 885 2666 ut
907 2605 1041 2686 opinor,
1070 2601 1147 2687 quin
1168 2611 1241 2666 vota
1263 2601 1419 2668 Victoriae
1441 2625 1517 2670 suae

193 2697 318 2774 fecerit;
340 2715 454 2768 nemo,
477 2694 552 2780 quin
575 2693 762 2759 etiamnum
784 2693 822 2760 de
844 2695 960 2759 aliare
982 2694 1180 2769 immolaret,
1203 2704 1306 2760 tamen
1328 2717 1367 2761 eo
1389 2697 1517 2783 quidem

193 2797 263 2878 ipso
285 2801 447 2876 tempore,
480 2796 630 2872 utquam
652 2792 789 2874 primum
818 2792 932 2854 Caesar
960 2797 1179 2874 superaretur,
1217 2789 1342 2874 optarit.
1396 2795 1464 2856 lloc
1491 2791 1517 2856 si

194 2907 258 2951 non
280 2883 411 2968 cogitat,
434 2877 579 2945 omnibns
602 2880 696 2945 rebus
718 2879 795 2946 felix
817 2891 879 2960 est;
907 2886 933 2946 si
955 2885 1013 2944 scit
1034 2890 1065 2945 et
1085 2900 1253 2966 persuasus
1275 2892 1337 2956 est,
1359 2883 1434 2968 quid
1456 2891 1555 2952 ira-²³

194 2984 292 3043 scitur
314 2976 362 3053 ei,
385 2974 438 3061 qui
461 2971 577 3059 aliquid
599 2973 720 3060 scripsit
742 2985 851 3038 contra
869 2993 958 3038 suam
971 2973 1176 3045 voluntatem,
1200 2993 1273 3038 cum
1288 2973 1403 3059 ignorit
1417 2981 1518 3042 omni·

193 3073 269 3146 bus,
293 3075 347 3158 qui
368 3067 465 3134 multa
487 3067 564 3131 deos
585 3067 726 3131 venerati
746 3072 808 3131 sint
829 3077 937 3132 contra
953 3066 1020 3132 eius
1041 3065 1194 3131 salutem?
1216 3069 1247 3130 3.
1272 3069 1333 3134 Sed
1355 3080 1389 3134 ut
1404 3070 1516 3136 eodem

195 3173 353 3237 revertar,
388 3181 480 3226 causa
501 3159 578 3224 baec
608 3158 667 3225 luit
687 3160 821 3225 timoris.
876 3159 992 3245 Scripsi
1022 3158 1060 3222 de
1083 3167 1113 3223 te
1134 3179 1229 3243 parce
1250 3159 1464 3228 mediusfidius
1487 3173 1518 3228 et

194 3257 319 3329 timide,
341 3276 406 3320 non
426 3275 577 3319 revocans
599 3273 650 3319 me
672 3257 757 3340 ipse,
791 3251 846 3316 sed
867 3271 965 3336 paene
990 3248 1160 3335 refugiens.
1205 3255 1309 3318 Genus
1331 3264 1434 3320 autem
1457 3254 1517 3321 hoc

194 3355 368 3437 scripturae
401 3369 464 3412 non
491 3345 587 3412 modo
616 3344 751 3412 liberum
781 3345 837 3410 sed
859 3343 1018 3410 incitatum
1048 3353 1141 3430 atque
1170 3344 1283 3411 elatum
1309 3368 1378 3413 esse
1400 3348 1555 3415 deborae

194 3450 264 3534 quis
286 3444 430 3529 ignorat?
464 3440 604 3506 Solutum
628 3440 826 3506 existimatur
847 3459 916 3504 esse
939 3438 1029 3504 alteri
1051 3437 1130 3503 male
1153 3437 1258 3504 dicere
1279 3475 1313 3487 —
1343 3449 1446 3507 tamen
1467 3463 1518 3507 ca-

193 3537 332 3605 vendum
354 3545 419 3610 est,
441 3555 480 3599 ne
500 3539 530 3598 in
546 3533 747 3620 petulantiam
769 3531 887 3598 incidas
902 3554 959 3611 —;
982 3530 1182 3617 impeditum,
1206 3553 1240 3597 se
1260 3532 1363 3620 ipsum
1378 3535 1517 3612 laudare,

195 3653 234 3698 ne
263 3631 375 3697 vitium
407 3627 604 3714 arrogantiae
636 3626 861 3714 subsequatur;
891 3625 994 3692 solum
1016 3646 1094 3691 vero
1115 3624 1265 3702 liberum,
1298 3628 1431 3695 alterum
1451 3631 1518 3696 lau-

195 3725 286 3799 dare,
315 3723 354 3788 de
376 3743 439 3810 quo
461 3719 614 3809 quidquid
636 3718 797 3795 detrahas,
825 3741 952 3786 necesse
974 3727 1021 3785 est
1042 3727 1096 3784 aut
1115 3719 1285 3785 infirmitati
1308 3732 1361 3786 ant
1382 3723 1516 3789 invidiae

195 3820 380 3904 assignetur.
423 3821 467 3880 Ac
497 3815 619 3888 nescio,
656 3835 695 3877 an
725 3812 781 3877 libi
808 3819 926 3898 gratius
953 3817 1224 3900 opportuniusque
1254 3813 1416 3894 acciderit;
1445 3828 1554 3881 nam⁸⁵

195 3911 280 3999 quod
301 3909 461 3997 praeclare
483 3907 587 3972 facere
609 3929 671 3972 non
692 3913 850 3991 poteram,
872 3911 1009 3994 primum
1030 3915 1111 3982 erat,
1134 3927 1197 3971 non
1215 3907 1384 3993 attingere;
1407 3931 1517 3974 secun-

196 4006 271 4071 dum
299 4000 499 4074 beneficium,
536 4021 628 4087 quam
658 4001 839 4085 parcissime
861 3999 975 4066 lacere.
1027 3999 1088 4064 Sed
1110 4009 1212 4065 tamen
1234 4021 1293 4086 ego
1316 4001 1442 4088 quidem
1465 4023 1516 4066 me

196 4101 344 4173 sustinui;
367 4095 463 4160 multa
477 4093 590 4168 minui,
613 4094 710 4159 multa
725 4094 852 4171 sustuli,
875 4095 1036 4180 complura
1057 4115 1097 4158 ne
1118 4098 1209 4180 posui
1232 4094 1368 4180 quidem.
1400 4097 1517 4173 Quem-

197 4189 366 4255 admodum
388 4187 497 4272 igitur,
530 4185 683 4252 scalarum
705 4187 821 4272 gradus
843 4192 869 4252 si
890 4187 969 4252 alios
992 4186 1098 4262 tollas,
1121 4185 1200 4251 alios
1221 4185 1353 4261 incidas,
1384 4188 1518 4253 nonnul-

197 4283 242 4347 los
264 4283 345 4346 male
376 4281 538 4345 haerentes
569 4280 741 4366 relinquas,
771 4281 881 4347 ruinae
909 4279 1085 4366 periculum
1112 4289 1229 4354 struas,
1261 4300 1324 4344 non
1352 4293 1553 4346 ascensumtt

197 4395 301 4462 pares:
332 4376 376 4440 sic
404 4385 449 4440 tot
470 4373 558 4439 malis
584 4383 651 4438 tum
671 4377 809 4440 vinctum
830 4383 897 4440 tum
917 4373 1050 4438 fractum
1082 4371 1219 4437 studium
1255 4372 1410 4439 scribendi
1440 4374 1516 4461 quid

198 4471 323 4557 dignum
352 4469 481 4535 auribus
510 4478 563 4534 ant
588 4468 753 4556 probabile
774 4478 883 4554 potest
909 4467 1043 4532 afferre?
1079 4470 1110 4531 d.
1141 4469 1218 4532 Cum
1245 4487 1323 4530 vero
1355 4465 1395 4531 ad
1417 4467 1515 4552 ipsius

199 4565 334 4630 Caesaris
356 4584 469 4628 nomen
492 4561 580 4636 veni,
613 4570 680 4628 toto
702 4583 837 4649 corpore
858 4559 1080 4632 contremisco,
1109 4580 1173 4623 non
1193 4579 1314 4644 poenae
1336 4569 1436 4632 metu,
1459 4559 1514 4624 sed

198 4657 278 4724 illius
300 4657 428 4723 iudicii:
465 4665 565 4722 totum
594 4661 679 4721 enim
707 4660 871 4723 Caesarem
901 4673 965 4718 non
996 4657 1081 4718 novi.
1132 4654 1233 4729 Quem
1259 4660 1350 4737 putas
1376 4653 1513 4716 animum

266 4851 310 4899 l'f.
327 4850 453 4914 quantum
470 4847 515 4899 bl:
535 4849 640 4912 wando
659 4848 689 4897 li.
722 4871 753 4884 -
791 4846 835 4896 18.
853 4848 943 4908 inepto
959 4844 1208 4909 Meneni-ugone.
1236 4869 1269 4881 -
1307 4844 1349 4895 19.
1367 4859 1430 4894 nam
1447 4861 1515 4894 com·

199 4920 314 4968 modum
336 4920 484 4980 scripturae
506 4917 597 4968 littero
627 4918 738 4968 rodowe·
761 4918 799 4970 bl.
832 4939 863 4954 -·
899 4916 944 4965 21.
975 4921 1079 4978 optarat
1103 4914 1141 4965 bf.
1171 4939 1200 4951 -
1237 4914 1281 4964 ³0.
1309 4914 1392 4964 mlum
1421 4915 1458 4966 bf.
1482 4939 1512 4954 -·

201 4987 241 5037 ³7.
260 4989 406 5054 beneficium
424 4987 534 5039 seclusit
550 4987 581 5038 li.
619 4987 670 5038 Sed
689 4989 718 5038 b.
737 4987 756 5038 Ι.
776 4992 818 5038 eet
838 4983 1031 5059 καθόρθωμα.
1051 5007 1083 5022 -
1118 4981 1164 5034 dl.
1183 4990 1238 5034 tuat
1255 4989 1369 5036 vinctum
1386 4985 1429 5038 lta
1456 4999 1515 5036 curt

200 5059 310 5108 oratur
327 5058 360 5109 u.
391 5083 419 5094 -
455 5058 502 5109 te.
521 5065 692 5109 contremesco
709 5057 748 5110 lt.
