<?xml version="1.0" encoding="UTF-8"?>
<!DOCTYPE html PUBLIC "-//W3C//DTD XHTML 1.0 Transitional//EN"
    "http://www.w3.org/TR/xhtml1/DTD/xhtml1-transitional.dtd">
<html xmlns="http://www.w3.org/1999/xhtml" xml:lang="en" lang="en">
 <head>
  <title>
</title>
<meta http-equiv="Content-Type" content="text/html;charset=utf-8" />
  <meta name='ocr-system' content='tesseract 3.04.00' />
  <meta name='ocr-capabilities' content='ocr_page ocr_carea ocr_par ocr_line ocrx_word'/>
</head>
<body>
  <div class='ocr_page' id='page_1' title='image "./mtulliiciceroni06baitgoog_0597.png"; bbox 0 0 3680 5944; ppageno 0'>
   <div class='ocr_carea' id='block_1_1' title="bbox 310 459 1131 526">
    <p class='ocr_par' dir='ltr' id='par_1_1' title="bbox 310 459 1131 526">
     <span class='ocr_line' id='line_1_1' title="bbox 310 459 1131 526; baseline 0 -2"><span class='ocrx_word' id='word_1_1' title='bbox 310 461 372 524; x_wconf 79' lang='grc'><strong>533</strong></span> <span class='ocrx_word' id='word_1_2' title='bbox 806 461 865 526; x_wconf 72' lang='grc' dir='ltr'><strong>Μ).</strong></span> <span class='ocrx_word' id='word_1_3' title='bbox 886 462 939 524; x_wconf 79' lang='grc' dir='ltr'><strong>ΑΙ)</strong></span> <span class='ocrx_word' id='word_1_4' title='bbox 960 459 1131 525; x_wconf 75' lang='lat' dir='ltr'><strong>amedu</strong></span> 
     </span>
    </p>
   </div>
   <div class='ocr_carea' id='block_1_2' title="bbox 274 614 1632 2207">
    <p class='ocr_par' dir='ltr' id='par_1_2' title="bbox 288 614 1632 1454">
     <span class='ocr_line' id='line_1_2' title="bbox 310 614 1632 710; baseline 0.002 -29"><span class='ocrx_word' id='word_1_5' title='bbox 310 624 343 682; x_wconf 88' lang='lat' dir='ltr'><strong>et</strong></span> <span class='ocrx_word' id='word_1_6' title='bbox 363 616 451 682; x_wconf 90' lang='lat' dir='ltr'><strong>eritis</strong></span> <span class='ocrx_word' id='word_1_7' title='bbox 472 637 583 682; x_wconf 86' lang='lat' dir='ltr'><strong>omnes</strong></span> <span class='ocrx_word' id='word_1_8' title='bbox 604 615 690 682; x_wconf 89' lang='lat' dir='ltr'><strong>boni.</strong></span> <span class='ocrx_word' id='word_1_9' title='bbox 744 617 807 710; x_wconf 72' lang='lat' dir='ltr'><strong>Qui</strong></span> <span class='ocrx_word' id='word_1_10' title='bbox 827 617 896 684; x_wconf 86' lang='lat' dir='ltr'><strong>istic</strong></span> <span class='ocrx_word' id='word_1_11' title='bbox 917 638 951 682; x_wconf 90' lang='lat' dir='ltr'><strong>se</strong></span> <span class='ocrx_word' id='word_1_12' title='bbox 972 615 1047 682; x_wconf 89' lang='lat' dir='ltr'><strong>mihi</strong></span> <span class='ocrx_word' id='word_1_13' title='bbox 1069 638 1132 684; x_wconf 90' lang='lat' dir='ltr'><strong>nou</strong></span> <span class='ocrx_word' id='word_1_14' title='bbox 1154 614 1312 682; x_wconf 76' lang='lat' dir='ltr'><strong>ostendit?</strong></span> <span class='ocrx_word' id='word_1_15' title='bbox 1348 617 1418 704; x_wconf 85' lang='lat' dir='ltr'><strong>quis</strong></span> <span class='ocrx_word' id='word_1_16' title='bbox 1440 639 1523 684; x_wconf 85' lang='lat' dir='ltr'><strong>nunc</strong></span> <span class='ocrx_word' id='word_1_17' title='bbox 1543 618 1632 686; x_wconf 85' lang='lat' dir='ltr'><strong>adest</strong></span> 
     </span>
     <span class='ocr_line' id='line_1_3' title="bbox 311 704 1630 798; baseline 0.001 -20"><span class='ocrx_word' id='word_1_18' title='bbox 311 708 499 778; x_wconf 77' lang='lat' dir='ltr'><strong>bochello?</strong></span> <span class='ocrx_word' id='word_1_19' title='bbox 536 711 588 776; x_wconf 84' lang='lat' dir='ltr'><strong>Sic</strong></span> <span class='ocrx_word' id='word_1_20' title='bbox 609 712 692 775; x_wconf 90' lang='lat' dir='ltr'><strong>enim</strong></span> <span class='ocrx_word' id='word_1_21' title='bbox 721 704 1029 798; x_wconf 63' lang='lat' dir='ltr'><strong>iam&#39;appeiiandum</strong></span> <span class='ocrx_word' id='word_1_22' title='bbox 1057 719 1113 776; x_wconf 89' lang='lat' dir='ltr'><strong>est.</strong></span> <span class='ocrx_word' id='word_1_23' title='bbox 1156 715 1187 776; x_wconf 77' lang='lat' dir='ltr'><strong>d.</strong></span> <span class='ocrx_word' id='word_1_24' title='bbox 1208 708 1337 777; x_wconf 86' lang='lat' dir='ltr'><strong>Vibullii</strong></span> <span class='ocrx_word' id='word_1_25' title='bbox 1357 732 1409 776; x_wconf 86' lang='lat' dir='ltr'><strong>res</strong></span> <span class='ocrx_word' id='word_1_26' title='bbox 1431 722 1536 797; x_wconf 78' lang='lat' dir='ltr'>gestae</span> <span class='ocrx_word' id='word_1_27' title='bbox 1557 724 1630 779; x_wconf 86' lang='lat' dir='ltr'><strong>sunt</strong></span> 
     </span>
     <span class='ocr_line' id='line_1_4' title="bbox 310 803 1629 891; baseline 0.002 -21"><span class='ocrx_word' id='word_1_28' title='bbox 310 804 411 870; x_wconf 87' lang='lat' dir='ltr'><strong>adhuc</strong></span> <span class='ocrx_word' id='word_1_29' title='bbox 439 804 603 869; x_wconf 83' lang='lat' dir='ltr'><strong>maximae.</strong></span> <span class='ocrx_word' id='word_1_30' title='bbox 651 803 686 870; x_wconf 90' lang='lat' dir='ltr'><strong>id</strong></span> <span class='ocrx_word' id='word_1_31' title='bbox 714 825 754 869; x_wconf 83' lang='lat' dir='ltr'><strong>ex</strong></span> <span class='ocrx_word' id='word_1_32' title='bbox 775 805 916 891; x_wconf 89' lang='lat' dir='ltr'><strong>Pompeii</strong></span> <span class='ocrx_word' id='word_1_33' title='bbox 937 803 1047 870; x_wconf 85' lang='lat' dir='ltr'><strong>litteris</strong></span> <span class='ocrx_word' id='word_1_34' title='bbox 1074 823 1259 889; x_wconf 65' lang='lat' dir='ltr'><strong>cognoscem</strong></span> <span class='ocrx_word' id='word_1_35' title='bbox 1293 805 1327 869; x_wconf 93' lang='lat' dir='ltr'><strong>iu</strong></span> <span class='ocrx_word' id='word_1_36' title='bbox 1352 803 1466 891; x_wconf 85' lang='lat' dir='ltr'><strong>quibus</strong></span> <span class='ocrx_word' id='word_1_37' title='bbox 1488 807 1629 872; x_wconf 90' lang='lat' dir='ltr'><strong>animad-</strong></span> 
     </span>
     <span class='ocr_line' id='line_1_5' title="bbox 310 897 1628 985; baseline 0.002 -23"><span class='ocrx_word' id='word_1_38' title='bbox 310 898 425 965; x_wconf 85' lang='lat' dir='ltr'><strong>vertito</strong></span> <span class='ocrx_word' id='word_1_39' title='bbox 453 897 540 963; x_wconf 88' lang='lat' dir='ltr'><strong>illum</strong></span> <span class='ocrx_word' id='word_1_40' title='bbox 568 897 688 971; x_wconf 80' lang='lat' dir='ltr'><strong>lomna,</strong></span> <span class='ocrx_word' id='word_1_41' title='bbox 716 897 774 964; x_wconf 90' lang='lat' dir='ltr'><strong>ubi</strong></span> <span class='ocrx_word' id='word_1_42' title='bbox 804 900 865 964; x_wconf 88' lang='lat' dir='ltr'><strong>erit</strong></span> <span class='ocrx_word' id='word_1_43' title='bbox 892 904 997 980; x_wconf 77' lang='grc' dir='ltr'><strong>διπλῆ.</strong></span> <span class='ocrx_word' id='word_1_44' title='bbox 1052 897 1199 972; x_wconf 85' lang='lat' dir='ltr'><strong>Videbis,</strong></span> <span class='ocrx_word' id='word_1_45' title='bbox 1228 897 1268 964; x_wconf 91' lang='lat' dir='ltr'><strong>de</strong></span> <span class='ocrx_word' id='word_1_46' title='bbox 1297 903 1401 966; x_wconf 84' lang='lat' dir='ltr'><strong>Gnaeo</strong></span> <span class='ocrx_word' id='word_1_47' title='bbox 1429 909 1539 965; x_wconf 90' lang='lat' dir='ltr'><strong>nostro</strong></span> <span class='ocrx_word' id='word_1_48' title='bbox 1560 900 1628 985; x_wconf 86' lang='lat' dir='ltr'><strong>ipse</strong></span> 
     </span>
     <span class='ocr_line' id='line_1_6' title="bbox 288 991 1630 1081; baseline 0.004 -27"><span class='ocrx_word' id='word_1_49' title='bbox 288 991 466 1058; x_wconf 80' lang='lat' dir='ltr'><strong>sVibuilius</strong></span> <span class='ocrx_word' id='word_1_50' title='bbox 488 991 562 1078; x_wconf 84' lang='lat' dir='ltr'><strong>quid</strong></span> <span class='ocrx_word' id='word_1_51' title='bbox 585 992 751 1057; x_wconf 84' lang='lat' dir='ltr'><strong>existimet.</strong></span> <span class='ocrx_word' id='word_1_52' title='bbox 796 995 867 1071; x_wconf 90' lang='lat' dir='ltr'><strong>Quo</strong></span> <span class='ocrx_word' id='word_1_53' title='bbox 889 993 985 1078; x_wconf 79' lang='lat' dir='ltr'><strong>igitur</strong></span> <span class='ocrx_word' id='word_1_54' title='bbox 1007 993 1084 1058; x_wconf 86' lang='lat' dir='ltr'><strong>haee</strong></span> <span class='ocrx_word' id='word_1_55' title='bbox 1099 1001 1217 1078; x_wconf 89' lang='lat' dir='ltr'><strong>spectat</strong></span> <span class='ocrx_word' id='word_1_56' title='bbox 1231 992 1356 1058; x_wconf 74' lang='lat' dir='ltr'><strong>oratio?</strong></span> <span class='ocrx_word' id='word_1_57' title='bbox 1378 997 1445 1078; x_wconf 77' lang='lat' dir='ltr'><strong>Ego</strong></span> <span class='ocrx_word' id='word_1_58' title='bbox 1460 1015 1520 1081; x_wconf 90' lang='lat' dir='ltr'><strong>pro</strong></span> <span class='ocrx_word' id='word_1_59' title='bbox 1538 999 1630 1060; x_wconf 87' lang='lat' dir='ltr'><strong>Pom·</strong></span> 
     </span>
     <span class='ocr_line' id='line_1_7' title="bbox 310 1083 1628 1174; baseline 0.002 -24"><span class='ocrx_word' id='word_1_60' title='bbox 310 1085 383 1170; x_wconf 88' lang='lat' dir='ltr'><strong>peio</strong></span> <span class='ocrx_word' id='word_1_61' title='bbox 405 1083 548 1150; x_wconf 79' lang='lat' dir='ltr'><strong>lubenter</strong></span> <span class='ocrx_word' id='word_1_62' title='bbox 570 1086 669 1151; x_wconf 91' lang='lat' dir='ltr'><strong>emori</strong></span> <span class='ocrx_word' id='word_1_63' title='bbox 692 1106 829 1172; x_wconf 89' lang='lat' dir='ltr'><strong>possum.</strong></span> <span class='ocrx_word' id='word_1_64' title='bbox 880 1087 974 1153; x_wconf 85' lang='lat' dir='ltr'><strong>Facio</strong></span> <span class='ocrx_word' id='word_1_65' title='bbox 995 1086 1094 1174; x_wconf 89' lang='lat' dir='ltr'><strong>pluris</strong></span> <span class='ocrx_word' id='word_1_66' title='bbox 1116 1087 1256 1151; x_wconf 89' lang='lat' dir='ltr'><strong>omnium</strong></span> <span class='ocrx_word' id='word_1_67' title='bbox 1279 1086 1440 1152; x_wconf 89' lang='lat' dir='ltr'><strong>hominum</strong></span> <span class='ocrx_word' id='word_1_68' title='bbox 1461 1089 1628 1160; x_wconf 86' lang='lat' dir='ltr'><strong>neminem.</strong></span> 
     </span>
     <span class='ocr_line' id='line_1_8' title="bbox 311 1178 1631 1268; baseline 0.001 -23"><span class='ocrx_word' id='word_1_69' title='bbox 311 1180 373 1245; x_wconf 86' lang='lat' dir='ltr'><strong>Sed</strong></span> <span class='ocrx_word' id='word_1_70' title='bbox 395 1200 458 1246; x_wconf 91' lang='lat' dir='ltr'><strong>non</strong></span> <span class='ocrx_word' id='word_1_71' title='bbox 481 1179 536 1245; x_wconf 91' lang='lat' dir='ltr'><strong>ita:</strong></span> <span class='ocrx_word' id='word_1_72' title='bbox 567 1185 659 1256; x_wconf 87' lang='lat' dir='ltr'><strong>„Uno</strong></span> <span class='ocrx_word' id='word_1_73' title='bbox 681 1181 713 1246; x_wconf 91' lang='lat' dir='ltr'><strong>in</strong></span> <span class='ocrx_word' id='word_1_74' title='bbox 736 1203 775 1247; x_wconf 92' lang='lat' dir='ltr'><strong>eo</strong></span> <span class='ocrx_word' id='word_1_75' title='bbox 798 1180 904 1247; x_wconf 90' lang='lat' dir='ltr'><strong>iudico</strong></span> <span class='ocrx_word' id='word_1_76' title='bbox 922 1201 1010 1266; x_wconf 84' lang='lat' dir='ltr'><strong>spem</strong></span> <span class='ocrx_word' id='word_1_77' title='bbox 1033 1179 1072 1245; x_wconf 89' lang='lat' dir='ltr'><strong>de</strong></span> <span class='ocrx_word' id='word_1_78' title='bbox 1094 1179 1192 1246; x_wconf 88' lang='lat' dir='ltr'><strong>sainte</strong></span> <span class='ocrx_word' id='word_1_79' title='bbox 1212 1185 1261 1245; x_wconf 91' lang='lat' dir='ltr'><strong>rei</strong></span> <span class='ocrx_word' id='word_1_80' title='bbox 1281 1178 1453 1267; x_wconf 58' lang='lat' dir='ltr'><strong>publicam</strong></span> <span class='ocrx_word' id='word_1_81' title='bbox 1506 1181 1631 1268; x_wconf 75' lang='lat' dir='ltr'><strong>Signifi-</strong></span> 
     </span>
     <span class='ocr_line' id='line_1_9' title="bbox 310 1273 1628 1363; baseline 0.002 -26"><span class='ocrx_word' id='word_1_82' title='bbox 310 1293 362 1338; x_wconf 82' lang='lat' dir='ltr'><strong>oes</strong></span> <span class='ocrx_word' id='word_1_83' title='bbox 383 1273 465 1337; x_wconf 89' lang='lat' dir='ltr'><strong>enim</strong></span> <span class='ocrx_word' id='word_1_84' title='bbox 487 1273 645 1360; x_wconf 80' lang='lat' dir='ltr'><strong>aliquanto</strong></span> <span class='ocrx_word' id='word_1_85' title='bbox 667 1297 773 1350; x_wconf 88' lang='lat' dir='ltr'><strong>secus,</strong></span> <span class='ocrx_word' id='word_1_86' title='bbox 805 1297 897 1363; x_wconf 60' lang='lat' dir='ltr'><strong>mam</strong></span> <span class='ocrx_word' id='word_1_87' title='bbox 926 1274 1065 1352; x_wconf 65' lang='lat' dir='ltr'><strong>solebam</strong></span> <span class='ocrx_word' id='word_1_88' title='bbox 1092 1283 1128 1340; x_wconf 93' lang='lat' dir='ltr'><strong>ut</strong></span> <span class='ocrx_word' id='word_1_89' title='bbox 1149 1275 1241 1340; x_wconf 88' lang='lat' dir='ltr'><strong>etiam</strong></span> <span class='ocrx_word' id='word_1_90' title='bbox 1262 1275 1364 1352; x_wconf 79' lang='lat' dir='ltr'><strong>ltalia3</strong></span> <span class='ocrx_word' id='word_1_91' title='bbox 1396 1275 1421 1339; x_wconf 89' lang='lat' dir='ltr'><strong>si</strong></span> <span class='ocrx_word' id='word_1_92' title='bbox 1448 1276 1501 1341; x_wconf 89' lang='lat' dir='ltr'><strong>iile</strong></span> <span class='ocrx_word' id='word_1_93' title='bbox 1522 1275 1628 1350; x_wconf 89' lang='lat' dir='ltr'><strong>cedat,</strong></span> 
     </span>
     <span class='ocr_line' id='line_1_10' title="bbox 309 1365 1629 1454; baseline 0.003 -24"><span class='ocrx_word' id='word_1_94' title='bbox 309 1376 399 1451; x_wconf 88' lang='lat' dir='ltr'><strong>putes</strong></span> <span class='ocrx_word' id='word_1_95' title='bbox 421 1365 604 1433; x_wconf 78' lang='lat' dir='ltr'><strong>cedendum.</strong></span> <span class='ocrx_word' id='word_1_96' title='bbox 649 1369 742 1446; x_wconf 86' lang='lat' dir='ltr'><strong>Quod</strong></span> <span class='ocrx_word' id='word_1_97' title='bbox 765 1389 824 1454; x_wconf 80' lang='lat' dir='ltr'><strong>ego</strong></span> <span class='ocrx_word' id='word_1_98' title='bbox 846 1389 903 1434; x_wconf 90' lang='lat' dir='ltr'><strong>neo</strong></span> <span class='ocrx_word' id='word_1_99' title='bbox 924 1369 971 1434; x_wconf 90' lang='lat' dir='ltr'><strong>rei</strong></span> <span class='ocrx_word' id='word_1_100' title='bbox 993 1366 1136 1454; x_wconf 86' lang='lat' dir='ltr'><strong>pubiione</strong></span> <span class='ocrx_word' id='word_1_101' title='bbox 1157 1376 1233 1453; x_wconf 92' lang='lat' dir='ltr'><strong>puto</strong></span> <span class='ocrx_word' id='word_1_102' title='bbox 1256 1389 1324 1433; x_wconf 88' lang='lat' dir='ltr'><strong>esse</strong></span> <span class='ocrx_word' id='word_1_103' title='bbox 1345 1368 1422 1434; x_wconf 87' lang='lat' dir='ltr'><strong>utile</strong></span> <span class='ocrx_word' id='word_1_104' title='bbox 1443 1389 1501 1433; x_wconf 89' lang='lat' dir='ltr'><strong>nec</strong></span> <span class='ocrx_word' id='word_1_105' title='bbox 1520 1367 1629 1434; x_wconf 84' lang='lat' dir='ltr'><strong>liberis</strong></span> 
     </span>
    </p>

    <p class='ocr_par' dir='ltr' id='par_1_3' title="bbox 274 1460 1630 1928">
     <span class='ocr_line' id='line_1_11' title="bbox 274 1460 1629 1549; baseline 0.002 -24"><span class='ocrx_word' id='word_1_106' title='bbox 274 1460 404 1538; x_wconf 68' lang='lat' dir='ltr'><strong>10meis;</strong></span> <span class='ocrx_word' id='word_1_107' title='bbox 437 1470 600 1546; x_wconf 86' lang='lat' dir='ltr'><strong>praeterea</strong></span> <span class='ocrx_word' id='word_1_108' title='bbox 631 1484 733 1549; x_wconf 90' lang='lat' dir='ltr'><strong>neque</strong></span> <span class='ocrx_word' id='word_1_109' title='bbox 762 1475 881 1529; x_wconf 82' lang='lat' dir='ltr'><strong>rentum</strong></span> <span class='ocrx_word' id='word_1_110' title='bbox 912 1484 1013 1548; x_wconf 87' lang='lat' dir='ltr'><strong>neque</strong></span> <span class='ocrx_word' id='word_1_111' title='bbox 1035 1462 1209 1527; x_wconf 88' lang='lat' dir='ltr'><strong>honestum.</strong></span> <span class='ocrx_word' id='word_1_112' title='bbox 1253 1461 1315 1527; x_wconf 86' lang='lat' dir='ltr'><strong>Sed</strong></span> <span class='ocrx_word' id='word_1_113' title='bbox 1336 1468 1418 1527; x_wconf 75' lang='lat' dir='ltr'><strong>ouri</strong></span> <span class='ocrx_word' id='word_1_114' title='bbox 1440 1512 1458 1537; x_wconf 83' lang='lat'><strong>‚,</strong></span> <span class='ocrx_word' id='word_1_115' title='bbox 1467 1464 1629 1530; x_wconf 85' lang='lat' dir='ltr'><strong>Poterisne</strong></span> 
     </span>
     <span class='ocr_line' id='line_1_12' title="bbox 309 1553 1630 1644; baseline 0.002 -24"><span class='ocrx_word' id='word_1_116' title='bbox 309 1555 406 1639; x_wconf 80' lang='lat' dir='ltr'><strong>igitur</strong></span> <span class='ocrx_word' id='word_1_117' title='bbox 435 1553 543 1620; x_wconf 89' lang='lat' dir='ltr'><strong>videre</strong></span> <span class='ocrx_word' id='word_1_118' title='bbox 576 1561 785 1644; x_wconf 78' lang='lat' dir='ltr'><strong>tyrannumi”</strong></span> <span class='ocrx_word' id='word_1_119' title='bbox 815 1593 857 1604; x_wconf 90' lang='lat'>-</span> <span class='ocrx_word' id='word_1_120' title='bbox 894 1560 989 1634; x_wconf 81' lang='lat' dir='ltr'><strong>Quasi</strong></span> <span class='ocrx_word' id='word_1_121' title='bbox 1019 1554 1157 1630; x_wconf 86' lang='lat' dir='ltr'><strong>intersit,</strong></span> <span class='ocrx_word' id='word_1_122' title='bbox 1188 1553 1311 1620; x_wconf 78' lang='lat' dir='ltr'><strong>audiam</strong></span> <span class='ocrx_word' id='word_1_123' title='bbox 1334 1577 1373 1621; x_wconf 87' lang='lat' dir='ltr'><strong>an</strong></span> <span class='ocrx_word' id='word_1_124' title='bbox 1396 1556 1538 1634; x_wconf 77' lang='lat' dir='ltr'><strong>videam,</strong></span> <span class='ocrx_word' id='word_1_125' title='bbox 1575 1567 1630 1622; x_wconf 87' lang='lat' dir='ltr'><strong>eut</strong></span> 
     </span>
     <span class='ocr_line' id='line_1_13' title="bbox 308 1649 1628 1738; baseline 0.002 -23"><span class='ocrx_word' id='word_1_126' title='bbox 308 1649 495 1734; x_wconf 87' lang='lat' dir='ltr'><strong>locupietior</strong></span> <span class='ocrx_word' id='word_1_127' title='bbox 515 1649 590 1714; x_wconf 89' lang='lat' dir='ltr'><strong>mihi</strong></span> <span class='ocrx_word' id='word_1_128' title='bbox 613 1651 652 1716; x_wconf 95' lang='lat' dir='ltr'><strong>sit</strong></span> <span class='ocrx_word' id='word_1_129' title='bbox 673 1652 870 1737; x_wconf 86' lang='lat' dir='ltr'><strong>quaerendus</strong></span> <span class='ocrx_word' id='word_1_130' title='bbox 897 1661 1006 1718; x_wconf 90' lang='lat' dir='ltr'><strong>auctor</strong></span> <span class='ocrx_word' id='word_1_131' title='bbox 1027 1671 1120 1738; x_wconf 88' lang='lat' dir='ltr'><strong>quam</strong></span> <span class='ocrx_word' id='word_1_132' title='bbox 1149 1654 1308 1726; x_wconf 84' lang='lat' dir='ltr'><strong>Socrates,</strong></span> <span class='ocrx_word' id='word_1_133' title='bbox 1341 1651 1411 1738; x_wconf 88' lang='lat' dir='ltr'><strong>qui,</strong></span> <span class='ocrx_word' id='word_1_134' title='bbox 1448 1671 1520 1716; x_wconf 90' lang='lat' dir='ltr'><strong>oum</strong></span> <span class='ocrx_word' id='word_1_135' title='bbox 1541 1671 1628 1720; x_wconf 85' lang='lat' dir='ltr'><strong>xxx.</strong></span> 
     </span>
     <span class='ocr_line' id='line_1_14' title="bbox 308 1743 1627 1832; baseline 0.002 -24"><span class='ocrx_word' id='word_1_136' title='bbox 308 1743 432 1832; x_wconf 70' lang='lat' dir='ltr'><strong>tyranni</strong></span> <span class='ocrx_word' id='word_1_137' title='bbox 453 1753 570 1818; x_wconf 86' lang='lat' dir='ltr'><strong>essent,</strong></span> <span class='ocrx_word' id='word_1_138' title='bbox 603 1744 714 1830; x_wconf 92' lang='lat' dir='ltr'><strong>pedem</strong></span> <span class='ocrx_word' id='word_1_139' title='bbox 736 1753 827 1831; x_wconf 92' lang='lat' dir='ltr'><strong>porta</strong></span> <span class='ocrx_word' id='word_1_140' title='bbox 848 1767 912 1812; x_wconf 93' lang='lat' dir='ltr'><strong>nou</strong></span> <span class='ocrx_word' id='word_1_141' title='bbox 934 1747 1054 1812; x_wconf 76' lang='lat' dir='ltr'><strong>extulit.</strong></span> <span class='ocrx_word' id='word_1_142' title='bbox 1102 1749 1157 1810; x_wconf 90' lang='lat' dir='ltr'><strong>Est</strong></span> <span class='ocrx_word' id='word_1_143' title='bbox 1178 1745 1255 1809; x_wconf 85' lang='lat' dir='ltr'><strong>mihi</strong></span> <span class='ocrx_word' id='word_1_144' title='bbox 1276 1758 1438 1831; x_wconf 84' lang='lat' dir='ltr'><strong>praeterea</strong></span> <span class='ocrx_word' id='word_1_145' title='bbox 1458 1751 1627 1831; x_wconf 78' lang='lat' dir='ltr'><strong>praecipua</strong></span> 
     </span>
     <span class='ocr_line' id='line_1_15' title="bbox 309 1836 1629 1928; baseline 0 -24"><span class='ocrx_word' id='word_1_146' title='bbox 309 1859 401 1904; x_wconf 85' lang='lat' dir='ltr'><strong>nausa</strong></span> <span class='ocrx_word' id='word_1_147' title='bbox 423 1839 584 1916; x_wconf 89' lang='lat' dir='ltr'><strong>manendi;</strong></span> <span class='ocrx_word' id='word_1_148' title='bbox 616 1839 656 1904; x_wconf 87' lang='lat' dir='ltr'><strong>de</strong></span> <span class='ocrx_word' id='word_1_149' title='bbox 678 1861 738 1927; x_wconf 89' lang='lat' dir='ltr'><strong>qua</strong></span> <span class='ocrx_word' id='word_1_150' title='bbox 760 1841 878 1906; x_wconf 88' lang='lat' dir='ltr'><strong>utinam</strong></span> <span class='ocrx_word' id='word_1_151' title='bbox 901 1839 1068 1928; x_wconf 84' lang='lat' dir='ltr'><strong>aliquando</strong></span> <span class='ocrx_word' id='word_1_152' title='bbox 1090 1849 1192 1905; x_wconf 87' lang='lat' dir='ltr'><strong>tecum</strong></span> <span class='ocrx_word' id='word_1_153' title='bbox 1213 1836 1343 1925; x_wconf 89' lang='lat' dir='ltr'><strong>loquart</strong></span> <span class='ocrx_word' id='word_1_154' title='bbox 1381 1843 1447 1924; x_wconf 81' lang='lat' dir='ltr'><strong>Ego</strong></span> <span class='ocrx_word' id='word_1_155' title='bbox 1468 1859 1545 1904; x_wconf 76' lang='lat'>1111.</span> <span class='ocrx_word' id='word_1_156' title='bbox 1567 1843 1629 1904; x_wconf 82' lang='lat' dir='ltr'><strong>lia·</strong></span> 
     </span>
    </p>

    <p class='ocr_par' dir='ltr' id='par_1_4' title="bbox 275 1931 1628 2207">
     <span class='ocr_line' id='line_1_16' title="bbox 275 1931 1627 2021; baseline -0.003 -21"><span class='ocrx_word' id='word_1_157' title='bbox 275 1932 409 2008; x_wconf 64' lang='lat' dir='ltr'><strong>asiend„</strong></span> <span class='ocrx_word' id='word_1_158' title='bbox 431 1953 502 1998; x_wconf 88' lang='lat' dir='ltr'><strong>cum</strong></span> <span class='ocrx_word' id='word_1_159' title='bbox 524 1932 633 1998; x_wconf 88' lang='lat' dir='ltr'><strong>eadem</strong></span> <span class='ocrx_word' id='word_1_160' title='bbox 654 1933 780 1999; x_wconf 86' lang='lat' dir='ltr'><strong>lucerne</strong></span> <span class='ocrx_word' id='word_1_161' title='bbox 802 1934 881 2000; x_wconf 79' lang='lat' dir='ltr'><strong>hano</strong></span> <span class='ocrx_word' id='word_1_162' title='bbox 902 1935 1064 2021; x_wconf 85' lang='lat' dir='ltr'><strong>epistolam</strong></span> <span class='ocrx_word' id='word_1_163' title='bbox 1086 1932 1297 2019; x_wconf 85' lang='lat' dir='ltr'><strong>scripsissem,</strong></span> <span class='ocrx_word' id='word_1_164' title='bbox 1319 1953 1381 2018; x_wconf 86' lang='lat' dir='ltr'><strong>qua</strong></span> <span class='ocrx_word' id='word_1_165' title='bbox 1403 1931 1627 1998; x_wconf 85' lang='lat' dir='ltr'><strong>inflammarem</strong></span> 
     </span>
     <span class='ocr_line' id='line_1_17' title="bbox 310 2025 1628 2116; baseline 0.001 -26"><span class='ocrx_word' id='word_1_166' title='bbox 310 2035 412 2103; x_wconf 87' lang='lat' dir='ltr'><strong>tuem,</strong></span> <span class='ocrx_word' id='word_1_167' title='bbox 444 2027 578 2093; x_wconf 87' lang='lat' dir='ltr'><strong>Formiis</strong></span> <span class='ocrx_word' id='word_1_168' title='bbox 606 2027 643 2094; x_wconf 95' lang='lat' dir='ltr'><strong>ad</strong></span> <span class='ocrx_word' id='word_1_169' title='bbox 671 2028 874 2115; x_wconf 87' lang='lat' dir='ltr'><strong>Pompeium,</strong></span> <span class='ocrx_word' id='word_1_170' title='bbox 909 2029 935 2094; x_wconf 90' lang='lat' dir='ltr'><strong>si</strong></span> <span class='ocrx_word' id='word_1_171' title='bbox 964 2028 1002 2093; x_wconf 90' lang='lat' dir='ltr'><strong>de</strong></span> <span class='ocrx_word' id='word_1_172' title='bbox 1030 2048 1106 2116; x_wconf 87' lang='lat' dir='ltr'><strong>pace</strong></span> <span class='ocrx_word' id='word_1_173' title='bbox 1128 2036 1254 2114; x_wconf 80' lang='lat' dir='ltr'><strong>agetur,</strong></span> <span class='ocrx_word' id='word_1_174' title='bbox 1290 2026 1503 2113; x_wconf 65' lang='lat' dir='ltr'><strong>proiecturum</strong></span> <span class='ocrx_word' id='word_1_175' title='bbox 1532 2026 1559 2092; x_wconf 89' lang='lat' dir='ltr'><strong>si</strong></span> <span class='ocrx_word' id='word_1_176' title='bbox 1588 2025 1628 2092; x_wconf 85' lang='lat' dir='ltr'><strong>de</strong></span> 
     </span>
     <span class='ocr_line' id='line_1_18' title="bbox 310 2118 605 2207; baseline 0.017 -22"><span class='ocrx_word' id='word_1_177' title='bbox 310 2118 408 2196; x_wconf 90' lang='lat' dir='ltr'><strong>bello,</strong></span> <span class='ocrx_word' id='word_1_178' title='bbox 431 2121 505 2207; x_wconf 90' lang='lat' dir='ltr'><strong>quid</strong></span> <span class='ocrx_word' id='word_1_179' title='bbox 527 2129 605 2190; x_wconf 73' lang='lat' dir='ltr'><strong>ero?</strong></span> 
     </span>
    </p>
   </div>
   <div class='ocr_carea' id='block_1_3' title="bbox 786 2232 1158 2320">
    <p class='ocr_par' dir='ltr' id='par_1_5' title="bbox 786 2232 1158 2320">
     <span class='ocr_line' id='line_1_19' title="bbox 786 2232 1158 2320; baseline -0.003 -21"><span class='ocrx_word' id='word_1_180' title='bbox 786 2232 1158 2320; x_wconf 61' lang='lat' dir='ltr'><strong>munem)</strong></span> 
     </span>
    </p>
   </div>
   <div class='ocr_carea' id='block_1_4' title="bbox 769 2356 1160 2424">
    <p class='ocr_par' dir='ltr' id='par_1_6' title="bbox 769 2356 1160 2424">
     <span class='ocr_line' id='line_1_20' title="bbox 769 2356 1160 2424; baseline -0.008 0"><span class='ocrx_word' id='word_1_181' title='bbox 769 2359 911 2424; x_wconf 83' lang='lat' dir='ltr'>CICERO</span> <span class='ocrx_word' id='word_1_182' title='bbox 947 2356 1091 2422; x_wconf 79' lang='lat' dir='ltr'>ATTICO</span> <span class='ocrx_word' id='word_1_183' title='bbox 1129 2359 1160 2421; x_wconf 89' lang='lat' dir='ltr'><strong>S.</strong></span> 
     </span>
    </p>
   </div>
   <div class='ocr_carea' id='block_1_5' title="bbox 149 2466 1629 2935">
    <p class='ocr_par' dir='ltr' id='par_1_7' title="bbox 271 2466 1628 2670">
     <span class='ocr_line' id='line_1_21' title="bbox 271 2466 1628 2553; baseline 0.004 -19"><span class='ocrx_word' id='word_1_184' title='bbox 271 2487 301 2534; x_wconf 78' lang='lat' dir='ltr'><strong>aa</strong></span> <span class='ocrx_word' id='word_1_185' title='bbox 397 2473 425 2534; x_wconf 86' lang='lat'><strong>1.</strong></span> <span class='ocrx_word' id='word_1_186' title='bbox 446 2469 589 2534; x_wconf 85' lang='lat' dir='ltr'><strong>Maximis</strong></span> <span class='ocrx_word' id='word_1_187' title='bbox 612 2479 643 2535; x_wconf 87' lang='lat' dir='ltr'><strong>ot</strong></span> <span class='ocrx_word' id='word_1_188' title='bbox 664 2469 847 2536; x_wconf 82' lang='lat' dir='ltr'><strong>miserrimis</strong></span> <span class='ocrx_word' id='word_1_189' title='bbox 867 2467 964 2534; x_wconf 89' lang='lat' dir='ltr'><strong>rebus</strong></span> <span class='ocrx_word' id='word_1_190' title='bbox 985 2466 1200 2553; x_wconf 82' lang='lat' dir='ltr'><strong>perturbatus,</strong></span> <span class='ocrx_word' id='word_1_191' title='bbox 1223 2490 1293 2534; x_wconf 88' lang='lat' dir='ltr'><strong>cum</strong></span> <span class='ocrx_word' id='word_1_192' title='bbox 1315 2491 1420 2536; x_wconf 87' lang='lat' dir='ltr'><strong>coram</strong></span> <span class='ocrx_word' id='word_1_193' title='bbox 1437 2479 1537 2538; x_wconf 89' lang='lat' dir='ltr'><strong>tecum</strong></span> <span class='ocrx_word' id='word_1_194' title='bbox 1552 2473 1628 2540; x_wconf 89' lang='lat' dir='ltr'><strong>mihi</strong></span> 
     </span>
     <span class='ocr_line' id='line_1_22' title="bbox 310 2561 1628 2670; baseline 0.005 -42"><span class='ocrx_word' id='word_1_195' title='bbox 310 2571 447 2649; x_wconf 86' lang='lat' dir='ltr'><strong>potestas</strong></span> <span class='ocrx_word' id='word_1_196' title='bbox 477 2561 670 2628; x_wconf 88' lang='lat' dir='ltr'><strong>deliberandi</strong></span> <span class='ocrx_word' id='word_1_197' title='bbox 699 2585 761 2629; x_wconf 91' lang='lat' dir='ltr'><strong>non</strong></span> <span class='ocrx_word' id='word_1_198' title='bbox 792 2571 887 2636; x_wconf 89' lang='lat' dir='ltr'><strong>esset,</strong></span> <span class='ocrx_word' id='word_1_199' title='bbox 920 2561 966 2626; x_wconf 91' lang='lat' dir='ltr'><strong>uti</strong></span> <span class='ocrx_word' id='word_1_200' title='bbox 1000 2573 1102 2670; x_wconf 68' lang='lat' dir='ltr'><strong>tpmeu</strong></span> <span class='ocrx_word' id='word_1_201' title='bbox 1129 2571 1183 2670; x_wconf 82' lang='lat' dir='ltr'><strong>tuo</strong></span> <span class='ocrx_word' id='word_1_202' title='bbox 1212 2563 1343 2630; x_wconf 90' lang='lat' dir='ltr'><strong>consilio</strong></span> <span class='ocrx_word' id='word_1_203' title='bbox 1365 2565 1460 2630; x_wconf 83' lang='lat' dir='ltr'><strong>volui.</strong></span> <span class='ocrx_word' id='word_1_204' title='bbox 1503 2565 1628 2634; x_wconf 83' lang='lat' dir='ltr'><strong>Delibe-</strong></span> 
     </span>
    </p>

    <p class='ocr_par' dir='ltr' id='par_1_8' title="bbox 149 2657 1629 2935">
     <span class='ocr_line' id='line_1_23' title="bbox 149 2657 1628 2837; baseline 0.005 -20"><span class='ocrx_word' id='word_1_205' title='bbox 149 2663 171 2762; x_wconf 52' lang='lat'><strong>&#39;³</strong></span> <span class='ocrx_word' id='word_1_206' title='bbox 308 2657 640 2837; x_wconf 53' lang='lat' dir='ltr'><strong>iiiiiiidiii</strong></span> <span class='ocrx_word' id='word_1_207' title='bbox 660 2657 1167 2836; x_wconf 65' lang='lat' dir='ltr'><strong>&#39;tt⁰i.²..⁵¹.{t&#39;tti¹¹{..¹t.³i²</strong></span> <span class='ocrx_word' id='word_1_208' title='bbox 1185 2657 1300 2836; x_wconf 60' lang='lat' dir='ltr'><strong>tit.</strong></span> <span class='ocrx_word' id='word_1_209' title='bbox 1321 2657 1628 2824; x_wconf 61' lang='lat' dir='ltr'><strong>ttttsititi</strong></span> 
     </span>
     <span class='ocr_line' id='line_1_24' title="bbox 310 2774 1629 2935; baseline 0.003 -23"><span class='ocrx_word' id='word_1_210' title='bbox 310 2845 386 2912; x_wconf 88' lang='lat' dir='ltr'><strong>dare</strong></span> <span class='ocrx_word' id='word_1_211' title='bbox 414 2845 532 2931; x_wconf 86' lang='lat' dir='ltr'><strong>possis,</strong></span> <span class='ocrx_word' id='word_1_212' title='bbox 561 2774 696 2931; x_wconf 69' lang='lat' dir='ltr'><strong>quiu&#39;ii</strong></span> <span class='ocrx_word' id='word_1_213' title='bbox 725 2855 892 2932; x_wconf 88' lang='lat' dir='ltr'><strong>utramque</strong></span> <span class='ocrx_word' id='word_1_214' title='bbox 920 2854 1041 2930; x_wconf 79' lang='lat' dir='ltr'><strong>partem</strong></span> <span class='ocrx_word' id='word_1_215' title='bbox 1070 2801 1150 2908; x_wconf 89' lang='lat' dir='ltr'><strong>mihi</strong></span> <span class='ocrx_word' id='word_1_216' title='bbox 1170 2843 1202 2909; x_wconf 92' lang='lat' dir='ltr'><strong>in</strong></span> <span class='ocrx_word' id='word_1_217' title='bbox 1224 2855 1358 2912; x_wconf 91' lang='lat' dir='ltr'><strong>mentem</strong></span> <span class='ocrx_word' id='word_1_218' title='bbox 1380 2847 1495 2924; x_wconf 81' lang='lat' dir='ltr'><strong>veniat,</strong></span> <span class='ocrx_word' id='word_1_219' title='bbox 1529 2851 1629 2935; x_wconf 86' lang='lat' dir='ltr'><strong>expii·</strong></span> 
     </span>
    </p>
   </div>
   <div class='ocr_carea' id='block_1_6' title="bbox 131 2937 1629 3871">
    <p class='ocr_par' dir='ltr' id='par_1_9' title="bbox 131 2937 1629 3313">
     <span class='ocr_line' id='line_1_25' title="bbox 271 2937 1629 3026; baseline -0.001 -16"><span class='ocrx_word' id='word_1_220' title='bbox 271 2939 388 3010; x_wconf 79' lang='lat' dir='ltr'><strong>ascabo</strong></span> <span class='ocrx_word' id='word_1_221' title='bbox 411 2937 511 3006; x_wconf 87' lang='lat' dir='ltr'><strong>brevi.</strong></span> <span class='ocrx_word' id='word_1_222' title='bbox 561 2943 591 3006; x_wconf 80' lang='lat'><strong>2.</strong></span> <span class='ocrx_word' id='word_1_223' title='bbox 623 2943 699 3006; x_wconf 89' lang='lat' dir='ltr'><strong>Cum</strong></span> <span class='ocrx_word' id='word_1_224' title='bbox 721 2941 831 3005; x_wconf 79' lang='lat' dir='ltr'><strong>merite</strong></span> <span class='ocrx_word' id='word_1_225' title='bbox 853 2938 995 3026; x_wconf 90' lang='lat' dir='ltr'><strong>Pompeii</strong></span> <span class='ocrx_word' id='word_1_226' title='bbox 1017 2959 1136 3004; x_wconf 89' lang='lat' dir='ltr'><strong>summa</strong></span> <span class='ocrx_word' id='word_1_227' title='bbox 1158 2959 1232 3024; x_wconf 82' lang='lat' dir='ltr'><strong>erga</strong></span> <span class='ocrx_word' id='word_1_228' title='bbox 1262 2940 1393 3005; x_wconf 79' lang='lat' dir='ltr'><strong>salutem</strong></span> <span class='ocrx_word' id='word_1_229' title='bbox 1415 2962 1515 3006; x_wconf 90' lang='lat' dir='ltr'><strong>meam</strong></span> <span class='ocrx_word' id='word_1_230' title='bbox 1537 2941 1629 3009; x_wconf 86' lang='lat' dir='ltr'><strong>sami·</strong></span> 
     </span>
     <span class='ocr_line' id='line_1_26' title="bbox 179 3032 1629 3125; baseline 0.001 -25"><span class='ocrx_word' id='word_1_231' title='bbox 179 3114 181 3125; x_wconf 32' lang='lat'><em>.</em></span> <span class='ocrx_word' id='word_1_232' title='bbox 308 3034 426 3101; x_wconf 88' lang='lat' dir='ltr'><strong>liaritas</strong></span> <span class='ocrx_word' id='word_1_233' title='bbox 449 3055 505 3108; x_wconf 91' lang='lat' dir='ltr'><strong>ue,</strong></span> <span class='ocrx_word' id='word_1_234' title='bbox 529 3055 610 3119; x_wconf 83' lang='lat' dir='ltr'><strong>quae</strong></span> <span class='ocrx_word' id='word_1_235' title='bbox 631 3035 709 3099; x_wconf 88' lang='lat' dir='ltr'><strong>mihi</strong></span> <span class='ocrx_word' id='word_1_236' title='bbox 729 3056 800 3100; x_wconf 87' lang='lat' dir='ltr'><strong>eum</strong></span> <span class='ocrx_word' id='word_1_237' title='bbox 823 3054 862 3100; x_wconf 87' lang='lat' dir='ltr'><strong>eo</strong></span> <span class='ocrx_word' id='word_1_238' title='bbox 885 3043 944 3106; x_wconf 87' lang='lat' dir='ltr'><strong>est.</strong></span> <span class='ocrx_word' id='word_1_239' title='bbox 976 3043 1041 3098; x_wconf 90' lang='lat' dir='ltr'><strong>tum</strong></span> <span class='ocrx_word' id='word_1_240' title='bbox 1064 3033 1131 3117; x_wconf 85' lang='lat' dir='ltr'><strong>ipsa</strong></span> <span class='ocrx_word' id='word_1_241' title='bbox 1152 3033 1200 3099; x_wconf 88' lang='lat' dir='ltr'><strong>rei</strong></span> <span class='ocrx_word' id='word_1_242' title='bbox 1222 3032 1365 3121; x_wconf 77' lang='lat' dir='ltr'><strong>publicae</strong></span> <span class='ocrx_word' id='word_1_243' title='bbox 1388 3054 1480 3100; x_wconf 86' lang='lat' dir='ltr'><strong>causa</strong></span> <span class='ocrx_word' id='word_1_244' title='bbox 1501 3057 1552 3100; x_wconf 88' lang='lat' dir='ltr'><strong>me</strong></span> <span class='ocrx_word' id='word_1_245' title='bbox 1573 3036 1629 3102; x_wconf 90' lang='lat' dir='ltr'><strong>ad-</strong></span> 
     </span>
     <span class='ocr_line' id='line_1_27' title="bbox 131 3055 1627 3221; baseline 0.003 -27"><span class='ocrx_word' id='word_1_246' title='bbox 131 3131 198 3221; x_wconf 49' lang='lat' dir='ltr'><strong>p(</strong></span> <span class='ocrx_word' id='word_1_247' title='bbox 309 3129 408 3208; x_wconf 70' lang='lat' dir='ltr'><strong>duoit,</strong></span> <span class='ocrx_word' id='word_1_248' title='bbox 428 3055 481 3213; x_wconf 60' lang='lat' dir='ltr'><strong>dut</strong></span> <span class='ocrx_word' id='word_1_249' title='bbox 510 3128 587 3192; x_wconf 89' lang='lat' dir='ltr'><strong>mihi</strong></span> <span class='ocrx_word' id='word_1_250' title='bbox 616 3129 665 3194; x_wconf 83' lang='lat' dir='ltr'><strong>vei</strong></span> <span class='ocrx_word' id='word_1_251' title='bbox 697 3129 859 3195; x_wconf 88' lang='lat' dir='ltr'><strong>consilium</strong></span> <span class='ocrx_word' id='word_1_252' title='bbox 894 3149 997 3192; x_wconf 86' lang='lat' dir='ltr'><strong>meum</strong></span> <span class='ocrx_word' id='word_1_253' title='bbox 1026 3146 1098 3191; x_wconf 87' lang='lat' dir='ltr'><strong>oum</strong></span> <span class='ocrx_word' id='word_1_254' title='bbox 1131 3126 1214 3192; x_wconf 87' lang='lat' dir='ltr'><strong>iilius</strong></span> <span class='ocrx_word' id='word_1_255' title='bbox 1243 3127 1391 3202; x_wconf 87' lang='lat' dir='ltr'><strong>consilio,</strong></span> <span class='ocrx_word' id='word_1_256' title='bbox 1423 3130 1473 3194; x_wconf 89' lang='lat' dir='ltr'><strong>vei</strong></span> <span class='ocrx_word' id='word_1_257' title='bbox 1501 3129 1627 3198; x_wconf 83' lang='lat' dir='ltr'><strong>fortuna</strong></span> 
     </span>
     <span class='ocr_line' id='line_1_28' title="bbox 308 3204 1629 3313; baseline 0.004 -26"><span class='ocrx_word' id='word_1_258' title='bbox 308 3204 378 3288; x_wconf 75' lang='lat' dir='ltr'><strong>oum</strong></span> <span class='ocrx_word' id='word_1_259' title='bbox 410 3224 535 3289; x_wconf 82' lang='lat' dir='ltr'><strong>fortuna</strong></span> <span class='ocrx_word' id='word_1_260' title='bbox 569 3223 785 3309; x_wconf 82' lang='lat' dir='ltr'><strong>coniungenda</strong></span> <span class='ocrx_word' id='word_1_261' title='bbox 815 3243 883 3288; x_wconf 88' lang='lat' dir='ltr'><strong>esse</strong></span> <span class='ocrx_word' id='word_1_262' title='bbox 916 3205 1083 3313; x_wconf 88' lang='lat' dir='ltr'><strong>videatur.)</strong></span> <span class='ocrx_word' id='word_1_263' title='bbox 1121 3221 1246 3286; x_wconf 84' lang='lat' dir='ltr'><strong>Accedit</strong></span> <span class='ocrx_word' id='word_1_264' title='bbox 1273 3222 1366 3287; x_wconf 85' lang='lat' dir='ltr'><strong>iliud:</strong></span> <span class='ocrx_word' id='word_1_265' title='bbox 1403 3222 1429 3288; x_wconf 88' lang='lat' dir='ltr'><strong>si</strong></span> <span class='ocrx_word' id='word_1_266' title='bbox 1457 3243 1567 3290; x_wconf 82' lang='lat' dir='ltr'><strong>maneo</strong></span> <span class='ocrx_word' id='word_1_267' title='bbox 1596 3235 1629 3292; x_wconf 87' lang='lat' dir='ltr'><strong>et</strong></span> 
     </span>
    </p>

    <p class='ocr_par' dir='ltr' id='par_1_10' title="bbox 309 3315 1625 3402">
     <span class='ocr_line' id='line_1_29' title="bbox 309 3315 1625 3402; baseline 0.002 -21"><span class='ocrx_word' id='word_1_268' title='bbox 309 3318 395 3384; x_wconf 83' lang='lat' dir='ltr'><strong>iilum</strong></span> <span class='ocrx_word' id='word_1_269' title='bbox 417 3318 597 3383; x_wconf 85' lang='lat' dir='ltr'><strong>comitatum</strong></span> <span class='ocrx_word' id='word_1_270' title='bbox 619 3318 810 3402; x_wconf 88' lang='lat' dir='ltr'><strong>optimorum</strong></span> <span class='ocrx_word' id='word_1_271' title='bbox 833 3327 864 3381; x_wconf 90' lang='lat' dir='ltr'><strong>et</strong></span> <span class='ocrx_word' id='word_1_272' title='bbox 885 3315 1130 3381; x_wconf 84' lang='lat' dir='ltr'><strong>clarissimorum</strong></span> <span class='ocrx_word' id='word_1_273' title='bbox 1152 3316 1268 3381; x_wconf 86' lang='lat' dir='ltr'><strong>civium</strong></span> <span class='ocrx_word' id='word_1_274' title='bbox 1290 3316 1419 3390; x_wconf 88' lang='lat' dir='ltr'><strong>desero,</strong></span> <span class='ocrx_word' id='word_1_275' title='bbox 1453 3318 1625 3386; x_wconf 86' lang='lat' dir='ltr'><strong>cadendum</strong></span> 
     </span>
    </p>

    <p class='ocr_par' dir='ltr' id='par_1_11' title="bbox 270 3407 1627 3592">
     <span class='ocr_line' id='line_1_30' title="bbox 270 3407 1627 3496; baseline 0.001 -20"><span class='ocrx_word' id='word_1_276' title='bbox 270 3421 357 3476; x_wconf 80' lang='lat' dir='ltr'><strong>mest</strong></span> <span class='ocrx_word' id='word_1_277' title='bbox 376 3411 409 3476; x_wconf 92' lang='lat' dir='ltr'><strong>in</strong></span> <span class='ocrx_word' id='word_1_278' title='bbox 431 3411 523 3476; x_wconf 89' lang='lat' dir='ltr'><strong>unius</strong></span> <span class='ocrx_word' id='word_1_279' title='bbox 544 3420 746 3496; x_wconf 67' lang='lat' dir='ltr'><strong>potestatem</strong></span> <span class='ocrx_word' id='word_1_280' title='bbox 775 3409 845 3496; x_wconf 90' lang='lat' dir='ltr'><strong>qui,</strong></span> <span class='ocrx_word' id='word_1_281' title='bbox 878 3408 936 3473; x_wconf 89' lang='lat' dir='ltr'><strong>etsi</strong></span> <span class='ocrx_word' id='word_1_282' title='bbox 965 3409 1070 3474; x_wconf 86' lang='lat' dir='ltr'><strong>multis</strong></span> <span class='ocrx_word' id='word_1_283' title='bbox 1095 3407 1192 3474; x_wconf 89' lang='lat' dir='ltr'><strong>rebus</strong></span> <span class='ocrx_word' id='word_1_284' title='bbox 1217 3409 1368 3495; x_wconf 79' lang='lat' dir='ltr'><strong>significat</strong></span> <span class='ocrx_word' id='word_1_285' title='bbox 1389 3431 1423 3476; x_wconf 86' lang='lat' dir='ltr'><strong>se</strong></span> <span class='ocrx_word' id='word_1_286' title='bbox 1444 3410 1535 3478; x_wconf 92' lang='lat' dir='ltr'><strong>nobis</strong></span> <span class='ocrx_word' id='word_1_287' title='bbox 1557 3434 1627 3478; x_wconf 87' lang='lat' dir='ltr'><strong>esse</strong></span> 
     </span>
     <span class='ocr_line' id='line_1_31' title="bbox 308 3503 1627 3592; baseline 0.004 -24"><span class='ocrx_word' id='word_1_288' title='bbox 308 3505 444 3570; x_wconf 88' lang='lat' dir='ltr'><strong>amicum</strong></span> <span class='ocrx_word' id='word_1_289' title='bbox 464 3540 521 3578; x_wconf 92' lang='lat'><strong>-,</strong></span> <span class='ocrx_word' id='word_1_290' title='bbox 544 3514 576 3570; x_wconf 90' lang='lat' dir='ltr'><strong>et</strong></span> <span class='ocrx_word' id='word_1_291' title='bbox 597 3513 631 3568; x_wconf 94' lang='lat' dir='ltr'><strong>ut</strong></span> <span class='ocrx_word' id='word_1_292' title='bbox 652 3513 747 3578; x_wconf 87' lang='lat' dir='ltr'><strong>esset,</strong></span> <span class='ocrx_word' id='word_1_293' title='bbox 777 3524 794 3568; x_wconf 91' lang='lat' dir='ltr'><strong>a</strong></span> <span class='ocrx_word' id='word_1_294' title='bbox 821 3523 871 3568; x_wconf 88' lang='lat' dir='ltr'><strong>me</strong></span> <span class='ocrx_word' id='word_1_295' title='bbox 901 3512 1009 3568; x_wconf 88' lang='lat' dir='ltr'><strong>est-</strong></span> <span class='ocrx_word' id='word_1_296' title='bbox 1032 3512 1096 3568; x_wconf 89' lang='lat' dir='ltr'><strong>tute</strong></span> <span class='ocrx_word' id='word_1_297' title='bbox 1119 3503 1178 3568; x_wconf 89' lang='lat' dir='ltr'><strong>scis</strong></span> <span class='ocrx_word' id='word_1_298' title='bbox 1200 3539 1240 3550; x_wconf 92' lang='lat'>-</span> <span class='ocrx_word' id='word_1_299' title='bbox 1262 3515 1393 3591; x_wconf 87' lang='lat' dir='ltr'><strong>propter</strong></span> <span class='ocrx_word' id='word_1_300' title='bbox 1414 3506 1627 3592; x_wconf 80' lang='lat' dir='ltr'><strong>suspicionem</strong></span> 
     </span>
    </p>

    <p class='ocr_par' dir='ltr' id='par_1_12' title="bbox 307 3596 1627 3685">
     <span class='ocr_line' id='line_1_32' title="bbox 307 3596 1627 3685; baseline 0.001 -22"><span class='ocrx_word' id='word_1_301' title='bbox 307 3597 400 3663; x_wconf 89' lang='lat' dir='ltr'><strong>huius</strong></span> <span class='ocrx_word' id='word_1_302' title='bbox 433 3597 638 3683; x_wconf 87' lang='lat' dir='ltr'><strong>impendentis</strong></span> <span class='ocrx_word' id='word_1_303' title='bbox 660 3596 851 3682; x_wconf 80' lang='lat' dir='ltr'><strong>tempestatis</strong></span> <span class='ocrx_word' id='word_1_304' title='bbox 881 3596 979 3662; x_wconf 81' lang='lat' dir='ltr'><strong>multo</strong></span> <span class='ocrx_word' id='word_1_305' title='bbox 1011 3606 1081 3662; x_wconf 89' lang='lat' dir='ltr'><strong>ante</strong></span> <span class='ocrx_word' id='word_1_306' title='bbox 1109 3597 1272 3685; x_wconf 87' lang='lat' dir='ltr'><strong>provisum</strong></span> <span class='ocrx_word' id='word_1_307' title='bbox 1300 3620 1354 3664; x_wconf 94' lang='lat'><strong>—:</strong></span> <span class='ocrx_word' id='word_1_308' title='bbox 1378 3609 1480 3664; x_wconf 88' lang='lat' dir='ltr'><strong>tamen</strong></span> <span class='ocrx_word' id='word_1_309' title='bbox 1507 3608 1627 3665; x_wconf 90' lang='lat' dir='ltr'><strong>utrum·</strong></span> 
     </span>
    </p>

    <p class='ocr_par' dir='ltr' id='par_1_13' title="bbox 307 3689 1625 3871">
     <span class='ocr_line' id='line_1_33' title="bbox 307 3689 1625 3778; baseline -0.001 -21"><span class='ocrx_word' id='word_1_310' title='bbox 307 3711 369 3778; x_wconf 87' lang='lat' dir='ltr'><strong>que</strong></span> <span class='ocrx_word' id='word_1_311' title='bbox 398 3689 659 3756; x_wconf 79' lang='lat' dir='ltr'><strong>considerandum</strong></span> <span class='ocrx_word' id='word_1_312' title='bbox 688 3699 754 3763; x_wconf 92' lang='lat' dir='ltr'><strong>est,</strong></span> <span class='ocrx_word' id='word_1_313' title='bbox 788 3699 819 3756; x_wconf 89' lang='lat' dir='ltr'><strong>et</strong></span> <span class='ocrx_word' id='word_1_314' title='bbox 840 3699 955 3775; x_wconf 89' lang='lat' dir='ltr'><strong>quanta</strong></span> <span class='ocrx_word' id='word_1_315' title='bbox 976 3689 1053 3755; x_wconf 85' lang='lat' dir='ltr'><strong>fides</strong></span> <span class='ocrx_word' id='word_1_316' title='bbox 1076 3690 1106 3755; x_wconf 90' lang='lat' dir='ltr'><strong>ei</strong></span> <span class='ocrx_word' id='word_1_317' title='bbox 1127 3691 1167 3756; x_wconf 90' lang='lat' dir='ltr'><strong>sit</strong></span> <span class='ocrx_word' id='word_1_318' title='bbox 1192 3690 1334 3756; x_wconf 86' lang='lat' dir='ltr'><strong>habenda</strong></span> <span class='ocrx_word' id='word_1_319' title='bbox 1356 3702 1404 3768; x_wconf 91' lang='lat' dir='ltr'><strong>et,</strong></span> <span class='ocrx_word' id='word_1_320' title='bbox 1441 3693 1468 3758; x_wconf 92' lang='lat' dir='ltr'><strong>si</strong></span> <span class='ocrx_word' id='word_1_321' title='bbox 1489 3691 1625 3757; x_wconf 84' lang='lat' dir='ltr'><strong>maxime</strong></span> 
     </span>
     <span class='ocr_line' id='line_1_34' title="bbox 308 3782 1624 3871; baseline 0.002 -22"><span class='ocrx_word' id='word_1_322' title='bbox 308 3784 506 3871; x_wconf 85' lang='lat' dir='ltr'><strong>exploratum</strong></span> <span class='ocrx_word' id='word_1_323' title='bbox 534 3783 575 3848; x_wconf 91' lang='lat' dir='ltr'><strong>sit</strong></span> <span class='ocrx_word' id='word_1_324' title='bbox 602 3804 674 3848; x_wconf 87' lang='lat' dir='ltr'><strong>eum</strong></span> <span class='ocrx_word' id='word_1_325' title='bbox 705 3782 794 3848; x_wconf 89' lang='lat' dir='ltr'><strong>nobis</strong></span> <span class='ocrx_word' id='word_1_326' title='bbox 821 3783 955 3848; x_wconf 88' lang='lat' dir='ltr'><strong>amicum</strong></span> <span class='ocrx_word' id='word_1_327' title='bbox 982 3782 1065 3859; x_wconf 85' lang='lat' dir='ltr'><strong>sore,</strong></span> <span class='ocrx_word' id='word_1_328' title='bbox 1088 3790 1168 3849; x_wconf 88' lang='lat' dir='ltr'><strong>sitne</strong></span> <span class='ocrx_word' id='word_1_329' title='bbox 1189 3784 1250 3849; x_wconf 88' lang='lat' dir='ltr'><strong>viri</strong></span> <span class='ocrx_word' id='word_1_330' title='bbox 1271 3783 1362 3850; x_wconf 86' lang='lat' dir='ltr'><strong>sortis</strong></span> <span class='ocrx_word' id='word_1_331' title='bbox 1383 3793 1414 3850; x_wconf 92' lang='lat' dir='ltr'><strong>et</strong></span> <span class='ocrx_word' id='word_1_332' title='bbox 1434 3783 1509 3850; x_wconf 88' lang='lat' dir='ltr'><strong>boui</strong></span> <span class='ocrx_word' id='word_1_333' title='bbox 1531 3785 1624 3860; x_wconf 87' lang='lat' dir='ltr'><strong>civis,</strong></span> 
     </span>
    </p>
   </div>
   <div class='ocr_carea' id='block_1_7' title="bbox 307 3957 1626 5144">
    <p class='ocr_par' dir='ltr' id='par_1_14' title="bbox 307 3957 1626 5144">
     <span class='ocr_line' id='line_1_35' title="bbox 377 3957 1626 4024; baseline 0.002 -16"><span class='ocrx_word' id='word_1_334' title='bbox 377 3960 402 4008; x_wconf 88' lang='grc'><strong>1.</strong></span> <span class='ocrx_word' id='word_1_335' title='bbox 424 3957 486 4022; x_wconf 77' lang='lat' dir='ltr'><strong>Quia</strong></span> <span class='ocrx_word' id='word_1_336' title='bbox 503 3959 561 4006; x_wconf 80' lang='lat' dir='ltr'><strong>istie</strong></span> <span class='ocrx_word' id='word_1_337' title='bbox 579 3957 644 4008; x_wconf 88' lang='lat' dir='ltr'><strong>Cod.</strong></span> <span class='ocrx_word' id='word_1_338' title='bbox 665 3959 693 4007; x_wconf 89' lang='lat' dir='ltr'><strong>in</strong></span> <span class='ocrx_word' id='word_1_339' title='bbox 713 3970 766 4020; x_wconf 75' lang='lat' dir='ltr'><strong>mg.</strong></span> <span class='ocrx_word' id='word_1_340' title='bbox 790 3957 895 4019; x_wconf 81' lang='lat' dir='ltr'><strong>Repeti.</strong></span> <span class='ocrx_word' id='word_1_341' title='bbox 922 3957 1035 4006; x_wconf 75' lang='lat' dir='ltr'><strong>Lamina</strong></span> <span class='ocrx_word' id='word_1_342' title='bbox 1065 3957 1109 4020; x_wconf 83' lang='lat' dir='ltr'><strong>qui</strong></span> <span class='ocrx_word' id='word_1_343' title='bbox 1126 3958 1197 4008; x_wconf 77' lang='lat' dir='ltr'><strong>istim</strong></span> <span class='ocrx_word' id='word_1_344' title='bbox 1214 3957 1252 4017; x_wconf 77' lang='lat' dir='ltr'><strong>Y,</strong></span> <span class='ocrx_word' id='word_1_345' title='bbox 1282 3959 1340 4021; x_wconf 74' lang='lat' dir='ltr'><strong>pute</strong></span> <span class='ocrx_word' id='word_1_346' title='bbox 1357 3965 1386 4008; x_wconf 84' lang='lat' dir='ltr'><strong>to</strong></span> <span class='ocrx_word' id='word_1_347' title='bbox 1404 3959 1445 4019; x_wconf 90' lang='lat' dir='ltr'><strong>M,</strong></span> <span class='ocrx_word' id='word_1_348' title='bbox 1477 3961 1521 4024; x_wconf 82' lang='lat' dir='ltr'><strong>qut</strong></span> <span class='ocrx_word' id='word_1_349' title='bbox 1540 3967 1626 4010; x_wconf 85' lang='lat' dir='ltr'><strong>tamen</strong></span> 
     </span>
     <span class='ocr_line' id='line_1_36' title="bbox 309 4023 1626 4092; baseline 0.002 -15"><span class='ocrx_word' id='word_1_350' title='bbox 309 4029 338 4086; x_wconf 89' lang='lat' dir='ltr'><strong>i,</strong></span> <span class='ocrx_word' id='word_1_351' title='bbox 359 4029 416 4092; x_wconf 76' lang='lat' dir='ltr'><strong>qnia</strong></span> <span class='ocrx_word' id='word_1_352' title='bbox 434 4036 489 4078; x_wconf 83' lang='lat' dir='ltr'><strong>tam</strong></span> <span class='ocrx_word' id='word_1_353' title='bbox 506 4027 560 4078; x_wconf 78' lang='lat' dir='ltr'><strong>RE.</strong></span> <span class='ocrx_word' id='word_1_354' title='bbox 581 4025 649 4092; x_wconf 77' lang='lat' dir='ltr'><strong>(quis</strong></span> <span class='ocrx_word' id='word_1_355' title='bbox 665 4029 737 4077; x_wconf 78' lang='lat' dir='ltr'><strong>istim</strong></span> <span class='ocrx_word' id='word_1_356' title='bbox 754 4041 780 4076; x_wconf 80' lang='lat' dir='ltr'><strong>se</strong></span> <span class='ocrx_word' id='word_1_357' title='bbox 800 4028 864 4077; x_wconf 78' lang='lat' dir='ltr'><strong>miti</strong></span> <span class='ocrx_word' id='word_1_358' title='bbox 880 4040 949 4076; x_wconf 81' lang='lat' dir='ltr'><strong>nune</strong></span> <span class='ocrx_word' id='word_1_359' title='bbox 968 4023 1148 4091; x_wconf 81' lang='lat' dir='ltr'><strong>Tuastaiius.)</strong></span> <span class='ocrx_word' id='word_1_360' title='bbox 1181 4050 1212 4062; x_wconf 87' lang='lat'>-</span> <span class='ocrx_word' id='word_1_361' title='bbox 1249 4027 1275 4076; x_wconf 79' lang='lat'><strong>2.</strong></span> <span class='ocrx_word' id='word_1_362' title='bbox 1303 4029 1358 4078; x_wconf 78' lang='lat' dir='ltr'><strong>iam</strong></span> <span class='ocrx_word' id='word_1_363' title='bbox 1384 4031 1452 4080; x_wconf 80' lang='lat' dir='ltr'><strong>onim</strong></span> <span class='ocrx_word' id='word_1_364' title='bbox 1478 4031 1500 4080; x_wconf 92' lang='lat'><strong>1.</strong></span> <span class='ocrx_word' id='word_1_365' title='bbox 1521 4055 1553 4067; x_wconf 92' lang='lat'>—</span> <span class='ocrx_word' id='word_1_366' title='bbox 1587 4031 1626 4080; x_wconf 84' lang='lat' dir='ltr'><strong>oi·</strong></span> 
     </span>
     <span class='ocr_line' id='line_1_37' title="bbox 308 4097 1626 4162; baseline 0 -13"><span class='ocrx_word' id='word_1_367' title='bbox 308 4099 382 4149; x_wconf 79' lang='lat' dir='ltr'><strong>diutia·</strong></span> <span class='ocrx_word' id='word_1_368' title='bbox 400 4113 440 4161; x_wconf 91' lang='lat' dir='ltr'><strong>pr.</strong></span> <span class='ocrx_word' id='word_1_369' title='bbox 459 4097 505 4155; x_wconf 82' lang='lat' dir='ltr'><strong>M.</strong></span> <span class='ocrx_word' id='word_1_370' title='bbox 527 4097 621 4147; x_wconf 66' lang='lat' dir='ltr'><strong>vitatu·</strong></span> <span class='ocrx_word' id='word_1_371' title='bbox 640 4099 680 4160; x_wconf 80' lang='lat' dir='ltr'><strong>u,</strong></span> <span class='ocrx_word' id='word_1_372' title='bbox 701 4098 787 4148; x_wconf 77' lang='lat' dir='ltr'><strong>Bionis·</strong></span> <span class='ocrx_word' id='word_1_373' title='bbox 803 4098 816 4146; x_wconf 92' lang='lat'>1</span> <span class='ocrx_word' id='word_1_374' title='bbox 835 4101 861 4147; x_wconf 89' lang='lat' dir='ltr'><strong>et</strong></span> <span class='ocrx_word' id='word_1_375' title='bbox 879 4110 948 4147; x_wconf 87' lang='lat' dir='ltr'><strong>corr.</strong></span> <span class='ocrx_word' id='word_1_376' title='bbox 968 4098 1012 4157; x_wconf 87' lang='lat' dir='ltr'><strong>M,</strong></span> <span class='ocrx_word' id='word_1_377' title='bbox 1033 4097 1059 4147; x_wconf 90' lang='lat' dir='ltr'><strong>in</strong></span> <span class='ocrx_word' id='word_1_378' title='bbox 1080 4111 1133 4162; x_wconf 87' lang='lat' dir='ltr'><strong>quo</strong></span> <span class='ocrx_word' id='word_1_379' title='bbox 1153 4110 1244 4146; x_wconf 83' lang='lat' dir='ltr'><strong>rursus</strong></span> <span class='ocrx_word' id='word_1_380' title='bbox 1262 4098 1381 4148; x_wconf 84' lang='lat' dir='ltr'><strong>deletum</strong></span> <span class='ocrx_word' id='word_1_381' title='bbox 1400 4104 1450 4149; x_wconf 87' lang='lat' dir='ltr'><strong>est.</strong></span> <span class='ocrx_word' id='word_1_382' title='bbox 1470 4122 1499 4138; x_wconf 89' lang='lat'><em>-</em></span> <span class='ocrx_word' id='word_1_383' title='bbox 1524 4100 1551 4150; x_wconf 97' lang='grc'><strong>3.</strong></span> <span class='ocrx_word' id='word_1_384' title='bbox 1570 4115 1626 4149; x_wconf 85' lang='lat' dir='ltr'><strong>mo·</strong></span> 
     </span>
     <span class='ocr_line' id='line_1_38' title="bbox 307 4167 1625 4231; baseline 0.001 -12"><span class='ocrx_word' id='word_1_385' title='bbox 307 4171 377 4220; x_wconf 75' lang='lat' dir='ltr'><strong>nimo</strong></span> <span class='ocrx_word' id='word_1_386' title='bbox 395 4169 416 4218; x_wconf 87' lang='lat'><strong>1.</strong></span> <span class='ocrx_word' id='word_1_387' title='bbox 443 4191 471 4203; x_wconf 91' lang='lat'>-</span> <span class='ocrx_word' id='word_1_388' title='bbox 509 4169 691 4218; x_wconf 83' lang='lat' dir='ltr'><strong>animadverto</strong></span> <span class='ocrx_word' id='word_1_389' title='bbox 710 4169 732 4217; x_wconf 90' lang='lat'><strong>1.</strong></span> <span class='ocrx_word' id='word_1_390' title='bbox 765 4193 793 4205; x_wconf 91' lang='lat'>-</span> <span class='ocrx_word' id='word_1_391' title='bbox 832 4168 858 4220; x_wconf 82' lang='lat'><strong>5.</strong></span> <span class='ocrx_word' id='word_1_392' title='bbox 880 4167 984 4216; x_wconf 79' lang='lat' dir='ltr'><strong>inbutus</strong></span> <span class='ocrx_word' id='word_1_393' title='bbox 1002 4181 1042 4231; x_wconf 86' lang='lat' dir='ltr'><strong>pr.</strong></span> <span class='ocrx_word' id='word_1_394' title='bbox 1062 4168 1107 4225; x_wconf 87' lang='grc' dir='ltr'><strong>Μ,</strong></span> <span class='ocrx_word' id='word_1_395' title='bbox 1136 4168 1247 4217; x_wconf 77' lang='lat' dir='ltr'><strong>tributim</strong></span> <span class='ocrx_word' id='word_1_396' title='bbox 1269 4173 1295 4217; x_wconf 87' lang='lat' dir='ltr'><strong>et</strong></span> <span class='ocrx_word' id='word_1_397' title='bbox 1312 4169 1413 4219; x_wconf 81' lang='lat' dir='ltr'><strong>dionius</strong></span> <span class='ocrx_word' id='word_1_398' title='bbox 1430 4183 1500 4220; x_wconf 83' lang='lat' dir='ltr'><strong>corr.</strong></span> <span class='ocrx_word' id='word_1_399' title='bbox 1520 4171 1547 4222; x_wconf 95' lang='lat' dir='ltr'><strong>M</strong></span> <span class='ocrx_word' id='word_1_400' title='bbox 1566 4170 1625 4230; x_wconf 88' lang='lat' dir='ltr'><strong>(sed</strong></span> 
     </span>
     <span class='ocr_line' id='line_1_39' title="bbox 308 4237 1622 4298; baseline 0.001 -8"><span class='ocrx_word' id='word_1_401' title='bbox 308 4239 407 4290; x_wconf 79' lang='lat' dir='ltr'><strong>bibulus</strong></span> <span class='ocrx_word' id='word_1_402' title='bbox 426 4251 519 4289; x_wconf 85' lang='lat' dir='ltr'><strong>rursus</strong></span> <span class='ocrx_word' id='word_1_403' title='bbox 537 4239 683 4298; x_wconf 83' lang='lat' dir='ltr'><strong>deletum),</strong></span> <span class='ocrx_word' id='word_1_404' title='bbox 704 4237 815 4288; x_wconf 78' lang='lat' dir='ltr'><strong>Reiiiins</strong></span> <span class='ocrx_word' id='word_1_405' title='bbox 833 4239 872 4296; x_wconf 81' lang='lat' dir='ltr'><strong>R,</strong></span> <span class='ocrx_word' id='word_1_406' title='bbox 892 4238 1000 4288; x_wconf 76' lang='lat' dir='ltr'><strong>Bibulus</strong></span> <span class='ocrx_word' id='word_1_407' title='bbox 1019 4237 1040 4287; x_wconf 89' lang='lat'><strong>1.</strong></span> <span class='ocrx_word' id='word_1_408' title='bbox 1063 4261 1091 4272; x_wconf 94' lang='lat'>-</span> <span class='ocrx_word' id='word_1_409' title='bbox 1117 4237 1284 4288; x_wconf 66' lang='lat' dir='ltr'><strong>aestimarit.</strong></span> <span class='ocrx_word' id='word_1_410' title='bbox 1307 4263 1338 4274; x_wconf 90' lang='lat'><strong>·-</strong></span> <span class='ocrx_word' id='word_1_411' title='bbox 1368 4239 1393 4290; x_wconf 83' lang='lat' dir='ltr'><strong>d.</strong></span> <span class='ocrx_word' id='word_1_412' title='bbox 1416 4238 1525 4290; x_wconf 80' lang='lat' dir='ltr'><strong>libenter</strong></span> <span class='ocrx_word' id='word_1_413' title='bbox 1541 4242 1573 4291; x_wconf 80' lang='lat' dir='ltr'><strong>R.</strong></span> <span class='ocrx_word' id='word_1_414' title='bbox 1594 4263 1622 4275; x_wconf 90' lang='lat'><em>-</em></span> 
     </span>
     <span class='ocr_line' id='line_1_40' title="bbox 307 4307 1623 4374; baseline -0.004 -12"><span class='ocrx_word' id='word_1_415' title='bbox 307 4311 334 4362; x_wconf 77' lang='lat'><strong>7.</strong></span> <span class='ocrx_word' id='word_1_416' title='bbox 354 4310 403 4361; x_wconf 81' lang='lat' dir='ltr'><strong>Sed</strong></span> <span class='ocrx_word' id='word_1_417' title='bbox 420 4324 475 4360; x_wconf 84' lang='lat' dir='ltr'><strong>non</strong></span> <span class='ocrx_word' id='word_1_418' title='bbox 492 4312 533 4359; x_wconf 78' lang='lat' dir='ltr'><strong>ito</strong></span> <span class='ocrx_word' id='word_1_419' title='bbox 550 4323 604 4358; x_wconf 82' lang='lat' dir='ltr'><strong>non</strong></span> <span class='ocrx_word' id='word_1_420' title='bbox 621 4325 676 4359; x_wconf 82' lang='lat' dir='ltr'><strong>meo</strong></span> <span class='ocrx_word' id='word_1_421' title='bbox 694 4310 790 4358; x_wconf 81' lang='lat' dir='ltr'><strong>iudicio</strong></span> <span class='ocrx_word' id='word_1_422' title='bbox 808 4321 878 4371; x_wconf 77' lang='lat' dir='ltr'><strong>spem</strong></span> <span class='ocrx_word' id='word_1_423' title='bbox 894 4307 964 4368; x_wconf 66' lang='grc' dir='ltr'><strong>ΜΒ,</strong></span> <span class='ocrx_word' id='word_1_424' title='bbox 997 4307 1118 4358; x_wconf 80' lang='lat' dir='ltr'><strong>sednon</strong></span> <span class='ocrx_word' id='word_1_425' title='bbox 1136 4310 1280 4358; x_wconf 81' lang='lat' dir='ltr'><strong>tamenim</strong></span> <span class='ocrx_word' id='word_1_426' title='bbox 1297 4322 1353 4358; x_wconf 78' lang='lat' dir='ltr'><strong>meo</strong></span> <span class='ocrx_word' id='word_1_427' title='bbox 1371 4311 1488 4360; x_wconf 81' lang='lat' dir='ltr'><strong>iudicio:</strong></span> <span class='ocrx_word' id='word_1_428' title='bbox 1513 4323 1582 4374; x_wconf 82' lang='lat' dir='ltr'><strong>spem</strong></span> <span class='ocrx_word' id='word_1_429' title='bbox 1600 4311 1623 4359; x_wconf 94' lang='lat' dir='ltr'><strong>l.</strong></span> 
     </span>
     <span class='ocr_line' id='line_1_41' title="bbox 309 4375 1621 4444; baseline -0.001 -13"><span class='ocrx_word' id='word_1_430' title='bbox 309 4381 478 4440; x_wconf 77' lang='lat' dir='ltr'><strong>(Correcmm</strong></span> <span class='ocrx_word' id='word_1_431' title='bbox 497 4393 528 4430; x_wconf 83' lang='lat' dir='ltr'><strong>ex</strong></span> <span class='ocrx_word' id='word_1_432' title='bbox 548 4377 592 4440; x_wconf 80' lang='lat' dir='ltr'><strong>Y.)</strong></span> <span class='ocrx_word' id='word_1_433' title='bbox 620 4403 647 4414; x_wconf 90' lang='lat'><em>-</em></span> <span class='ocrx_word' id='word_1_434' title='bbox 685 4378 712 4429; x_wconf 82' lang='lat'><strong>8.</strong></span> <span class='ocrx_word' id='word_1_435' title='bbox 731 4377 771 4442; x_wconf 81' lang='lat' dir='ltr'><strong>ut]</strong></span> <span class='ocrx_word' id='word_1_436' title='bbox 791 4386 839 4429; x_wconf 86' lang='lat' dir='ltr'><strong>out</strong></span> <span class='ocrx_word' id='word_1_437' title='bbox 859 4392 899 4441; x_wconf 91' lang='lat' dir='ltr'><strong>pr.</strong></span> <span class='ocrx_word' id='word_1_438' title='bbox 919 4379 956 4429; x_wconf 90' lang='lat' dir='ltr'><strong>M.</strong></span> <span class='ocrx_word' id='word_1_439' title='bbox 986 4401 1021 4413; x_wconf 90' lang='lat'><em>-</em></span> <span class='ocrx_word' id='word_1_440' title='bbox 1057 4378 1083 4428; x_wconf 81' lang='grc'><strong>3.</strong></span> <span class='ocrx_word' id='word_1_441' title='bbox 1102 4375 1159 4444; x_wconf 70' lang='lat' dir='ltr'><strong>epo]</strong></span> <span class='ocrx_word' id='word_1_442' title='bbox 1178 4391 1242 4442; x_wconf 78' lang='lat' dir='ltr'><strong>equo</strong></span> <span class='ocrx_word' id='word_1_443' title='bbox 1261 4391 1301 4441; x_wconf 83' lang='lat' dir='ltr'><strong>pr.</strong></span> <span class='ocrx_word' id='word_1_444' title='bbox 1322 4379 1359 4430; x_wconf 87' lang='lat' dir='ltr'><strong>M.</strong></span> <span class='ocrx_word' id='word_1_445' title='bbox 1381 4405 1408 4416; x_wconf 95' lang='lat'>-</span> <span class='ocrx_word' id='word_1_446' title='bbox 1447 4380 1572 4430; x_wconf 77' lang='lat' dir='ltr'><strong>utilisli.</strong></span> <span class='ocrx_word' id='word_1_447' title='bbox 1593 4406 1621 4418; x_wconf 94' lang='lat'><em>-</em></span> 
     </span>
     <span class='ocr_line' id='line_1_42' title="bbox 309 4443 1625 4517; baseline -0.001 -16"><span class='ocrx_word' id='word_1_448' title='bbox 309 4451 351 4501; x_wconf 84' lang='lat' dir='ltr'><strong>td.</strong></span> <span class='ocrx_word' id='word_1_449' title='bbox 371 4457 493 4517; x_wconf 78' lang='lat' dir='ltr'><strong>operator</strong></span> <span class='ocrx_word' id='word_1_450' title='bbox 511 4463 572 4498; x_wconf 88' lang='lat' dir='ltr'><strong>enm</strong></span> <span class='ocrx_word' id='word_1_451' title='bbox 592 4449 668 4499; x_wconf 74' lang='lat' dir='ltr'><strong>iibri·</strong></span> <span class='ocrx_word' id='word_1_452' title='bbox 689 4449 733 4499; x_wconf 78' lang='lat' dir='ltr'><strong>ut.</strong></span> <span class='ocrx_word' id='word_1_453' title='bbox 770 4446 907 4512; x_wconf 81' lang='lat' dir='ltr'><strong>(Correxit</strong></span> <span class='ocrx_word' id='word_1_454' title='bbox 924 4443 1083 4511; x_wconf 84' lang='lat' dir='ltr'><strong>Victorius.)</strong></span> <span class='ocrx_word' id='word_1_455' title='bbox 1117 4474 1145 4485; x_wconf 94' lang='lat'>-</span> <span class='ocrx_word' id='word_1_456' title='bbox 1182 4449 1307 4512; x_wconf 74' lang='lat' dir='ltr'><strong>profectis</strong></span> <span class='ocrx_word' id='word_1_457' title='bbox 1332 4463 1372 4512; x_wconf 88' lang='lat' dir='ltr'><strong>pr.</strong></span> <span class='ocrx_word' id='word_1_458' title='bbox 1391 4448 1434 4510; x_wconf 88' lang='lat' dir='ltr'><strong>M,</strong></span> <span class='ocrx_word' id='word_1_459' title='bbox 1463 4449 1625 4516; x_wconf 70' lang='lat' dir='ltr'><strong>profectori</strong></span> 
     </span>
     <span class='ocr_line' id='line_1_43' title="bbox 308 4514 1624 4584; baseline 0 -14"><span class='ocrx_word' id='word_1_460' title='bbox 308 4528 333 4570; x_wconf 86' lang='lat' dir='ltr'><strong>et</strong></span> <span class='ocrx_word' id='word_1_461' title='bbox 353 4535 423 4570; x_wconf 86' lang='lat' dir='ltr'><strong>corr.</strong></span> <span class='ocrx_word' id='word_1_462' title='bbox 442 4521 485 4580; x_wconf 89' lang='grc' dir='ltr'><strong>Μ,</strong></span> <span class='ocrx_word' id='word_1_463' title='bbox 503 4522 667 4584; x_wconf 67' lang='lat' dir='ltr'><strong>profecturos</strong></span> <span class='ocrx_word' id='word_1_464' title='bbox 685 4533 755 4568; x_wconf 81' lang='lat' dir='ltr'><strong>erum</strong></span> <span class='ocrx_word' id='word_1_465' title='bbox 774 4521 836 4570; x_wconf 76' lang='lat' dir='ltr'><strong>Asc.</strong></span> <span class='ocrx_word' id='word_1_466' title='bbox 856 4532 910 4568; x_wconf 87' lang='lat' dir='ltr'><strong>sec.</strong></span> <span class='ocrx_word' id='word_1_467' title='bbox 930 4541 955 4553; x_wconf 91' lang='lat'><em>—</em></span> <span class='ocrx_word' id='word_1_468' title='bbox 1002 4520 1044 4570; x_wconf 80' lang='lat'><strong>1⁷.</strong></span> <span class='ocrx_word' id='word_1_469' title='bbox 1064 4514 1196 4582; x_wconf 82' lang='lat' dir='ltr'><strong>quidaro]</strong></span> <span class='ocrx_word' id='word_1_470' title='bbox 1216 4519 1345 4581; x_wconf 67' lang='lat' dir='ltr'><strong>quietern</strong></span> <span class='ocrx_word' id='word_1_471' title='bbox 1364 4519 1393 4579; x_wconf 88' lang='grc' dir='ltr'><strong>Ι,</strong></span> <span class='ocrx_word' id='word_1_472' title='bbox 1419 4521 1507 4570; x_wconf 80' lang='lat' dir='ltr'><strong>videro</strong></span> <span class='ocrx_word' id='word_1_473' title='bbox 1527 4520 1624 4583; x_wconf 81' lang='lat' dir='ltr'><strong>«prisci</strong></span> 
     </span>
     <span class='ocr_line' id='line_1_44' title="bbox 308 4589 1625 4653; baseline -0.001 -12"><span class='ocrx_word' id='word_1_474' title='bbox 308 4591 499 4642; x_wconf 68' lang='lat' dir='ltr'><strong>uticensem</strong></span> <span class='ocrx_word' id='word_1_475' title='bbox 514 4590 613 4639; x_wconf 80' lang='lat' dir='ltr'><strong>Placet.</strong></span> <span class='ocrx_word' id='word_1_476' title='bbox 634 4589 685 4640; x_wconf 83' lang='lat' dir='ltr'><strong>On.</strong></span> <span class='ocrx_word' id='word_1_477' title='bbox 701 4613 731 4625; x_wconf 91' lang='lat'><em>-</em></span> <span class='ocrx_word' id='word_1_478' title='bbox 751 4589 794 4638; x_wconf 75' lang='lat'><strong>2⁰.</strong></span> <span class='ocrx_word' id='word_1_479' title='bbox 806 4589 975 4653; x_wconf 79' lang='lat' dir='ltr'><strong>perturbatus</strong></span> <span class='ocrx_word' id='word_1_480' title='bbox 989 4603 1144 4639; x_wconf 80' lang='lat' dir='ltr'><strong>cumeorum</strong></span> <span class='ocrx_word' id='word_1_481' title='bbox 1157 4597 1180 4639; x_wconf 81' lang='lat' dir='ltr'><strong>te</strong></span> <span class='ocrx_word' id='word_1_482' title='bbox 1195 4602 1251 4638; x_wconf 80' lang='lat' dir='ltr'><strong>eum</strong></span> <span class='ocrx_word' id='word_1_483' title='bbox 1262 4590 1327 4638; x_wconf 77' lang='lat' dir='ltr'><strong>mihi</strong></span> <span class='ocrx_word' id='word_1_484' title='bbox 1337 4597 1453 4650; x_wconf 76' lang='lat' dir='ltr'><strong>potestne</strong></span> <span class='ocrx_word' id='word_1_485' title='bbox 1465 4591 1625 4641; x_wconf 79' lang='lat' dir='ltr'><strong>deliberandi</strong></span> 
     </span>
     <span class='ocr_line' id='line_1_45' title="bbox 308 4659 1625 4722; baseline -0.002 -10"><span class='ocrx_word' id='word_1_486' title='bbox 308 4675 362 4712; x_wconf 84' lang='lat' dir='ltr'><strong>non</strong></span> <span class='ocrx_word' id='word_1_487' title='bbox 374 4669 436 4712; x_wconf 77' lang='lat' dir='ltr'><strong>esset</strong></span> <span class='ocrx_word' id='word_1_488' title='bbox 451 4667 481 4710; x_wconf 83' lang='lat' dir='ltr'><strong>ot</strong></span> <span class='ocrx_word' id='word_1_489' title='bbox 501 4661 540 4710; x_wconf 84' lang='lat' dir='ltr'><strong>tto</strong></span> <span class='ocrx_word' id='word_1_490' title='bbox 562 4667 648 4709; x_wconf 83' lang='lat' dir='ltr'><strong>tomen</strong></span> <span class='ocrx_word' id='word_1_491' title='bbox 668 4659 761 4716; x_wconf 82' lang='lat' dir='ltr'><strong>(verbo</strong></span> <span class='ocrx_word' id='word_1_492' title='bbox 775 4666 838 4709; x_wconf 79' lang='lat' dir='ltr'><strong>esset</strong></span> <span class='ocrx_word' id='word_1_493' title='bbox 853 4673 989 4722; x_wconf 80' lang='lat' dir='ltr'><strong>superser.</strong></span> <span class='ocrx_word' id='word_1_494' title='bbox 1009 4666 1046 4710; x_wconf 76' lang='lat' dir='ltr'><strong>est</strong></span> <span class='ocrx_word' id='word_1_495' title='bbox 1063 4660 1107 4709; x_wconf 77' lang='lat' dir='ltr'><strong>sed</strong></span> <span class='ocrx_word' id='word_1_496' title='bbox 1124 4665 1150 4710; x_wconf 88' lang='lat' dir='ltr'><strong>et</strong></span> <span class='ocrx_word' id='word_1_497' title='bbox 1167 4672 1260 4709; x_wconf 81' lang='lat' dir='ltr'><strong>rursus</strong></span> <span class='ocrx_word' id='word_1_498' title='bbox 1279 4659 1411 4722; x_wconf 87' lang='lat' dir='ltr'><strong>deletum,</strong></span> <span class='ocrx_word' id='word_1_499' title='bbox 1430 4661 1519 4711; x_wconf 80' lang='lat' dir='ltr'><strong>verbis</strong></span> <span class='ocrx_word' id='word_1_500' title='bbox 1540 4669 1571 4710; x_wconf 83' lang='lat' dir='ltr'><strong>ut</strong></span> <span class='ocrx_word' id='word_1_501' title='bbox 1584 4663 1625 4710; x_wconf 80' lang='lat' dir='ltr'><strong>ito</strong></span> 
     </span>
     <span class='ocr_line' id='line_1_46' title="bbox 309 4727 1625 4794; baseline -0.001 -14"><span class='ocrx_word' id='word_1_502' title='bbox 309 4745 442 4794; x_wconf 72' lang='lat' dir='ltr'><strong>superior.</strong></span> <span class='ocrx_word' id='word_1_503' title='bbox 461 4727 512 4792; x_wconf 83' lang='lat' dir='ltr'><strong>uti)</strong></span> <span class='ocrx_word' id='word_1_504' title='bbox 532 4729 573 4791; x_wconf 88' lang='lat' dir='ltr'><strong>M,</strong></span> <span class='ocrx_word' id='word_1_505' title='bbox 591 4730 722 4792; x_wconf 69' lang='lat' dir='ltr'><strong>prosector</strong></span> <span class='ocrx_word' id='word_1_506' title='bbox 739 4741 795 4777; x_wconf 83' lang='lat' dir='ltr'><strong>sum</strong></span> <span class='ocrx_word' id='word_1_507' title='bbox 813 4743 901 4780; x_wconf 85' lang='lat' dir='ltr'><strong>eornm</strong></span> <span class='ocrx_word' id='word_1_508' title='bbox 920 4738 1001 4780; x_wconf 83' lang='lat' dir='ltr'><strong>tecum</strong></span> <span class='ocrx_word' id='word_1_509' title='bbox 1018 4730 1081 4780; x_wconf 76' lang='lat' dir='ltr'><strong>miti</strong></span> <span class='ocrx_word' id='word_1_510' title='bbox 1097 4743 1126 4792; x_wconf 88' lang='lat' dir='ltr'><strong>p.</strong></span> <span class='ocrx_word' id='word_1_511' title='bbox 1145 4730 1171 4780; x_wconf 85' lang='lat' dir='ltr'><strong>d.</strong></span> <span class='ocrx_word' id='word_1_512' title='bbox 1191 4737 1318 4780; x_wconf 79' lang='lat' dir='ltr'><strong>nonest:</strong></span> <span class='ocrx_word' id='word_1_513' title='bbox 1343 4731 1386 4780; x_wconf 81' lang='lat' dir='ltr'><strong>aed</strong></span> <span class='ocrx_word' id='word_1_514' title='bbox 1403 4733 1443 4780; x_wconf 80' lang='lat' dir='ltr'><strong>uti</strong></span> <span class='ocrx_word' id='word_1_515' title='bbox 1461 4732 1504 4787; x_wconf 75' lang='lat' dir='ltr'><strong>n,</strong></span> <span class='ocrx_word' id='word_1_516' title='bbox 1521 4739 1625 4793; x_wconf 80' lang='lat' dir='ltr'><strong>pertur-</strong></span> 
     </span>
     <span class='ocr_line' id='line_1_47' title="bbox 308 4799 1622 4862; baseline -0.001 -11"><span class='ocrx_word' id='word_1_517' title='bbox 308 4801 384 4852; x_wconf 75' lang='lat' dir='ltr'><strong>botru</strong></span> <span class='ocrx_word' id='word_1_518' title='bbox 407 4814 464 4850; x_wconf 82' lang='lat' dir='ltr'><strong>sum</strong></span> <span class='ocrx_word' id='word_1_519' title='bbox 485 4814 574 4850; x_wconf 83' lang='lat' dir='ltr'><strong>corum</strong></span> <span class='ocrx_word' id='word_1_520' title='bbox 600 4807 623 4851; x_wconf 80' lang='lat' dir='ltr'><strong>te</strong></span> <span class='ocrx_word' id='word_1_521' title='bbox 648 4813 704 4847; x_wconf 84' lang='lat' dir='ltr'><strong>cum</strong></span> <span class='ocrx_word' id='word_1_522' title='bbox 727 4799 791 4848; x_wconf 77' lang='lat' dir='ltr'><strong>miii</strong></span> <span class='ocrx_word' id='word_1_523' title='bbox 818 4813 847 4862; x_wconf 86' lang='lat' dir='ltr'><strong>p.</strong></span> <span class='ocrx_word' id='word_1_524' title='bbox 874 4801 901 4850; x_wconf 89' lang='lat' dir='ltr'><strong>d.</strong></span> <span class='ocrx_word' id='word_1_525' title='bbox 929 4806 1059 4850; x_wconf 76' lang='lat' dir='ltr'><strong>nonest:</strong></span> <span class='ocrx_word' id='word_1_526' title='bbox 1090 4801 1134 4850; x_wconf 77' lang='lat' dir='ltr'><strong>aod</strong></span> <span class='ocrx_word' id='word_1_527' title='bbox 1151 4800 1190 4849; x_wconf 85' lang='lat' dir='ltr'><strong>uti</strong></span> <span class='ocrx_word' id='word_1_528' title='bbox 1209 4800 1231 4848; x_wconf 85' lang='lat'><strong>1.</strong></span> <span class='ocrx_word' id='word_1_529' title='bbox 1268 4801 1400 4854; x_wconf 76' lang='lat' dir='ltr'><strong>(Correxit</strong></span> <span class='ocrx_word' id='word_1_530' title='bbox 1419 4801 1572 4858; x_wconf 78' lang='lat' dir='ltr'><strong>Victorius.)</strong></span> <span class='ocrx_word' id='word_1_531' title='bbox 1593 4825 1622 4838; x_wconf 93' lang='lat'>-</span> 
     </span>
     <span class='ocr_line' id='line_1_48' title="bbox 308 4868 1624 4935; baseline -0.001 -13"><span class='ocrx_word' id='word_1_532' title='bbox 308 4873 353 4922; x_wconf 68' lang='lat'><strong>22.</strong></span> <span class='ocrx_word' id='word_1_533' title='bbox 381 4872 487 4922; x_wconf 65' lang='lat' dir='ltr'><strong>statium</strong></span> <span class='ocrx_word' id='word_1_534' title='bbox 510 4871 616 4921; x_wconf 80' lang='lat' dir='ltr'><strong>accedat</strong></span> <span class='ocrx_word' id='word_1_535' title='bbox 635 4883 674 4933; x_wconf 89' lang='lat' dir='ltr'><strong>pr.</strong></span> <span class='ocrx_word' id='word_1_536' title='bbox 694 4868 737 4928; x_wconf 90' lang='lat' dir='ltr'><strong>M,</strong></span> <span class='ocrx_word' id='word_1_537' title='bbox 766 4868 849 4918; x_wconf 84' lang='lat' dir='ltr'><strong>italio</strong></span> <span class='ocrx_word' id='word_1_538' title='bbox 867 4871 973 4919; x_wconf 69' lang='lat' dir='ltr'><strong>excedat</strong></span> <span class='ocrx_word' id='word_1_539' title='bbox 991 4869 1027 4920; x_wconf 79' lang='lat' dir='ltr'><strong>ut</strong></span> <span class='ocrx_word' id='word_1_540' title='bbox 1047 4875 1073 4920; x_wconf 89' lang='lat' dir='ltr'><strong>et</strong></span> <span class='ocrx_word' id='word_1_541' title='bbox 1091 4883 1162 4920; x_wconf 86' lang='lat' dir='ltr'><strong>eurr.</strong></span> <span class='ocrx_word' id='word_1_542' title='bbox 1182 4869 1220 4920; x_wconf 90' lang='grc' dir='ltr'><strong>Μ.</strong></span> <span class='ocrx_word' id='word_1_543' title='bbox 1249 4869 1294 4929; x_wconf 85' lang='lat' dir='ltr'><strong>(Ut</strong></span> <span class='ocrx_word' id='word_1_544' title='bbox 1316 4883 1381 4930; x_wconf 85' lang='lat' dir='ltr'><strong>nos,</strong></span> <span class='ocrx_word' id='word_1_545' title='bbox 1402 4870 1554 4922; x_wconf 78' lang='lat' dir='ltr'><strong>Victoriana</strong></span> <span class='ocrx_word' id='word_1_546' title='bbox 1573 4869 1624 4935; x_wconf 88' lang='lat' dir='ltr'><strong>pr.)</strong></span> 
     </span>
     <span class='ocr_line' id='line_1_49' title="bbox 309 4939 1624 5006; baseline -0.002 -14"><span class='ocrx_word' id='word_1_547' title='bbox 309 4941 353 4993; x_wconf 76' lang='lat' dir='ltr'><strong>ut.</strong></span> <span class='ocrx_word' id='word_1_548' title='bbox 373 4939 445 5006; x_wconf 73' lang='lat' dir='ltr'><strong>quid]</strong></span> <span class='ocrx_word' id='word_1_549' title='bbox 465 4941 534 5004; x_wconf 78' lang='lat' dir='ltr'><strong>quod</strong></span> <span class='ocrx_word' id='word_1_550' title='bbox 553 4954 593 5004; x_wconf 90' lang='lat' dir='ltr'><strong>pr.</strong></span> <span class='ocrx_word' id='word_1_551' title='bbox 612 4940 650 4990; x_wconf 91' lang='lat' dir='ltr'><strong>M.</strong></span> <span class='ocrx_word' id='word_1_552' title='bbox 680 4962 711 4975; x_wconf 92' lang='lat'><em>-</em></span> <span class='ocrx_word' id='word_1_553' title='bbox 747 4939 791 4989; x_wconf 76' lang='lat'><strong>25.</strong></span> <span class='ocrx_word' id='word_1_554' title='bbox 810 4952 938 4989; x_wconf 79' lang='lat' dir='ltr'><strong>summum</strong></span> <span class='ocrx_word' id='word_1_555' title='bbox 955 4941 1045 4990; x_wconf 63' lang='grc'><strong>13.-</strong></span> <span class='ocrx_word' id='word_1_556' title='bbox 1079 4940 1123 4990; x_wconf 72' lang='lat'><strong>28.</strong></span> <span class='ocrx_word' id='word_1_557' title='bbox 1149 4953 1205 4989; x_wconf 81' lang='lat' dir='ltr'><strong>oum</strong></span> <span class='ocrx_word' id='word_1_558' title='bbox 1228 4941 1337 5004; x_wconf 73' lang='lat' dir='ltr'><strong>[ortano</strong></span> <span class='ocrx_word' id='word_1_559' title='bbox 1361 4939 1422 4990; x_wconf 78' lang='lat' dir='ltr'><strong>inm</strong></span> <span class='ocrx_word' id='word_1_560' title='bbox 1451 4941 1526 4991; x_wconf 86' lang='lat' dir='ltr'><strong>tibris</strong></span> <span class='ocrx_word' id='word_1_561' title='bbox 1553 4941 1624 4993; x_wconf 84' lang='lat' dir='ltr'><strong>uotis</strong></span> 
     </span>
     <span class='ocr_line' id='line_1_50' title="bbox 310 5009 1622 5075; baseline 0.002 -14"><span class='ocrx_word' id='word_1_562' title='bbox 310 5013 432 5062; x_wconf 84' lang='lat' dir='ltr'><strong>omiti.</strong></span> <span class='ocrx_word' id='word_1_563' title='bbox 469 5011 665 5073; x_wconf 82' lang='lat' dir='ltr'><strong>(supplendum</strong></span> <span class='ocrx_word' id='word_1_564' title='bbox 693 5010 759 5060; x_wconf 81' lang='lat' dir='ltr'><strong>vidit</strong></span> <span class='ocrx_word' id='word_1_565' title='bbox 786 5009 961 5073; x_wconf 84' lang='lat' dir='ltr'><strong>Maiaspina.)</strong></span> <span class='ocrx_word' id='word_1_566' title='bbox 989 5035 1017 5048; x_wconf 87' lang='lat'>-</span> <span class='ocrx_word' id='word_1_567' title='bbox 1055 5009 1099 5059; x_wconf 85' lang='grc'><strong>33.</strong></span> <span class='ocrx_word' id='word_1_568' title='bbox 1130 5011 1232 5075; x_wconf 66' lang='lat' dir='ltr'><strong>aiddu</strong></span> <span class='ocrx_word' id='word_1_569' title='bbox 1250 5009 1272 5060; x_wconf 93' lang='lat'><strong>1.</strong></span> <span class='ocrx_word' id='word_1_570' title='bbox 1294 5033 1322 5046; x_wconf 89' lang='lat'>-</span> <span class='ocrx_word' id='word_1_571' title='bbox 1359 5011 1506 5063; x_wconf 72' lang='lat' dir='ltr'><strong>adhibenda</strong></span> <span class='ocrx_word' id='word_1_572' title='bbox 1530 5013 1563 5062; x_wconf 83' lang='lat' dir='ltr'><strong>lt.</strong></span> <span class='ocrx_word' id='word_1_573' title='bbox 1592 5034 1622 5046; x_wconf 93' lang='lat'>-</span> 
     </span>
     <span class='ocr_line' id='line_1_51' title="bbox 310 5079 1097 5144; baseline -0.008 -8"><span class='ocrx_word' id='word_1_574' title='bbox 310 5082 355 5136; x_wconf 78' lang='grc'><strong>34.</strong></span> <span class='ocrx_word' id='word_1_575' title='bbox 373 5083 408 5133; x_wconf 80' lang='lat' dir='ltr'><strong>n&#39;t</strong></span> <span class='ocrx_word' id='word_1_576' title='bbox 425 5085 488 5132; x_wconf 83' lang='lat' dir='ltr'><strong>ante</strong></span> <span class='ocrx_word' id='word_1_577' title='bbox 506 5094 563 5131; x_wconf 80' lang='lat' dir='ltr'><strong>eum</strong></span> <span class='ocrx_word' id='word_1_578' title='bbox 581 5095 642 5131; x_wconf 87' lang='lat' dir='ltr'><strong>oum</strong></span> <span class='ocrx_word' id='word_1_579' title='bbox 661 5080 717 5132; x_wconf 85' lang='lat' dir='ltr'><strong>lae.</strong></span> <span class='ocrx_word' id='word_1_580' title='bbox 737 5080 865 5132; x_wconf 85' lang='lat' dir='ltr'><strong>Gronorii</strong></span> <span class='ocrx_word' id='word_1_581' title='bbox 884 5080 973 5144; x_wconf 83' lang='lat' dir='ltr'><strong>operis</strong></span> <span class='ocrx_word' id='word_1_582' title='bbox 990 5093 1046 5130; x_wconf 91' lang='lat' dir='ltr'><strong>om.</strong></span> <span class='ocrx_word' id='word_1_583' title='bbox 1066 5079 1097 5130; x_wconf 79' lang='lat' dir='ltr'><strong>u.</strong></span> 
     </span>
    </p>
   </div>
   <div class='ocr_carea' id='block_1_8' title="bbox 0 0 1844 5944">
    <p class='ocr_par' dir='ltr' id='par_1_15' title="bbox 0 0 1844 5944">
     <span class='ocr_line' id='line_1_52' title="bbox 0 0 1844 5944; baseline 0 0"><span class='ocrx_word' id='word_1_584' title='bbox 0 0 1844 5944; x_wconf 95' lang='lat' dir='ltr'><strong> </strong></span> 
     </span>
    </p>
   </div>
  </div>
 </body>
</html>
