3656 5868
496 443 1125 532 mummmmmc
1465 445 1507 511 m

179 615 333 695 quaestor
354 603 493 692 optatior
513 601 680 688 obtingere
700 621 795 668 nemo
808 601 921 688 potuit.
965 601 1180 680 Quamobrem
1201 622 1406 690 quaecunque
1421 625 1440 669 a
1458 623 1509 668 me

180 711 369 768 ornamenta
390 699 424 764 in
445 708 477 763 te
498 695 739 783 proficiscentur
760 701 816 770 ⁰,
848 705 885 761 ut
916 717 1026 762 omnes
1056 696 1230 782 intelligant
1256 719 1275 762 a
1296 719 1347 764 me
1372 697 1510 764 babitum

182 815 253 862 esse
273 795 431 860 rationem
452 803 524 858 tuae
546 791 766 877 maiorumque
787 800 916 856 tuorum
939 791 1108 877 dignitatis.
1152 789 1214 858 Sed
1237 791 1270 858 id
1291 791 1414 859 facilius
1436 814 1512 859 cou-

181 909 314 976 aequm,
336 887 363 952 si
386 885 425 952 ad
447 885 553 950 mein
575 885 716 952 Ciliciam
739 883 880 964 venerim
908 885 994 973 quod
1015 905 1076 971 ego
1098 894 1129 951 et
1150 905 1221 952 mea
1243 894 1275 952 et
1296 887 1344 952 rei
1366 885 1510 973 publicae

182 992 216 1049 et
237 981 375 1048 maxime
398 990 452 1047 tna
473 981 626 1047 interesse
648 977 797 1045 arbitror.
1521 983 1535 1028 s

729 1329 881 1392 umam
900 1331 973 1394 111.

302 1497 384 1572 Ab
422 1495 660 1572 APPIUM
694 1492 1016 1574 CLAUDIUM
1052 1495 1399 1576 PULCHRUM.

768 1683 936 1696 *-

680 1811 1021 1896 cmccml

605 1927 749 1992 occano
772 1927 888 1991 maro
910 1929 989 1992 nir.
1012 1931 1043 1993 s,
1066 1931 1103 1993 n.

190 2075 220 2137 l.
264 2047 314 2136 St
334 2067 403 2154 ipsa
424 2087 478 2132 res
499 2063 625 2152 publica
642 2064 701 2132 tibi
715 2087 848 2132 narrare
866 2075 988 2152 posset,
1010 2067 1172 2153 quomodo
1190 2089 1259 2136 sose
1281 2067 1432 2146 baberet,
1454 2091 1518 2137 nou

188 2161 313 2230 lucilius
335 2183 377 2228 ex
398 2179 436 2225 ea
458 2180 650 2248 cognoscere
672 2180 798 2247 posses,
831 2182 926 2248 quarn
955 2181 996 2226 ex
1018 2159 1132 2248 libssiw
1159 2173 1215 2229 tuo
1236 2162 1370 2243 Phania;
1406 2164 1449 2230 ita
1472 2173 1521 2229 est
1598 2144 1624 2240 έ

188 2260 288 2326 bomo
309 2277 374 2323 non
402 2254 499 2321 modo
529 2254 685 2341 pmdens,
722 2255 967 2331 verumetiam,
1003 2255 1090 2342 qnod
1111 2257 1212 2332 iuvet,
1235 2257 1390 2326 curiosus.
1433 2262 1557 2338 Qua-¹⁰

189 2361 323 2441 propter
344 2351 398 2416 ille
421 2347 478 2414 tibi
500 2349 606 2416 omnia
628 2348 826 2435 explanabit;
858 2348 891 2415 id
917 2349 1002 2414 enim
1028 2350 1105 2416 mihi
1131 2360 1163 2416 et
1190 2351 1231 2418 ad
1258 2349 1445 2418 brevitatem
1472 2361 1521 2418 est

188 2447 294 2534 aptius
316 2453 348 2510 et
368 2443 409 2509 ad
431 2443 572 2530 reliquas
592 2462 645 2508 res
666 2441 893 2529 providentius.
934 2448 982 2510 lle
1001 2465 1073 2510 mea
1090 2454 1196 2512 autem
1211 2445 1429 2514 benevolentia
1443 2467 1520 2532 erga

191 2549 239 2616 te,
272 2539 332 2606 etsi
353 2546 444 2624 potes
466 2557 507 2601 ex
529 2536 642 2603 eodem
663 2536 782 2602 Phania
806 2558 1013 2623 cognoscere,
1047 2547 1150 2606 tamen
1179 2540 1327 2606 videntur
1347 2543 1443 2608 etiam
1464 2541 1522 2608 ali·

190 2656 273 2722 quae
295 2652 386 2698 meae
408 2639 525 2718 partes.
569 2629 621 2696 Sic
642 2630 726 2696 enim
749 2630 805 2697 tibi
826 2633 997 2719 persuade,
1019 2631 1216 2700 carissimum
1229 2644 1259 2700 te
1274 2635 1351 2702 mibi
1366 2657 1434 2702 esse
1448 2657 1520 2702 cum

189 2735 323 2816 propter
344 2725 458 2791 multas
477 2723 647 2790 suavitates
669 2724 801 2810 ingenii,
824 2725 933 2801 officii,
955 2725 1157 2794 humanitatis
1172 2738 1260 2812 tua-tc,
1284 2738 1351 2796 tum
1372 2728 1458 2818 quod
1479 2750 1520 2794 ea
1532 2745 1558 2789 1⁵
1625 2717 1647 2790 3

190 2820 253 2886 tuis
274 2819 389 2885 litteris
411 2827 501 2883 etex
515 2817 686 2884 multorum
705 2818 904 2886 sermonibus
927 2821 1068 2906 intelligo
1090 2823 1213 2898 omnia,
1236 2843 1353 2911 gunea
1375 2843 1426 2888 mc
1448 2841 1522 2908 pro·

50 2979 54 2984 .
189 2913 273 2982 lecta
295 2911 422 2978 suntin
444 2921 491 2987 te,
523 2910 582 2976 tibi
603 2911 755 2978 accidisse
776 2913 964 2998 gramsima.
1008 2914 1102 2993 Quod
1124 2935 1196 2980 cum
1218 2916 1262 2981 ita
1283 2915 1339 2991 sit,
1361 2914 1520 3002 perficiam

190 3005 356 3096 proiecto,
388 3013 425 3071 ut
451 3006 537 3090 longi
559 3005 711 3091 temporis
732 3027 884 3081 usuram,
921 3029 982 3095 qua
1016 3010 1176 3076 caruimus
1205 3009 1383 3075 intermissa
1413 3019 1521 3075 nostra

190 3099 436 3176 consuetudine,
464 3108 496 3165 et
516 3098 617 3184 gratm
639 3108 672 3164 et
692 3097 861 3166 crebritate
883 3109 915 3166 et
935 3101 1150 3186 magnitudine
1173 3103 1350 3168 officiorum
1376 3122 1521 3170 meorum

190 3197 347 3272 sarciam3
376 3193 473 3280 idque
494 3215 560 3268 me,
597 3194 748 3280 quoniam
770 3201 805 3259 tu
827 3194 869 3259 ita
892 3194 958 3270 vis,
986 3204 1063 3282 puto
1086 3216 1149 3261 non
1170 3195 1268 3262 inrita
1277 3189 1559 3284 iidinervalessew

191 3289 365 3355 iacturum:
379 3283 493 3384 (ψῃ
525 3286 653 3373 quidem
676 3283 765 3380 eg0,)
784 3287 811 3352 si
848 3287 931 3354 lorte
958 3288 998 3356 de
1024 3288 1086 3355 tuis
1118 3309 1301 3376 sumpsero,
1317 3289 1398 3366 (non
1419 3275 1520 3356 s'olum
1561 3289 1625 3366 74

192 3384 378 3457 liettoldo,
401 3381 457 3447 sed
478 3381 573 3446 etiarn
593 3383 767 3447 Ἀπκιᾶδα
789 3381 971 3448 nominabo.
1027 3387 1058 3450 2.
1081 3383 1163 3450 Cilix
1186 3383 1316 3450 libertus
1337 3392 1409 3449 tuus
1431 3391 1522 3448 antea
1603 3374 1618 3456 ἐ

192 3476 270 3544 mibi
291 3476 395 3560 minus
416 3475 477 3541 fuit
497 3483 607 3552 notus;
630 3474 702 3550 sed,
726 3482 761 3540 ut
781 3475 859 3541 mibi
873 3383 1010 3543 reddiit
1023 3497 1042 3542 a
1057 3485 1088 3542 te
1102 3478 1221 3544 litteras
1227 3453 1343 3564 ‘oleum
1358 3484 1390 3541 et
1405 3473 1523 3541 amoris

193 3582 225 3638 et
245 3570 355 3644 officii,
378 3567 511 3636 mirilico
532 3570 601 3656 ipse
615 3589 674 3634 suo
689 3589 837 3636 sermone
851 3569 1036 3637 subsecutus
1050 3580 1097 3636 est
1110 3571 1333 3637 humanitatem
1347 3571 1522 3637 litterarum

193 3675 330 3731 tuarum.
379 3663 518 3730 incunda
540 3662 618 3728 mibi
639 3664 709 3730 eius
731 3663 834 3730 oratio
857 3664 932 3740 luit,
962 3685 1034 3732 cum
1051 3665 1091 3731 de
1112 3666 1219 3732 animo
1242 3675 1313 3740 tno,
1341 3665 1381 3731 de
1403 3680 1560 3732 sermo-¹³

193 3757 305 3834 nibus,
326 3777 408 3844 qnos
428 3755 469 3822 de
489 3777 542 3824 me
563 3755 699 3824 haberes
720 3752 875 3845 quotidie,
898 3758 976 3825 mibi
997 3768 1152 3826 narraret.
1197 3756 1283 3837 Quid
1303 3757 1452 3845 quaerist
1474 3757 1524 3822 Bi·

193 3851 258 3918 duo
279 3849 381 3918 iactus
402 3863 451 3916 est
471 3850 549 3916 mibi
570 3849 749 3925 familiaris,
773 3851 816 3917 ita
838 3860 958 3927 temen
980 3862 1016 3918 ut
1036 3852 1186 3919 Phaniam
1207 3852 1299 3920 valde
1321 3852 1381 3918 sim
1401 3849 1525 3917 deside-

194 3955 338 4023 raturns3
372 3965 467 4032 quun
489 3965 561 4010 cum
588 3948 719 4012 Romam
749 3943 907 4020 remittes,
941 3945 1042 4032 qnod,
1078 3955 1114 4012 ut
1139 3945 1341 4032 putabamus,
1377 3941 1523 4010 celeriter

194 4059 268 4106 eras
289 4038 443 4114 lecturus,
465 4036 614 4104 omnibns
634 4038 665 4104 ei
686 4037 726 4104 de
748 4035 860 4114 rebus,
883 4059 962 4125 qnas
984 4039 1050 4125 agi,
1073 4061 1152 4127 quas
1173 4041 1279 4106 csrrari
1300 4060 1319 4105 a
1340 4058 1392 4104 me
1414 4038 1522 4110 voles,

194 4131 341 4200 manduc
363 4132 419 4199 des
441 4131 547 4198 velim.
605 4135 636 4198 3.
673 4136 708 4198 L.
730 4132 911 4208 Valerium,
941 4133 1210 4210 iureconsultum,
1245 4132 1337 4200 valde
1358 4130 1416 4197 tibi
1437 4148 1560 4195 com-ao

194 4225 327 4306 urendo;
349 4225 404 4292 sed
426 4225 470 4291 ita
490 4226 602 4302 etiem,
625 4225 652 4291 si
674 4247 738 4292 non
759 4234 806 4290 est
827 4226 898 4292 iure
920 4217 1106 4293 consutus?
1132 4227 1245 4294 Melius
1267 4227 1351 4292 enim
1365 4226 1396 4290 ei
1409 4241 1523 4290 cavere

195 4321 284 4397 volo,
306 4341 402 4406 qnam
423 4319 491 4406 ipse
513 4319 583 4386 aliis
605 4319 694 4385 solet.
749 4319 847 4386 Valde
865 4319 1025 4386 bominem
1047 4311 1160 4407 diligo;
1184 4331 1231 4388 est
1252 4340 1293 4387 ex
1315 4320 1394 4389 meis
1414 4318 1525 4384 dome·

194 4413 280 4480 sticis
312 4424 406 4501 atque
442 4413 561 4478 intimis
596 4411 815 4479 iamiliaribns.
872 4412 1010 4479 Omnino
1031 4412 1089 4480 tibi
1110 4415 1176 4500 agit
1196 4415 1330 4501 gratiam
1365 4410 1523 4478 sedidem

194 4505 306 4574 scribit
329 4527 417 4573 meas
445 4506 565 4572 litteras
591 4506 764 4573 maximum
792 4506 876 4594 apud
905 4516 937 4572 te
956 4507 1081 4593 pondus
1102 4507 1275 4575 habituras.
1332 4506 1368 4572 ld
1389 4525 1462 4570 cum
1482 4523 1523 4568 ne

194 4600 298 4676 fallat,
321 4610 352 4665 te
374 4600 470 4666 etiam
491 4609 586 4688 atque
608 4600 702 4666 ctiam
724 4621 815 4685 mgo.
1533 4616 1561 4662 so

264 4763 291 4814 2.
310 4765 341 4814 tn
357 4762 514 4816 Manutius:
539 4765 576 4814 od
591 4762 652 4815 titt.
668 4789 698 4801 -
719 4763 845 4816 Deiectus
866 4765 975 4828 signum
1000 4778 1055 4816 om.
1076 4765 1113 4826 Ἐς
1133 4765 1273 4817 elaborabo
1294 4763 1401 4828 supplet
1414 4773 1469 4825 mg.
1483 4761 1522 4812 rt.

195 4831 268 4884 ron.
287 4836 317 4884 to
334 4840 360 4883 tc
370 4839 512 4896 potamos,
529 4835 738 4900 proficiscentur.
757 4834 813 4885 Cir.
828 4847 888 4885 mor
901 4849 928 4900 p.
942 4834 988 4886 36.
1003 4850 1029 4887 r.
1044 4837 1087 4887 il.
1108 4836 1188 4887 llam.
1205 4860 1234 4874 -
1256 4835 1298 4886 ac.
1326 4833 1396 4898 quod
1413 4833 1466 4884 inat
1483 4831 1521 4883 lt.

195 4901 268 4954 Fort.
295 4905 383 4968 guone
400 4906 489 4966 tuost,
510 4905 528 4956 Ι.
548 4917 576 4956 e.
596 4905 642 4963 m,
663 4910 691 4955 ut
710 4905 839 4956 molestos
863 4918 917 4956 non
942 4904 998 4957 tint.
1022 4904 1074 4958 oa.
1099 4902 1179 4970 (guod
1197 4905 1253 4958 vids·
1271 4903 1355 4956 codd.
1374 4901 1475 4966 itegtt.)
1492 4925 1522 4937 -

195 4975 239 5026 ii.
258 4975 328 5024 enim
345 4973 409 5024 mitt
425 4989 481 5026 om.
501 4973 532 5025 ii.
555 4997 586 5012 -
613 4975 659 5026 22.
679 4971 817 5026 Παλλάδα
834 4975 880 5027 M:
899 4975 1015 5026 reuoca
1032 4975 1063 5028 E.
1086 4999 1112 5011 -
1140 4977 1264 5040 Appiaria
1281 4975 1342 5027 ltu.
1365 4998 1392 5009 -
1413 4973 1457 5024 28.
1475 4986 1523 5035 pss-

195 5050 283 5096 Μ
300 5043 419 5096 timeant
437 5043 582 5110 typotheta.
603 5068 635 5084 -
670 5045 716 5097 ³0.
735 5045 872 5096 mulum
891 5045 1020 5098 Valerium
1037 5045 1076 5099 tt·
1096 5069 1128 5082 -
1163 5046 1208 5098 ³1.
1226 5048 1284 5098 tore
1300 5044 1431 5096 emunitus
1448 5042 1524 5094 Oret·

195 5113 267 5166 itast
285 5113 477 5167 mmmdcc
493 5114 554 5167 ltu.
575 5139 606 5154 -
644 5114 864 5168 ³5.teom.1tl.
