3656 5868
647 425 721 488 LlB.
743 427 780 491 v.
821 425 881 488 ΕΡ.
905 423 954 488 16.
978 425 1028 488 17.
1469 429 1507 493 81

167 565 412 659 {immortalitas
434 581 614 670 illapotius
635 603 728 669 quam
749 601 837 646 mors
857 579 999 646 ducenda
1019 559 1087 662 sic)
1114 579 1162 646 sin
1190 582 1231 647 sit
1250 582 1397 659 amissus,
1426 585 1511 650 nulla
1565 631 1579 662 ,
1603 583 1631 684 ζ

190 678 295 746 videri
315 677 443 743 miseria
465 674 590 751 debeat,
613 696 693 762 quae
715 695 779 740 non
801 674 965 740 sentiatur:
988 673 1048 738 boc
1069 683 1249 740 tamennon
1271 675 1414 743 dubitans
1436 699 1510 744 con-

190 772 319 837 lirmare
344 790 488 857 possum,
518 790 555 833 ea
575 769 719 843 misceri,
740 769 862 854 parari,
891 767 1073 854 impendere
1095 769 1142 833 rei
1164 769 1323 855 publicae,
1353 792 1433 858 quae
1455 772 1509 859 qui

190 866 372 952 reliquerit,
406 863 493 929 nullo
521 860 617 928 modo
645 862 722 927 nribi
750 861 875 948 quidem
903 861 1051 947 deceptus
1073 883 1140 927 esse
1162 862 1315 929 videatur.
1359 865 1443 942 Quid
1464 874 1510 930 est

191 959 277 1024 enim
299 959 361 1024 iam
384 978 447 1022 non
467 955 563 1030 modo
585 955 713 1042 pudori,
738 955 903 1040 probitati,
933 956 1057 1030 virtuti,
1083 956 1177 1021 rectis
1199 957 1326 1033 studiis,
1348 957 1440 1024 bonis
1462 981 1533 1024 ar·s

191 1052 293 1124 tibus,
323 1051 378 1117 sed
407 1051 535 1116 omuino
563 1048 700 1114 libertati
727 1070 763 1113 ac
792 1049 883 1114 saluti
911 1049 994 1115 loci?
1027 1055 1094 1114 Noa
1122 1050 1301 1116 mehercule
1322 1074 1511 1139 quemquam

192 1147 303 1212 audivi
324 1146 385 1212 boc
405 1143 591 1230 gravissimo
614 1153 645 1208 et
666 1142 919 1228 pestilentissimo
938 1163 1019 1208 anno
1034 1144 1298 1210 adolescentulum
1313 1158 1365 1210 aut
1378 1166 1511 1232 puemm

192 1250 371 1314 mortuum,
401 1238 456 1325 qui
492 1237 570 1302 mibi
598 1257 662 1302 non
689 1258 708 1300 a
735 1235 795 1301 diis
824 1235 1054 1302 immortalibus
1087 1249 1213 1324 ereptus
1246 1260 1287 1303 ex
1307 1238 1356 1304 his
1378 1239 1512 1305 miseriis

193 1343 288 1418 atque
310 1353 351 1396 ex
371 1330 566 1419 iniquissima
587 1330 772 1396 condicione
793 1330 874 1395 vitae
890 1330 1060 1396 videretur.
1103 1336 1135 1396 5.
1159 1335 1279 1409 Quare,
1302 1332 1330 1398 si
1343 1331 1401 1397 tibi
1416 1355 1512 1400 unum

193 1427 256 1492 hoc
275 1424 397 1490 detrahi
418 1434 538 1510 potest,
560 1445 600 1488 ne
622 1423 698 1511 quid
719 1423 775 1498 iis,
798 1445 877 1511 quos
896 1425 1019 1499 amasti,
1042 1424 1116 1489 mali
1130 1433 1221 1511 putes
1236 1426 1419 1511 contigisse,
1441 1447 1551 1514 per-ro

193 1520 328 1585 multum
350 1519 412 1583 erit
433 1540 474 1583 ex
493 1538 638 1583 maerore
656 1527 711 1582 tuo
730 1517 933 1582 deminutum.
976 1518 1183 1605 Relinquetur
1203 1519 1287 1584 cuim
1308 1521 1440 1608 simplex
1461 1523 1513 1586 illa

193 1614 259 1679 iam
287 1634 363 1678 cura
383 1611 502 1678 doloris
529 1612 590 1686 tui,
624 1631 705 1697 quae
733 1632 797 1676 non
825 1630 896 1675 cum
922 1611 984 1676 illis
1013 1611 1310 1688 communicabitur,
1345 1615 1401 1680 sed
1422 1613 1462 1680 ad
1482 1622 1513 1680 te

193 1708 300 1794 ipsum
320 1705 449 1792 proprie
464 1705 637 1782 reseretur3
664 1704 698 1769 in
720 1725 781 1791 qua
801 1725 865 1769 non
887 1712 933 1770 cst
947 1704 1010 1769 iam
1028 1705 1188 1789 gravitatis
1204 1715 1236 1771 et
1250 1706 1419 1792 sapientiae
1430 1717 1512 1784 tuae,

194 1823 290 1888 quam
313 1810 346 1866 tu
367 1821 385 1864 a
406 1819 508 1886 puero
528 1797 727 1885 praestitisti,
750 1797 835 1862 lerre
856 1796 1093 1864 immoderatius
1115 1819 1220 1864 casum
1241 1799 1513 1867 incommodorum

193 1904 341 1970 tuorum,
371 1894 426 1980 qui
447 1893 487 1958 sit
507 1891 546 1958 ab
569 1913 697 1967 eorum,
731 1912 812 1978 quos
834 1890 998 1964 dilexeris,
1031 1892 1160 1957 miseria
1180 1893 1324 1980 maloque
1346 1893 1551 1959 seiunctusrs

194 1988 318 2054 Etenim
341 2009 413 2052 eum
433 2007 559 2073 semper
579 1995 610 2052 te
632 1996 663 2051 et
683 1985 813 2071 privatis
835 1984 868 2048 in
882 1982 978 2048 rebus
993 1993 1023 2049 et
1037 1984 1171 2070 publicis
1184 1987 1378 2072 praestitisti,
1401 1987 1514 2054 tuenda

194 2081 254 2147 tibi
276 2091 310 2146 ut
330 2081 371 2146 sit
392 2080 527 2165 gravitas
550 2089 581 2145 et
602 2078 793 2145 constantiae
815 2079 1035 2143 serviendum
1081 2083 1172 2155 Nam,
1209 2081 1295 2167 quod
1316 2081 1446 2146 allatura
1468 2091 1514 2146 est

194 2177 263 2262 ipsa
286 2174 487 2247 diuturnitas,
510 2193 589 2259 quac
607 2172 761 2238 maximos
783 2172 885 2238 luctus
906 2181 1058 2238 vetustate
1079 2173 1175 2249 tollit,
1198 2173 1231 2239 id
1253 2193 1312 2240 uos
1332 2173 1514 2260 praecipere

196 2269 331 2335 consilio
352 2267 580 2355 prudentiaque
600 2264 761 2331 debemus.
805 2270 835 2331 6.
856 2265 980 2330 Etenim
1005 2266 1032 2331 si
1058 2267 1143 2332 nulla
1166 2266 1226 2332 luit
1245 2288 1382 2354 unquam
1406 2266 1515 2332 liberis

196 2361 319 2426 amissis
341 2372 403 2426 mm
418 2359 577 2425 imbecillo
598 2359 713 2424 mulier
734 2358 854 2434 animo,
877 2379 957 2445 quae
974 2380 1037 2424 uon
1058 2359 1225 2446 aliquando
1244 2358 1372 2445 lugendi
1386 2359 1552 2425 modumao

196 2454 322 2529 lecerit,
359 2462 444 2518 certe
466 2473 543 2524 nos,
580 2451 667 2538 quod
688 2459 735 2516 est
756 2450 823 2517 dies
844 2453 992 2528 allatura,
1014 2452 1048 2517 id
1069 2453 1201 2520 consilio
1223 2452 1399 2518 anteferre
1422 2451 1517 2517 debe-

196 2569 267 2612 mus
291 2568 392 2633 ueqae
415 2556 598 2632 exspectare
621 2544 773 2631 temporis
795 2545 999 2620 medicinam,
1019 2568 1116 2633 ,quam
1137 2557 1373 2633 repraesentare
1392 2547 1515 2612 ratione

197 2641 364 2726 possimus.
421 2640 478 2705 llis
501 2661 561 2725 ego
583 2639 695 2705 litteris
716 2639 743 2704 si
765 2639 841 2725 quid
858 2639 1077 2726 profecissem,
1107 2639 1325 2707 existimabam
1345 2642 1516 2727 optandum

198 2733 348 2822 quiddam
376 2754 427 2798 me
455 2754 525 2798 csse
547 2741 742 2811 assecutum
778 2733 827 2799 sin
851 2733 954 2798 minus
975 2732 1057 2798 forte
1078 2735 1263 2808 valuissent,
1285 2733 1391 2799 officio
1411 2743 1515 2799 tanmn

198 2849 266 2892 esse
290 2826 467 2891 [uncturum
486 2825 774 2893 benevolentissimi
792 2836 885 2913 atque
901 2825 1099 2906 amicissimi;
1121 2848 1215 2915 quem
1230 2849 1281 2893 me
1298 2825 1402 2892 tibist
1417 2827 1552 2894 luisses

198 2941 324 3005 semper
345 2918 505 2986 existimes
526 2920 621 2986 velim
642 2931 673 2986 et
693 2921 836 2987 laturum
858 2942 926 2986 esse
949 2919 1095 2986 confidas.

643 3062 739 3124 xm.
783 3057 832 3144 (A.
857 3063 890 3125 a.
912 3062 944 3124 e.
966 3057 1072 3144 roas)

534 3175 575 3237 u.
599 3173 741 3238 arcano
764 3174 795 3236 s
816 3176 854 3236 n.
876 3173 910 3235 r.
932 3173 1071 3237 susam
1093 3177 1125 3238 r.
1148 3176 1180 3237 r.

284 3299 313 3359 1.
334 3298 403 3360 Noa
420 3292 580 3359 oblivione
598 3292 753 3358 amicitiae
772 3303 898 3357 nostrae
913 3314 1014 3380 neque
1035 3291 1267 3358 intermissione
1282 3293 1515 3360 consuetudinis

198 3407 286 3452 meae
308 3386 526 3473 superioribus
542 3384 739 3471 temporibus
761 3385 802 3452 ad
822 3395 853 3451 te
874 3387 974 3452 nullas
989 3385 1107 3452 litteras
1121 3386 1209 3463 misi,
1232 3387 1288 3451 sed
1302 3388 1388 3474 quod
1406 3388 1552 3475 priora³⁰

198 3489 340 3566 tempora
362 3480 394 3544 in
415 3480 516 3546 ruinis
536 3478 741 3566 reipublicae
756 3479 933 3566 nostrisque
951 3481 1127 3554 iacuerunt,
1150 3480 1327 3565 posteriora
1342 3490 1444 3547 autem
1465 3505 1515 3548 me

198 3595 217 3638 a
239 3571 407 3639 scribendo
429 3575 490 3639 tuis
510 3573 723 3638 iniustissimis
743 3584 835 3659 atque
854 3573 1062 3639 acerbissimis
1081 3574 1288 3640 incommodis
1307 3576 1514 3644 retardarunt.

199 3671 278 3734 Cum
300 3688 378 3732 vero
399 3677 430 3732 et
451 3667 647 3733 intervallum
668 3667 731 3732 iam
753 3667 827 3732 satis
847 3667 975 3752 longum
996 3667 1106 3732 fuisset
1127 3678 1158 3734 et
1176 3677 1260 3733 tuam
1282 3669 1429 3736 virtutem
1450 3670 1516 3736 ani-

197 3760 305 3846 mique
334 3760 579 3845 magnitudinem
605 3759 786 3846 diligentius
815 3781 916 3826 essem
939 3783 1061 3826 mecum
1085 3763 1284 3836 recordatus,
1322 3785 1387 3831 uon
1407 3764 1514 3850 putavi

199 3874 268 3918 esse
289 3853 425 3918 alienum
446 3854 594 3920 institutis
626 3855 705 3920 meis
737 3855 813 3920 baec
839 3855 878 3920 ad
899 3863 930 3920 te
951 3854 1101 3921 scribere.
1143 3861 1174 3921 2.
1195 3860 1263 3940 Ego
1285 3865 1330 3932 te,
1363 3863 1396 3923 P.
1419 3858 1552 3934 Sesti,³⁵

199 3958 232 4012 et
252 3947 362 4034 primis
384 3947 578 4034 temporibus
599 3947 680 4024 illis,
718 3948 832 4035 quibus
853 3949 886 4014 iu
907 3948 1057 4014 invidiam
1080 3949 1192 4016 absens
1214 3959 1246 4015 et
1265 3949 1299 4014 in
1319 3951 1438 4017 crimen
1459 3973 1516 4017 ro-

199 4041 328 4118 cabare,
351 4041 493 4117 delendi,
524 4050 569 4118 et,
596 4063 668 4106 cum
689 4042 789 4108 intui
810 4041 1046 4108 familiarissimi
1067 4043 1184 4108 iudicio
1206 4066 1243 4109 ac
1263 4043 1405 4129 periculo
1427 4053 1515 4109 tuum

199 4135 320 4200 crimen
342 4136 601 4221 coniungeretur,
624 4145 659 4201 ut
679 4135 768 4222 potui
791 4135 1024 4202 accuratissime
1043 4147 1073 4202 te
1095 4145 1242 4224 tuamque
1257 4159 1382 4203 causam
1400 4147 1515 4203 tutatus

199 4251 286 4307 sum;
309 4239 340 4295 et
361 4231 523 4316 proxime,
545 4231 664 4295 recenti
686 4229 821 4295 adventu
836 4251 926 4307 meo,
949 4252 1020 4296 cum
1043 4253 1112 4296 rem
1126 4230 1216 4296 aliter
1229 4231 1401 4297 institutam
1416 4230 1516 4295 olien-

199 4322 331 4398 dissem,
354 4345 391 4389 ac
405 4323 485 4389 mibi
499 4325 681 4409 placuisset,
704 4327 729 4388 si
749 4323 923 4390 alluissem:
947 4332 1050 4390 tamen
1064 4324 1148 4390 nulla
1162 4347 1198 4390 re
1221 4324 1313 4390 saluti
1332 4336 1402 4394 tuae
1418 4325 1553 4390 denno

177 4420 351 4504 (Cumque)
368 4437 408 4483 eo
438 4419 601 4504 tempore(
610 4417 729 4482 invidia
755 4419 907 4512 annonae)
926 4418 1044 4483 inimici
1077 4439 1140 4481 non
1172 4417 1273 4483 solum
1305 4418 1367 4492 tui,
1405 4439 1515 4484 verum
1561 4454 1591 4493 ,c

201 4511 295 4576 etiam
315 4510 490 4576 amicorum
520 4520 663 4586 tuorum,
683 4507 847 4598 (iniquitas
874 4511 967 4576 totius
994 4505 1108 4576 iudicii
1126 4513 1284 4599 multaque
1306 4512 1367 4577 alia
1388 4514 1437 4578 rei
1458 4536 1516 4601 pu·
1599 4580 1602 4590 ,

269 4730 295 4779 5.
314 4731 379 4780 rects'
395 4732 418 4779 st
435 4731 529 4780 studita
545 4729 585 4781 Μ.
619 4755 648 4767 -
685 4729 713 4780 7.
732 4731 887 4795 praecoma
905 4737 928 4781 et
944 4731 1154 4794 pestilentissimo
1172 4732 1215 4782 M:
1241 4734 1414 4797 promtiore,
1438 4738 1516 4798 peste·-

201 4799 341 4850 lentissimo
371 4801 403 4850 ll.
430 4825 461 4836 -
498 4799 542 4850 1³.
571 4801 712 4866 referretur
735 4800 773 4850 Μ.
802 4826 834 4837 -
870 4806 895 4850 et
923 4799 965 4850 bl:
992 4815 1023 4850 oc
1048 4801 1079 4850 E.
1112 4826 1143 4838 -
1179 4802 1223 4852 18.
1247 4805 1400 4867 prompsere
1425 4805 1462 4856 ll.
1484 4829 1515 4842 -

201 4870 244 4919 lt).
263 4871 313 4933 [ult
329 4884 454 4935 amquam
470 4868 516 4921 M:
535 4885 658 4935 umquam
673 4871 725 4934 salt
743 4870 775 4921 E.
796 4895 826 4906 -
863 4867 959 4933 liberis]
977 4872 1001 4920 st
1019 4872 1106 4921 liberte
1122 4871 1161 4924 itt.
1185 4899 1220 4908 -
1238 4873 1283 4925 25.
1301 4874 1451 4938 [uncturam
1470 4875 1514 4926 lll:

200 4939 315 5002 sumtum
333 4939 374 5001 u,
405 4941 536 5003 probante
560 4941 676 4990 Baitero.
708 4940 916 5003 Fort.·saactum
933 4943 987 4990 vs'rs'
1004 4941 1029 4991 l.
1050 4956 1077 4991 a.
1097 4956 1125 4992 a.
1143 4940 1195 4993 Oa.
1222 4965 1254 4978 ···
1290 4943 1334 4994 2⁸.
1362 4944 1445 5002 Sesto
1471 4946 1514 4996 bl:

201 5007 289 5058 Sertto
309 5010 339 5059 Ε.
360 5034 391 5046 -
427 5011 474 5062 38.
492 5012 589 5060 crimea
606 5011 716 5060 seclusit
733 5011 764 5060 E.
784 5035 816 5046 -
851 5009 897 5060 40.
917 5015 1004 5062 tamea
1025 5012 1099 5062 nullu
1115 5013 1145 5062 la
1161 5025 1190 5064 re
1201 5013 1358 5066 Cratander.
1378 5017 1407 5066 ta
1418 5016 1515 5067 excidit

201 5080 289 5142 potius
314 5081 386 5130 inter
410 5087 498 5132 taram
516 5087 542 5131 et
559 5081 643 5132 natta,
662 5079 712 5132 0n.

286 5177 357 5218 caeam
371 5177 393 5216 r.
409 5178 443 5218 m.
1286 5154 1306 5215 6
