3628 5876
696 389 771 452 Llll.
793 389 833 454 x.
875 389 933 454 ΕΡ.
956 388 1007 451 21.
1455 393 1513 458 181

193 544 274 612 sidia
293 543 487 631 respublica
506 539 600 612 babet
621 546 784 634 expedita,
806 546 921 636 quibus
941 544 1045 614 subito
1069 545 1188 634 impetn
1205 571 1242 616 ac
1261 551 1427 618 latrocinio
1444 572 1516 638 par-

192 639 366 708 ricidarum
389 641 523 707 resistat.
577 640 690 727 Copias
721 662 800 707 vero
831 648 954 708 nostras
981 651 1070 706 notas
1092 641 1148 708 tibi
1179 665 1247 709 esse
1278 643 1425 712 arbitror.
1479 649 1516 711 Iu

192 734 303 800 castris
325 734 405 800 meis
436 733 577 820 legiones
598 742 670 802 sunt
697 743 863 801 veteranae
883 743 962 809 tres,
985 734 1124 801 tironum
1141 737 1192 802 rel
1209 737 1454 806 luculentissima
1474 760 1516 805 ex

192 826 342 894 omnibus
370 849 447 908 una3
483 828 517 893 in
541 829 652 895 castris
674 829 763 896 Bruti
788 849 850 894 una
877 837 1023 895 veterana
1046 829 1146 915 legio,
1175 832 1272 898 altera
1307 833 1406 908 bima,
1443 843 1515 900 octo

194 921 348 990 tironum.
411 927 458 988 Ita
485 922 653 988 universus
689 921 847 989 exercitus
875 943 1008 988 numero
1034 923 1244 1010 amplissimus
1276 938 1343 1004 est,
1371 928 1539 994 firmitate³

197 1015 343 1100 exiguus.
387 1018 545 1095 Quantum
562 1025 665 1082 autem
686 1021 718 1082 in
732 1017 797 1083 acie
812 1016 908 1082 tironi
921 1016 962 1082 sit
982 1017 1252 1096 committendum,
1275 1021 1406 1090 nimium
1423 1043 1517 1109 saepe

196 1119 364 1197 expertum
385 1107 547 1176 babemus.
605 1115 636 1176 d.
657 1110 705 1177 Ad
726 1109 787 1175 boc
807 1108 908 1175 robur
928 1119 1110 1176 nostrornm
1132 1115 1327 1182 exercituum
1349 1122 1415 1184 sive
1435 1117 1518 1184 ttri-

192 1226 290 1272 canus
322 1204 498 1278 exercitus,
532 1205 587 1291 qui
616 1214 663 1271 ast
689 1215 871 1279 veteranus,
902 1203 968 1270 sire
999 1207 1139 1272 Caesaris
1176 1210 1377 1287 accessisset,
1415 1233 1517 1300 aequo

193 1301 301 1366 animo
330 1319 484 1364 summam
515 1297 765 1385 rempublicam
790 1298 823 1364 in
856 1297 1022 1364 discrimen
1054 1298 1291 1370 deduceremus.
1348 1305 1516 1394 Aliquanto

192 1405 299 1460 autem
320 1393 452 1480 propius
474 1414 543 1458 esse
565 1393 651 1481 qnod
673 1396 839 1460 Caesarem
859 1390 1057 1469 videbamus,
1088 1395 1166 1461 nibil
1186 1395 1289 1463 destiti
1312 1419 1384 1466 eum
1404 1399 1554 1466 titterisw

193 1487 332 1563 hortari,
354 1507 456 1574 neque
477 1487 530 1552 ille
551 1486 718 1553 intermisit
738 1487 893 1552 affirmare
915 1507 949 1552 se
963 1491 1031 1552 sine
1049 1510 1139 1554 mora
1152 1489 1277 1570 venire;
1300 1513 1371 1558 cnm
1389 1493 1516 1559 interim

192 1599 342 1648 aversam
367 1581 457 1647 illum
484 1579 523 1646 ab
555 1582 613 1648 bac
640 1581 829 1667 cogitatione
855 1581 895 1647 ad
921 1581 982 1646 alia
1008 1583 1136 1649 consilia
1166 1585 1259 1650 video
1281 1607 1315 1652 se
1336 1587 1516 1654 contulisse.

192 1681 262 1764 Ego
283 1686 388 1742 tamen
408 1674 448 1742 ad
469 1696 542 1742 eum
563 1681 714 1743 Furnium
735 1685 877 1742 uostmm
899 1696 970 1742 cnm
991 1677 1144 1742 mandatis
1170 1679 1344 1766 litterisque
1366 1679 1452 1754 misi,
1489 1679 1517 1746 si

192 1770 271 1858 qnid
301 1770 385 1835 torte
415 1768 571 1856 proficere
600 1777 714 1856 posset.
768 1776 799 1834 5.
821 1769 887 1834 Scis
909 1777 960 1845 tu,
989 1770 1032 1834 mi
1055 1771 1182 1848 Cicero,
1205 1773 1291 1860 quod
1312 1772 1352 1837 ad
1374 1773 1515 1840 Caesaris

191 1885 336 1930 amorem
357 1863 481 1942 attinet,
518 1863 699 1930 societatem
721 1862 797 1929 mibi
826 1883 895 1928 esse
922 1871 1043 1928 tecum:
1075 1866 1126 1930 vel
1147 1865 1233 1952 qnod
1254 1867 1287 1932 iu
1308 1865 1515 1934 familiaritate
1529 1877 1553 1920 ¹³

192 1957 352 2033 Caesaris,
388 1957 462 2024 rivo
489 1958 559 2034 illo,
596 1958 660 2024 iam
687 1957 770 2022 tneri
802 1977 874 2022 enm
900 1964 932 2020 et
953 1955 1085 2042 diligere
1106 1956 1165 2023 luit
1186 1959 1264 2024 mibi
1284 1955 1432 2040 necesse}
1464 1961 1514 2026 vel

191 2051 280 2140 qnod
309 2051 394 2138 ipse,
430 2050 535 2138 quom
563 2071 623 2138 ego
652 2071 745 2116 nosse
775 2049 881 2138 potui,
917 2050 1160 2118 moderatissimi
1186 2061 1280 2138 atque
1302 2053 1516 2121 humanissimi

193 2146 253 2212 init
274 2166 404 2225 seusus3
440 2147 491 2212 rel
512 2141 598 2233 quod
626 2167 667 2211 ex
688 2154 751 2211 tam
773 2145 887 2230 insigni
908 2145 1043 2212 amicitia
1065 2167 1133 2212 mea
1155 2156 1249 2234 atque
1272 2149 1413 2215 Caesaris
1435 2148 1517 2215 hunc

191 2240 251 2306 filii
279 2240 350 2306 loco
378 2249 409 2306 et
441 2239 527 2305 illins
559 2249 590 2305 et
621 2249 727 2305 vestro
756 2238 875 2305 iudicio
907 2239 1106 2306 substitutum
1135 2262 1198 2306 nou
1233 2242 1366 2330 proinde
1401 2241 1516 2308 babere

192 2342 286 2420 turpe
313 2334 391 2400 mibi
416 2334 551 2400 videtur.
606 2339 637 2400 6.
660 2333 741 2407 Sed,
776 2331 1006 2421 quidquidtibi
1028 2333 1150 2408 scribo,
1173 2335 1316 2403 dolenter
1337 2336 1553 2402 melereden

192 2428 293 2513 magis
315 2451 409 2516 quarn
440 2428 566 2493 inimice
599 2426 691 2493 facio.
735 2426 830 2505 Quod
851 2427 930 2492 vivit
950 2429 1103 2495 dutonins
1124 2428 1235 2505 hodie,
1272 2432 1358 2518 quod
1378 2431 1515 2519 Lepidus

191 2545 257 2590 nna
278 2533 340 2597 est,
362 2522 448 2610 qnod
470 2523 628 2587 exercitus
650 2520 764 2587 babent
784 2541 848 2586 nou
869 2521 1130 2598 contemnendos,
1160 2524 1246 2611 quod
1267 2535 1408 2614 sperant,
1431 2522 1517 2612 quod

191 2617 325 2692 audent,
358 2637 452 2682 omne
480 2616 603 2683 Caesari
632 2625 793 2701 acceptum
814 2615 936 2681 referre
957 2625 1098 2702 possunt.
1139 2621 1247 2705 Neque
1268 2640 1329 2705 ego
1351 2618 1516 2705 superiora

186 2721 351 2799 ·repetam;
384 2711 440 2776 sed
472 2732 513 2776 ex
543 2732 583 2776 eo
610 2718 771 2796 tempore,
805 2729 869 2796 quo
891 2709 958 2794 ipse
980 2709 1057 2774 mibi
1078 2709 1239 2796 professus
1260 2721 1308 2778 est
1335 2733 1369 2778 se
1391 2713 1515 2786 venire,

191 2806 220 2871 si
242 2805 352 2871 venire
373 2804 541 2881 voluisset,
563 2813 618 2870 aut
638 2825 823 2890 oppressum
838 2805 900 2868 iam
921 2801 1037 2868 bellum
1059 2812 1142 2868 esset
1162 2805 1268 2869 autin
1289 2805 1516 2872 aversissimam
1526 2819 1554 2862 ⁸⁵

190 2898 256 2966 illis
284 2897 467 2984 Hispaniam
497 2919 569 2964 cum
596 2898 784 2964 detrimento
806 2917 917 2962 eorum
939 2896 1077 2962 maximo
1099 2906 1274 2963 extrusum.
1317 2902 1407 2979 Quae
1428 2918 1516 2963 mens

191 3015 282 3069 enm,
305 3001 358 3059 ant
380 3013 515 3078 quorum
537 2992 682 3066 consilia,
705 3012 722 3055 a
745 2998 828 3055 tanta
849 2989 965 3075 gloria,
988 2988 1048 3054 sibi
1069 3011 1148 3056 vero
1170 2991 1264 3056 etiam
1285 2992 1461 3058 necessaria
1480 3012 1517 3056 ac

191 3087 342 3162 salutari,
375 3091 515 3152 avocarit
543 3095 574 3152 et
607 3086 645 3152 ad
674 3083 894 3170 cogitationem
922 3084 1101 3151 consulatus
1121 3084 1280 3154 bimestris
1300 3107 1423 3152 summo
1444 3104 1517 3150 cum

190 3193 318 3248 terrore
339 3179 502 3246 bominum
524 3189 556 3246 et
576 3179 694 3245 insulsa
714 3198 785 3243 curn
807 3177 1026 3262 efflagitatione
1048 3179 1256 3255 transtulerit,
1285 3188 1436 3266 exputare
1452 3198 1516 3243 non

192 3297 334 3364 possum.
384 3278 415 3339 7.
447 3273 579 3340 llnltum
600 3272 633 3337 in
654 3270 713 3336 bac
733 3293 769 3337 re
791 3270 869 3336 mibi
889 3270 1036 3352 ridentur
1056 3275 1226 3340 necessarii
1246 3274 1315 3341 eius
1337 3284 1368 3340 et
1388 3273 1436 3338 rei
1457 3285 1554 3358 pu·⁸⁰

191 3371 296 3437 blicae
316 3377 348 3434 et
377 3367 476 3454 ipsius
501 3386 594 3432 eausa
615 3364 769 3451 prolicere
792 3385 902 3452 posse;
930 3366 1119 3452 plurimum,
1143 3377 1290 3456 utputo,
1315 3377 1348 3433 tn
1370 3387 1514 3454 quoque,

191 3464 283 3530 cuius
304 3461 357 3528 ille
379 3471 462 3526 tanta
482 3460 595 3525 menta
616 3458 725 3533 babet,
762 3469 877 3546 quanta
900 3479 993 3525 nemo
1013 3469 1140 3547 praeter
1160 3483 1229 3541 me;
1251 3482 1410 3548 nunqnam
1431 3459 1515 3524 enim

191 3557 363 3624 obliviscar
386 3555 524 3620 maxima
546 3575 583 3620 ac
603 3554 738 3640 plurima
759 3573 809 3618 me
830 3550 888 3618 tibi
909 3551 1036 3620 debere.
1092 3559 1139 3621 De
1167 3555 1216 3621 his
1237 3555 1332 3622 rebus
1353 3563 1388 3620 ut
1410 3552 1517 3637 exige-

190 3661 241 3717 ret
262 3673 335 3716 cnm
357 3670 411 3724 eo,
434 3649 551 3716 Furnio
573 3647 725 3713 mandavi.
781 3645 917 3724 Quodsi,
947 3657 1095 3735 quantam
1125 3647 1243 3724 debeo,
1270 3648 1411 3714 habuero
1432 3645 1515 3732 apud

190 3766 268 3814 eum
282 3744 526 3824 anctoritatem,
548 3742 720 3829 plurimum
742 3741 845 3826 ipsum
866 3740 989 3806 iurero.
1032 3745 1063 3807 8.
1084 3747 1147 3808 Nos
1161 3742 1280 3808 interea
1295 3741 1424 3808 duriore
1439 3761 1511 3806 con·
1525 3769 1553 3812 an

191 3840 316 3906 dicione
347 3838 465 3905 bellum
499 3837 701 3908 sustinemus,
732 3833 818 3920 quod
845 3855 948 3921 neque
985 3835 1251 3921 expeditissimam
1283 3836 1514 3902 dimicationem

191 3943 338 4022 putamus
359 3953 463 4021 neque
485 3941 587 3997 tannen
608 3927 795 4015 rebrgiendo
817 3927 1015 3995 commissuri
1037 3951 1161 4007 snmus,
1183 3939 1218 3997 ut
1233 3931 1332 3996 maius
1348 3930 1516 3995 detrimen·

192 4037 259 4093 tum
287 4047 340 4092 res
361 4025 487 4114 publica
507 4025 649 4112 aocipere
670 4023 778 4111 possit.
837 4021 958 4099 Quodsi
984 4032 1038 4088 ant
1059 4026 1173 4090 Caesar
1198 4044 1232 4089 se
1261 4022 1438 4109 respexerit
1462 4031 1516 4086 ant

191 4121 357 4187 Africanae
389 4119 530 4205 legiones
550 4119 696 4185 celeriter
726 4114 885 4190 renarint,
919 4137 1048 4183 securos
1069 4138 1126 4184 roa
1154 4116 1194 4182 ab
1215 4117 1273 4183 bac
1294 4127 1383 4204 parte
1404 4114 1516 4183 rodde-

192 4237 273 4281 mus.
317 4219 379 4291 lu,
401 4222 437 4279 ut
457 4213 632 4288 instituisti,
654 4232 706 4278 me
727 4209 837 4294 diligas
858 4229 939 4296 rogo
959 4212 1152 4300 proprieque
1174 4221 1262 4280 tuum
1283 4233 1351 4277 esse
1372 4208 1430 4276 tibi
1443 4229 1552 4296 per-ao

191 4306 335 4374 suadeas.
378 4326 412 4373 v.
432 4307 501 4373 llal.
523 4310 608 4372 Sext
632 4326 673 4371 ex
694 4309 814 4369 eastris.

263 4545 308 4596 10.
327 4545 398 4609 quod
415 4545 551 4596 Caesarem
567 4543 733 4604 naman,
751 4543 819 4592 nibli
839 4544 927 4594 datm
944 4544 1095 4596 strothius:
1114 4545 1184 4608 quod
1201 4545 1237 4594 ad
1256 4545 1391 4595 canaram
1408 4543 1514 4601 σιτίοισι,

192 4615 351 4666 mnan.
388 4615 459 4666 Ntttt
484 4615 573 4664 destiti
589 4613 650 4665 titt.
680 4637 711 4648 -
758 4613 802 4664 10.
819 4615 929 4676 proinde
946 4614 992 4666 lle
1014 4615 1123 4678 perinde
1140 4615 1171 4665 ll.
1193 4639 1223 4650 -
1260 4615 1304 4664 25.
1324 4613 1515 4663 aversissimam

192 4685 246 4735 ttttr
264 4685 320 4735 vb:
339 4687 531 4736 warnstimcm
541 4683 582 4734 1111
593 4683 639 4744 ll,
658 4683 867 4733 messeanam
883 4684 925 4734 tut
943 4684 974 4736 ll.
989 4707 1019 4720 -
1039 4684 1084 4734 ild.
1103 4691 1217 4734 strumas
1229 4685 1268 4744 ll,
1279 4685 1411 4733 datmrum
1421 4681 1470 4730 Vb.
1482 4707 1510 4718 -

193 4755 238 4805 27.
257 4770 275 4804 a
288 4770 344 4805 om.
360 4754 399 4806 u.
411 4781 443 4792 ·-
461 4754 506 4805 28.
522 4755 644 4805 aoecnrtt
661 4778 672 4790 ·
689 4777 701 4789 ·
718 4777 729 4790 ·
746 4753 912 4804 transtulerit
929 4753 973 4806 Mt
994 4757 1154 4806 woeunnt·
1172 4780 1182 4790 ·
1200 4778 1211 4788 ·
1228 4754 1411 4804 transtulerint
1430 4751 1461 4801 Β.
1479 4777 1512 4786 -

194 4825 238 4875 at.
264 4832 391 4888 quantana
417 4825 454 4878 bl.
484 4847 515 4862 -
550 4824 595 4877 lt).
620 4824 807 4888 propriumque
834 4821 919 4876 Codd.
938 4823 1052 4890 aliquot.
1089 4823 1130 4877 Cl.
1150 4825 1210 4876 Lib.
1230 4825 1256 4876 0.
1276 4823 1326 4888 llp.
1346 4823 1389 4874 15.
1408 4828 1435 4872 et
1452 4821 1512 4874 Lib.

195 4896 238 4946 10.
258 4895 307 4960 Bp.
327 4897 354 4946 1.
376 4911 406 4932 ·-
442 4895 487 4946 ts.
507 4894 579 4947 Sext.
598 4893 665 4946 secl.
685 4893 716 4944 ll.
