3666 5874
675 325 810 390 unu.
852 325 913 390 ΕΡ.
934 325 964 390 3.
985 325 1018 388 d.
1038 326 1069 388 5.
1090 327 1119 390 d.
1197 341 1200 349 '
1519 331 1561 398 33

235 483 338 552 tabor.
390 487 447 550 Est
467 481 552 548 enlm
573 477 631 548 tibl
651 482 756 566 gravis
778 480 956 548 adversaria
978 479 1144 546 constituta
1166 491 1198 548 et
1220 489 1345 569 parata,
1367 483 1561 554 incredibilis

234 576 391 666 quaedam
412 575 621 668 exspectatio:
645 597 739 662 quam
760 583 794 642 tu
815 595 933 641 unare
954 573 1101 640 facillime
1123 575 1244 652 vinces,
1267 576 1294 642 si
1315 577 1376 643 boo
1397 582 1559 658 statueris,
1647 593 1668 680 g

234 694 370 760 quanm]
389 669 518 736 laudum
540 669 674 756 gloriam
695 668 867 744 adamatis,
890 667 1004 756 quibus
1026 668 1145 734 artibus
1168 691 1223 734 ene
1245 669 1353 736 laudes
1375 694 1558 761 comparan-

235 777 299 842 tur,
318 767 353 832 in
372 764 413 830 iis
431 762 523 849 [esse]
541 761 775 832 elaborandum.
818 767 854 829 ln
874 763 954 828 banc
974 763 1160 828 sententiam
1182 763 1354 829 scriberem
1375 767 1476 852 plura,
1500 769 1561 836 nisi

234 870 266 926 te
298 868 352 925 tua
373 865 485 944 sponte
506 856 581 922 satis
602 856 763 922 incitatum
784 877 852 922 esso
874 855 1079 934 confiderem
1117 857 1245 933 ethos,
1280 858 1432 946 quidquid
1454 851 1584 950 attigi,s

234 975 299 1020 non
318 952 382 1020 feci
401 948 615 1018 inflammandi
633 950 680 1016 tui
702 970 811 1028 eausa,
833 949 890 1016 sed
910 949 1094 1017 testificandi
1115 952 1235 1019 amoris
1255 952 1328 1018 mei.

727 1087 1073 1174 amucmn

631 1206 673 1267 m.
696 1203 838 1268 emmo
862 1204 893 1267 s.
914 1207 952 1267 n.
975 1205 1008 1268 c.
1031 1205 1199 1270 cumam.

322 1321 350 1386 l.
371 1319 457 1384 llaec
485 1313 612 1399 negotia
633 1313 793 1401 quomodo
821 1311 1027 1391 rehabeant,
1063 1337 1103 1380 ne
1125 1316 1257 1402 epistola
1277 1317 1406 1404 quidem
1428 1343 1557 1390 merare

233 1412 347 1480 audeo.
399 1409 486 1486 Tibi,
519 1408 594 1484 etsi,
625 1407 804 1495 ubicunque
827 1428 877 1483 es,
910 1417 946 1474 nt
973 1408 1085 1495 scripsi
1106 1408 1145 1473 ad
1167 1418 1197 1474 te
1219 1419 1307 1486 ante,
1336 1413 1370 1478 in
1392 1416 1501 1482 eadem
1524 1439 1595 1486 esra

234 1505 326 1581 navi,
356 1512 478 1577 tamem
513 1501 599 1588 quod
618 1501 711 1577 abes,
744 1501 908 1588 gratulor,
934 1501 985 1568 vel
1007 1501 1080 1588 quia
1102 1524 1164 1568 non
1187 1503 1274 1568 vides
1297 1526 1349 1584 ea,
1380 1530 1460 1595 qnae
1481 1533 1556 1586 nos,

234 1600 285 1668 vel
306 1597 393 1685 qnod
421 1595 547 1661 excelso
577 1605 608 1660 et
628 1594 742 1661 illustri
763 1594 833 1660 loco
855 1594 914 1660 sita
936 1603 983 1660 est
1003 1595 1070 1660 laus
1092 1602 1145 1660 tua
1165 1597 1198 1661 in
1225 1598 1434 1684 plurimorum
1457 1612 1488 1672 et
1505 1625 1556 1670 so·

233 1695 357 1760 ciorum
378 1699 409 1756 et
430 1689 545 1756 civium
567 1697 760 1776 conspectu:
793 1709 874 1776 qnae
904 1688 943 1753 ad
968 1709 1026 1754 nos
1053 1709 1111 1754 nee
1140 1687 1277 1756 obscuro
1298 1713 1355 1758 nec
1377 1695 1466 1761 vario
1491 1717 1556 1762 ser·

234 1807 343 1861 mone,
372 1783 429 1850 sed
450 1793 481 1848 et
502 1781 672 1848 clarissima
694 1789 725 1846 et
746 1800 808 1846 nna
830 1781 970 1847 omnium
994 1803 1069 1846 voce
1091 1783 1260 1869 perfertur.
1304 1787 1335 1850 ⁴2.
1357 1789 1457 1854 Unum
1479 1789 1556 1864 illud

234 1880 357 1955 nescio,
394 1877 573 1964 gratulerne
594 1874 651 1942 tibi
672 1896 713 1940 an
734 1875 879 1950 timeam,
910 1874 995 1961 quod
1017 1874 1168 1941 mirabilis
1190 1883 1238 1942 est
1259 1880 1450 1964 exspectatio
1472 1880 1555 1946 redi·
1568 1911 1595 1951 rs

234 1985 284 2042 tus
305 1975 366 2041 tui:
389 1993 453 2039 non
475 1991 539 2059 quo
560 1991 689 2044 verear,
719 1990 759 2035 ne
782 1978 835 2035 tua
861 1969 960 2034 virtus
984 1967 1125 2055 opinioni
1147 1968 1308 2034 bominum
1334 1991 1397 2036 non
1425 1993 1556 2060 respon·

233 2067 323 2145 deat3
355 2065 411 2134 sed
432 2062 610 2130 mehercule
650 2084 704 2138 ne,
738 2083 810 2128 eum
828 2061 966 2138 veneris,
1000 2083 1062 2128 non
1083 2061 1199 2128 babeas
1217 2064 1298 2139 iam,
1332 2065 1418 2150 quod
1443 2087 1555 2138 cures:

234 2160 277 2226 ita
298 2167 370 2225 sunt
391 2158 496 2224 omnia
517 2155 677 2222 debilitata
697 2162 729 2220 et
749 2155 812 2220 iam
840 2175 941 2242 prope
973 2157 1134 2221 exstincta.
1178 2157 1241 2223 Sed
1263 2157 1338 2222 bace
1359 2157 1427 2245 ipsa
1449 2160 1556 2226 nescio

233 2261 361 2320 rectene
381 2252 443 2318 sint
462 2250 575 2316 litteris
595 2249 772 2332 commissa.
831 2253 937 2328 Quare
973 2260 1078 2316 cetera
1108 2271 1279 2337 cognosces
1302 2273 1342 2318 ex
1375 2252 1453 2320 aliis.
1509 2259 1557 2319 Tu

234 2357 352 2422 tamen,
382 2345 449 2412 sive
470 2343 567 2410 babes
589 2343 724 2430 aliquam
746 2363 833 2429 spem
855 2343 894 2408 de
915 2364 952 2409 re
973 2343 1098 2431 publica
1119 2345 1186 2411 sive
1207 2345 1375 2432 desperas,
1405 2368 1442 2412 ea
1462 2367 1594 2433 paramo

234 2439 402 2514 meditare,
425 2437 550 2523 cogita,
572 2459 653 2523 qnae
676 2457 744 2501 esse
766 2436 800 2502 in
820 2456 860 2501 eo
882 2435 944 2502 civi
965 2458 1002 2503 ac
1022 2437 1092 2504 viro
1115 2437 1248 2515 debent,
1272 2439 1325 2526 qui
1348 2440 1388 2506 sit
1408 2462 1478 2506 rem
1498 2463 1556 2529 pu·

234 2533 346 2601 blicam
368 2533 513 2600 afflictam
534 2539 566 2597 et
587 2551 771 2619 oppressam
792 2530 917 2596 miseris
939 2531 1133 2618 temporibus
1155 2532 1338 2620 appenditis
1360 2533 1502 2602 moribus
1523 2535 1556 2600 in

232 2639 374 2695 veterem
396 2626 577 2713 dignitatem
599 2635 632 2691 et
651 2623 827 2692 libertatem
848 2623 1070 2694 vindicaturus,

717 2762 1079 2852 msmucmm

611 2881 652 2946 n.
675 2879 818 2944 cronno
841 2881 872 2942 s
893 2883 931 2943 n.
954 2882 987 2945 c.
1010 2881 1178 2946 eumont
1564 2913 1593 2958 a

320 2998 349 3059 1.
370 2992 515 3059 Nondum
536 2999 605 3058 erat
618 2991 758 3057 auditum
776 2998 806 3054 te
828 2989 867 3054 ad
889 2988 1008 3055 ltaliam
1023 2989 1208 3065 adventare,
1231 3012 1301 3056 cum
1321 2996 1393 3058 Sex.
1411 2991 1555 3066 Villium,

234 3085 359 3152 Milonis
383 3084 446 3150 mei
474 3085 679 3159 familiarem,
713 3083 855 3148 cumbis
878 3083 918 3148 ad
941 3091 971 3148 te
997 3083 1110 3149 litteris
1136 3085 1217 3150 misi.
1274 3084 1335 3150 Sed
1360 3095 1462 3150 tamen
1485 3106 1556 3150 cum
1638 3074 1666 3162 ι’

234 3179 489 3268 appropinquare
512 3171 593 3245 tuus
605 3177 755 3243 adventus
776 3185 985 3264 putareturet
1005 3175 1117 3241 teiam
1138 3198 1178 3242 ex
1202 3178 1274 3242 Asia
1294 3183 1424 3244 Romam
1446 3198 1557 3243 versus

235 3273 411 3360 profectum
436 3293 506 3337 esse
525 3280 696 3344 constaret,
721 3269 903 3356 magnitudo
929 3268 978 3335 rei
1009 3268 1102 3344 fecit,
1138 3279 1255 3336 utnon
1281 3293 1480 3346 vereremur,
1517 3291 1559 3336 ne

235 3367 326 3434 nimis
351 3367 413 3434 cito
438 3367 651 3438 mitteremus,
688 3385 759 3430 cum
787 3364 841 3429 bas
876 3386 970 3450 qnam
995 3361 1132 3450 primum
1161 3365 1200 3430 ad
1223 3372 1253 3430 te
1281 3365 1416 3452 perferri
1438 3365 1595 3430 litteras·

234 3481 347 3547 magno
369 3481 467 3548 opere
487 3459 648 3526 vellemus.
690 3462 776 3544 Ego,
810 3457 836 3523 si
861 3480 930 3524 mea
950 3459 983 3524 in
1006 3465 1036 3520 tc
1058 3465 1162 3523 essent
1181 3459 1284 3524 officia
1305 3459 1421 3534 solum,
1445 3458 1556 3532 Curio,

234 3563 337 3629 tanta,
373 3562 487 3642 quanta
508 3551 607 3638 magis
633 3574 651 3617 a
672 3560 701 3617 te
722 3552 791 3638 ipso
811 3552 986 3639 praedicari
1011 3573 1104 3639 quam
1131 3575 1149 3617 a
1172 3575 1222 3618 me
1245 3554 1415 3640 ponderari
1439 3553 1556 3628 solent,

234 3646 443 3714 verecundius
461 3668 481 3712 a
501 3654 547 3719 te,
578 3644 605 3711 si
630 3665 709 3732 quae
733 3665 917 3730 magnares
943 3644 1019 3710 mibi
1040 3645 1174 3730 petenda
1197 3655 1297 3720 esset,
1325 3647 1557 3714 contenderem.

236 3745 338 3808 Grave
359 3749 407 3805 est
429 3741 512 3805 enim
534 3737 653 3804 bomini
674 3737 802 3825 pudenti
828 3747 936 3823 petere
960 3738 1077 3825 aliquid
1103 3760 1249 3825 magnum
1268 3741 1308 3806 ab
1330 3764 1391 3817 eo,
1417 3741 1467 3806 ‘de
1494 3762 1557 3828 quo

235 3855 270 3898 se
290 3832 371 3898 bene
390 3833 537 3899 meritum
561 3839 668 3919 putet,
692 3853 731 3896 ne
751 3829 908 3918 id,'quod
928 3840 1032 3918 petat,
1054 3833 1184 3918 exigere
1206 3835 1304 3920 magis
1325 3856 1420 3922 qnam
1442 3850 1596 3921 nogareto

235 3934 267 3991 et
289 3927 323 3992 in
345 3925 498 3992 mercedis
518 3925 624 4012 potius
652 3945 746 4012 quam
775 3923 918 3990 beneficii
947 3926 1017 3991 loco
1048 3947 1216 3996 numerare
1244 3928 1398 3994 videatur.
1441 3933 1472 3994 S.
1495 3926 1558 3994 Sed

235 4018 310 4107 quia
329 4027 381 4086 tua
401 4019 435 4084 in
457 4041 508 4084 me
530 4018 675 4084 relucta
697 4017 842 4084 omnibus
867 4018 917 4082 vel
943 4019 1011 4105 ipsa
1037 4021 1174 4086 novitate
1200 4041 1344 4087 meorum
1380 4031 1558 4109 temporum

236 4113 407 4178 clarissima
428 4122 459 4178 et
473 4111 610 4178 maxima
629 4109 780 4176 beneficia
801 4111 986 4180 exstiterunt
1000 4122 1109 4201 estque
1131 4115 1227 4180 animi
1242 4115 1390 4202 ingenui,
1413 4115 1464 4181 cui
1479 4115 1557 4180 mul·

237 4215 303 4271 tum
323 4205 459 4280 debeas,
491 4205 594 4270 eidem
620 4206 790 4292 plurimum
814 4206 893 4273 velle
919 4204 1052 4272 debere:
1081 4229 1144 4273 non
1172 4207 1311 4274 dubitavi
1334 4207 1366 4273 id
1394 4229 1412 4274 a
1447 4216 1476 4272 te
1501 4227 1559 4293 per

236 4299 354 4366 litteras
375 4309 498 4386 petere,
521 4299 606 4386 quod
625 4299 701 4365 mibi
729 4300 869 4365 omnium
891 4311 972 4365 esset
997 4300 1168 4367 maximum
1192 4301 1391 4388 maximeque
1415 4313 1597 4366 necessa-⁴⁰

236 4392 329 4460 rium.
384 4399 491 4481 Neque
513 4394 598 4460 enim
616 4415 686 4460 sum
707 4393 841 4468 veritus,
871 4415 912 4458 ne
932 4394 1087 4460 sustinere
1110 4405 1162 4460 tua
1183 4394 1215 4460 in
1237 4415 1287 4460 me
1308 4394 1358 4460 vel
1381 4393 1559 4458 innumera·

305 4564 332 4616 3.
359 4560 477 4626 laudum
496 4565 573 4614 laude
591 4577 632 4627 pr.
651 4561 691 4616 Μ,
712 4587 742 4599 -
778 4564 806 4614 d.
842 4577 894 4614 me
911 4578 966 4614 om.
985 4564 1023 4616 Μ.
1045 4589 1076 4600 -
1111 4565 1299 4615 elaborandum
1322 4578 1393 4615 corr.
1414 4563 1461 4616 ld:
1488 4562 1560 4612 tabo·

235 4634 349 4684 randum
376 4633 397 4686 lt
421 4648 483 4684 cum
511 4649 552 4698 pr.
578 4634 617 4686 Μ.
650 4657 681 4669 -
718 4635 761 4683 ro.
781 4635 865 4698 audeo
892 4634 948 4684 ttbl.
985 4635 1043 4684 Em·
1071 4633 1110 4685 Μ.
1142 4659 1173 4670 -
1208 4634 1335 4686 natabis
1365 4641 1445 4684 anteo
1464 4631 1495 4682 ll.
1527 4655 1557 4668 -

236 4703 281 4754 12.
300 4705 353 4754 alta
376 4705 411 4754 rit
434 4705 463 4756 Μ
484 4719 515 4756 ex
534 4707 622 4755 sitast.
642 4702 801 4754 Emendavlt
820 4703 968 4755 Ernestins.
997 4727 1027 4739 -
1065 4703 1108 4756 ld.
1128 4711 1152 4754 et
1170 4717 1224 4755 uno
1244 4705 1285 4756 bis
1304 4705 1379 4768 ponit
1397 4704 1435 4755 Μ.
1473 4702 1516 4753 18.
1534 4708 1559 4754 ot

236 4774 290 4822 tam
305 4787 389 4838 prope
405 4773 461 4825 Va:
489 4777 545 4825 tom
559 4787 643 4836 prope
661 4787 701 4836 pr.
721 4771 767 4834 Μ,
794 4775 849 4824 mm
871 4788 954 4838 prope
971 4783 994 4824 et
1014 4772 1035 4823 Ε
1053 4786 1114 4823 cum
1134 4787 1205 4824 corr.
1230 4773 1268 4824 Μ.
1305 4773 1361 4826 Cfr.
1381 4774 1459 4823 lland
1478 4773 1558 4823 Ture.

237 4843 287 4892 lll.
309 4858 334 4907 p.
356 4843 416 4894 133.
437 4869 468 4880 -
504 4843 549 4895 23.
586 4849 609 4893 et
628 4843 677 4894 bl:
704 4857 736 4892 oc
756 4843 786 4893 ll.
815 4865 847 4878 ·-
884 4843 927 4896 30.
954 4846 1067 4907 partem
1091 4843 1129 4894 Μ.
1158 4869 1189 4880 -
1226 4845 1269 4894 32.
1289 4857 1320 4894 oe
1345 4852 1424 4895 tanto
1442 4843 1558 4894 llostins.

235 4911 355 4964 Facilius
372 4914 469 4966 excidit
488 4922 511 4968 et
531 4927 613 4980 quam
631 4927 672 4963 oe.
690 4913 771 4964 ltmr.
791 4937 825 4948 -
860 4913 904 4964 33.
924 4929 989 4980 qnos
1008 4928 1118 4978 mopraoe
1138 4927 1177 4978 pr.
1197 4912 1253 4972 Μ..
1273 4928 1325 4976 qno
1342 4928 1440 4980 mupna
1459 4915 1478 4966 B
1497 4927 1558 4964 cnm

238 4996 308 5033 corr.
329 4983 367 5035 Μ.
