3628 5876
312 427 375 490 202
743 425 1018 493 EPISTOLARUM
1039 428 1091 490 tn
1113 427 1204 490 etit

311 583 404 660 viris,
426 581 539 662 lanan
561 581 674 648 deindo
697 581 736 648 de
754 583 919 670 praemiis,
953 583 979 648 si
999 581 1055 648 tibi
1076 581 1221 658 videtur,
1249 601 1342 668 agros
1362 603 1474 648 eorum
1491 583 1637 659 militum,

311 678 457 765 quicum
479 677 616 743 Antonio
635 677 774 744 ueterani
795 678 937 752 luerunt,
959 677 999 742 iis
1019 675 1139 743 dnudns
1154 697 1281 742 censeas
1303 676 1343 742 ab
1362 679 1505 764 utrisque
1526 677 1636 756 nobis;

312 771 351 837 de
372 771 525 846 nummis,
547 771 631 837 lente
651 791 687 838 ec
712 771 834 837 ratione
860 769 966 836 babita
988 770 1154 856 pecuniae;
1184 777 1324 836 seriatum
1343 770 1383 836 de
1404 793 1441 837 ea
1462 793 1498 836 re
1521 772 1638 838 consti-

312 875 462 932 tuturum.
506 869 662 943 Quattuor
682 863 858 950 legionibus
876 865 930 938 iis,
953 863 1067 951 quibus
1089 886 1182 950 agros
1204 865 1323 931 dandos
1338 867 1519 941 consuistis,
1540 867 1637 935 video

288 959 485 1026 tlbcultatem
506 960 576 1025 lore
598 982 639 1026 ex
660 960 744 1045 agris
765 959 898 1041 iSilaui
921 967 952 1024 et
971 979 1049 1043 agro
1073 963 1246 1046 Campan03
1276 959 1448 1047 aequaliter
1474 971 1528 1026 aut
1548 975 1636 1028 sorte

310 1073 403 1139 agros
424 1052 599 1138 legionibus
617 1053 767 1139 assignari
787 1063 863 1140 puto
885 1061 1044 1139 oportere.
1097 1059 1130 1119 d.
1155 1057 1237 1119 llaec
1251 1075 1302 1119 me
1323 1054 1379 1118 tibi
1405 1053 1544 1121 scribere
1571 1077 1634 1122 nou

311 1146 475 1234 prudentia
503 1169 573 1213 mea
601 1148 761 1223 bortatur,
784 1147 839 1212 scd
861 1169 951 1212 amor
975 1147 1007 1212 iu
1031 1156 1060 1212 te
1081 1156 1113 1212 et
1134 1147 1287 1233 cupiditas
1308 1148 1381 1222 otii,
1405 1149 1491 1236 quod
1513 1155 1579 1216 sine
1603 1163 1634 1216 te

310 1241 481 1306 consistere
501 1263 565 1308 non
586 1251 697 1328 potest.
740 1245 827 1327 Ego,
849 1241 909 1306 nisi
932 1240 1022 1306 valde
1044 1262 1170 1307 necesse
1191 1242 1307 1317 fuerit,
1329 1263 1371 1307 ex
1392 1243 1480 1309 ltalia
1494 1264 1558 1310 nou
1579 1265 1635 1308 ex·

311 1334 429 1400 cedam.
471 1336 624 1421 Legiones
646 1356 754 1409 armo,
782 1355 880 1422 paro;
910 1355 1003 1421 spero
1034 1357 1083 1400 me
1105 1356 1167 1400 aon
1189 1336 1359 1421 pessimum
1383 1343 1559 1404 exercitum
1581 1338 1635 1402 ba·

275 1437 301 1477 ¹⁰
311 1427 449 1493 biturum
479 1427 518 1493 ad
546 1449 655 1494 omnes
683 1449 772 1494 casus
812 1436 844 1493 et
873 1429 1008 1515 impetus
1043 1429 1215 1495 bominum.
1269 1434 1315 1494 Ite
1345 1431 1506 1506 exercitu,
1538 1453 1631 1518 quem

311 1527 407 1587 Pausa
428 1520 548 1599 babuit,
570 1523 727 1608 legionem
748 1522 824 1588 mibi
844 1525 957 1588 Caesar
976 1543 1039 1587 uon
1061 1523 1202 1589 remittit.
1244 1521 1291 1588 Ad
1315 1523 1371 1588 bas
1391 1524 1508 1590 litteras
1529 1525 1630 1591 statim

312 1615 387 1681 mibi
406 1617 545 1682 rescribe
574 1626 764 1704 tuorumque
787 1616 924 1704 aliquem
950 1616 1054 1692 mitte,
1088 1616 1211 1705 siquid
1233 1617 1429 1683 reconditum
1450 1623 1551 1704 magis
1573 1618 1633 1682 erit

311 1731 423 1799 meque
445 1711 527 1778 scire
547 1731 628 1798 opus
650 1733 719 1778 esse
739 1711 872 1798 putaris.
914 1731 991 1777 vrrr.
1014 1710 1081 1779 llal.
1103 1717 1186 1788 lun,
1207 1711 1375 1800 Eporedia.

771 1883 855 1944 xxi.
897 1880 950 1960 (Α.
977 1883 1009 1944 o.
1032 1883 1063 1945 c.
1086 1878 1170 1964 711.)

275 2021 301 2062 e
525 1995 567 2058 u.
589 1993 732 2058 oceno
755 1994 1055 2059 s.n.n.u1roro
1078 1997 1156 2058 rue.
1180 1995 1264 2060 eos,
1285 1996 1414 2060 nasto.

395 2116 425 2179 l.
446 2113 505 2179 Dei
530 2112 583 2178 isti
615 2113 743 2198 Segulio
771 2113 851 2178 male
883 2111 1009 2189 iaciant,
1041 2114 1159 2179 bomini
1185 2114 1377 2201 nequissimo
1399 2115 1557 2192 omnium,
1581 2118 1634 2204 qui

310 2217 396 2282 sunt,
429 2207 484 2294 qni
515 2204 659 2279 iirerunt,
697 2207 752 2293 qui
780 2206 878 2271 futuri
904 2211 993 2272 suutl
1032 2203 1135 2284 Quidr
1166 2217 1199 2272 tu
1221 2208 1309 2274 illum
1334 2219 1434 2274 tecum
1457 2211 1559 2277 solum
1582 2223 1635 2277 ant

309 2323 381 2367 cum
403 2305 557 2367 Caesarei
591 2300 646 2387 qni
668 2301 825 2365 nemiuem
847 2302 1113 2387 praetermiserit,
1143 2302 1271 2388 quicum
1293 2302 1382 2388 loqui
1404 2306 1561 2390 potuerit,
1585 2307 1634 2373 cui

311 2419 373 2462 nou
406 2395 515 2461 eadem
546 2394 604 2460 ista
635 2393 760 2462 dixerit.
805 2401 848 2460 Te
879 2405 1001 2469 minen,
1038 2395 1080 2460 mi
1105 2400 1220 2469 Brute,
1253 2397 1298 2460 sic
1333 2417 1418 2472 amo,
1454 2408 1489 2465 ut
1515 2399 1631 2476 debeo,

274 2488 396 2577 equod
426 2487 510 2554 istud
536 2486 689 2575 quidquid
718 2497 801 2553 esset
825 2510 980 2574 ungarum
1008 2509 1058 2553 me
1090 2489 1171 2554 scire
1200 2489 1337 2556 voluisti.
1390 2491 1520 2578 Signum
1550 2495 1634 2560 euim

311 2604 456 2670 magnum
475 2587 592 2648 amoris
613 2580 735 2647 dedisti.
785 2587 816 2648 2.
838 2587 914 2648 Nam
937 2582 1022 2670 quod
1043 2581 1128 2648 idem
1150 2583 1314 2667 Segulius,
1337 2594 1502 2652 veteranos
1524 2589 1634 2675 queri,

145 2688 219 2775 μί’
297 2677 396 2779 (quod
424 2687 457 2742 tu
486 2683 517 2740 et
541 2680 654 2743 Caesar
675 2676 709 2741 in
730 2675 915 2742 decemviris
938 2697 1001 2742 nou
1037 2657 1166 2770 essetis)
1202 2677 1320 2743 utinam
1350 2698 1389 2742 ue
1419 2701 1478 2765 ego
1507 2683 1634 2768 quidem

311 2774 428 2837 esseml
467 2770 550 2847 Quid
578 2771 661 2836 enim
682 2771 869 2837 molestius?
904 2771 966 2837 Sed
998 2780 1118 2846 tamen,
1148 2791 1220 2836 eum
1245 2791 1304 2857 ego
1327 2774 1493 2839 sensissem
1516 2775 1554 2840 de
1576 2777 1632 2852 iis,

311 2869 365 2953 qni
390 2864 547 2930 exercitus
569 2864 734 2938 baberent,
757 2865 940 2931 sententiam
957 2863 1035 2930 lerri
1055 2876 1220 2953 oportere,
1243 2864 1338 2930 iidem
1358 2866 1422 2944 illi,
1445 2869 1499 2954 qui
1523 2870 1634 2946 solent,

274 2984 301 3020 se
310 2962 529 3028 reclamarunt.
581 2965 688 3047 ltaque
717 2961 840 3047 excepti
870 2961 963 3027 etiam
991 2960 1083 3036 estis,
1117 2975 1167 3024 me
1196 2961 1397 3027 vehementer
1430 2975 1633 3050 repugnante.

311 3057 466 3136 Quocirca
489 3055 649 3141 Segulium
664 3054 871 3140 negligamus,
895 3055 950 3143 qui
975 3075 1028 3121 res
1048 3075 1144 3119 novas
1160 3055 1302 3142 quaerit:
1326 3075 1388 3120 non
1408 3077 1472 3143 quo
1495 3066 1634 3123 veterem

309 3150 544 3218 comederit-
566 3149 783 3215 nullameuim
808 3148 915 3214 babuit
935 3185 992 3222 -,
1030 3147 1088 3215 sed
1114 3149 1192 3213 banc
1216 3148 1317 3234 ipsam
1337 3160 1496 3215 recentem
1521 3173 1634 3218 novam

310 3245 483 3311 devoravit.
537 3248 567 3309 3.
598 3242 693 3321 Quod
716 3253 818 3309 autem
840 3242 949 3309 scribis
975 3251 1025 3319 te,
1058 3243 1143 3329 quod
1163 3263 1221 3329 pro
1241 3253 1271 3309 te
1294 3242 1363 3329 ipso
1382 3264 1445 3309 non
1469 3245 1580 3320 iacias,
1603 3247 1635 3312 id

310 3361 370 3427 pro
391 3361 463 3414 me,
492 3348 527 3405 ut
556 3337 596 3402 de
618 3359 669 3402 me
690 3337 799 3402 timeas
821 3336 960 3425 aliquid,
990 3338 1076 3403 omni
1101 3347 1147 3412 te,
1169 3338 1219 3402 vir
1240 3337 1357 3422 optime
1380 3339 1519 3427 mihique
1540 3341 1635 3406 caris·

274 3453 301 3490 ³⁰
311 3435 390 3500 sime
413 3438 524 3509 Brute,
547 3431 587 3497 de
616 3453 667 3496 me
692 3441 778 3497 metu
802 3429 914 3499 libero.
971 3439 1038 3519 Ego
1062 3433 1161 3507 enim,
1181 3425 1273 3520 *quae
1294 3432 1455 3519 provideri
1470 3443 1632 3520 poterunt,

310 3549 374 3593 nou
401 3526 493 3592 fallar
517 3527 549 3592 iu
581 3526 635 3602 iis;
658 3545 739 3613 quae
770 3526 944 3592 cautionem
966 3548 1030 3592 nnn
1053 3525 1229 3602 habebunt,
1266 3525 1304 3591 de
1325 3525 1364 3591 iis
1387 3547 1450 3591 nou
1477 3529 1519 3592 ita
1545 3528 1634 3593 valde

310 3619 433 3687 laboro.
485 3621 550 3685 Sim
574 3621 657 3686 enim
681 3617 863 3705 impudens,
897 3622 924 3686 si
945 3622 1015 3706 plus
1032 3621 1202 3707 postulem,
1232 3642 1326 3708 quam
1348 3620 1466 3686 bomini
1488 3643 1505 3685 a
1527 3643 1633 3688 rerum

311 3722 421 3780 natura
450 3714 548 3781 tribui
570 3723 682 3802 potest.
735 3718 765 3779 4.
789 3713 883 3790 Quod
904 3714 982 3779 mibi
1002 3715 1173 3801 praecipis,
1206 3724 1241 3781 ut
1262 3735 1403 3789 caveam,
1436 3737 1475 3780 ne
1496 3716 1634 3782 timendo

311 3806 410 3891 magis
432 3807 542 3872 timere
563 3827 674 3892 cogar,
697 3814 729 3872 et
746 3806 901 3891 sapienter
918 3816 949 3872 et
969 3809 1156 3876 amicissime
1174 3809 1339 3895 praecipis.
1383 3810 1445 3874 Sed
1462 3811 1556 3876 velim
1577 3810 1632 3876 tibi

275 3900 513 3988 ”persuadeas
544 3923 616 3967 cum
640 3909 670 3967 te
701 3909 821 3966 constet
842 3901 997 3967 excellere
1024 3904 1084 3969 boc
1114 3923 1229 3988 genere
1256 3903 1392 3978 virtutis,
1420 3911 1456 3968 ut
1477 3925 1634 3990 nunquam

310 3995 504 4070 extimescas,
527 4017 684 4083 nunquam
704 3993 906 4082 perturbere,
929 4016 979 4061 me
1000 3995 1073 4063 huic
1094 4005 1165 4062 tuae
1186 3998 1294 4062 virtuti
1313 3997 1460 4082 proxime
1475 3995 1633 4063 accedere.

311 4087 527 4168 Quamobrem
549 4110 608 4154 nec
628 4098 765 4155 metuam
787 4086 956 4175 quidquam
979 4098 1010 4154 et
1031 4088 1149 4156 cavebo
1170 4092 1285 4158 omnia.
1330 4089 1392 4156 Sed
1414 4089 1503 4163 vide,
1527 4112 1566 4155 ne
1582 4101 1633 4156 tua

176 4211 193 4259 t
311 4183 389 4259 iam,
426 4185 470 4249 mi
499 4189 612 4260 Brute,
650 4183 741 4269 culpa
768 4182 873 4249 futura
895 4182 949 4258 sit,
977 4183 1004 4248 si
1026 4204 1086 4269 ego
1108 4184 1279 4271 quidquam
1301 4185 1444 4260 timeam;
1467 4185 1528 4256 tuis
1550 4185 1633 4250 enim

311 4277 425 4364 opibbs
446 4288 477 4343 et
497 4279 660 4344 consulatu
680 4285 753 4353 tuo,
788 4275 880 4342 etiam
903 4279 929 4341 si
946 4277 1047 4342 timidi
1069 4299 1222 4355 essemus,
1253 4287 1357 4344 tamen
1386 4298 1512 4342 omnem
1545 4278 1635 4343 timo-

194 2119 204 2149 qi

179 2176 198 2218 c

274 4388 379 4437 torem
401 4370 621 4474 abiicqcrmus3
643 4370 827 4458 praesertim
849 4392 920 4435 cum
938 4391 1122 4456 persuasum
1145 4371 1291 4438 omnibus
1313 4381 1396 4436 esset
1416 4371 1555 4457 mihique
1570 4393 1635 4436 ma-

311 4465 411 4541 xime,
440 4489 457 4531 a
480 4477 510 4532 te
533 4487 590 4532 nos
611 4467 703 4532 unice
725 4465 823 4550 diligi.
867 4469 896 4530 5.
919 4464 1062 4530 Consiliis
1084 4465 1166 4540 tuis,
1190 4487 1271 4552 quae
1291 4465 1402 4531 scribis
1425 4463 1464 4529 de
1486 4475 1634 4550 quattuor

380 4664 406 4715 ἓ.
427 4666 460 4715 iit
479 4667 520 4718 N:
540 4667 580 4716 bis
596 4667 657 4716 bill.
681 4691 705 4700 -
727 4669 843 4730 utrmque
860 4674 979 4716 nostrum
997 4666 1154 4726 Manutius,
1173 4674 1284 4731 utroquo
1300 4673 1421 4717 oostntm
1433 4666 1633 4716 Lambinus.—

309 4733 337 4785 d.
357 4735 398 4784 itia
417 4735 453 4784 Μ.
484 4760 514 4772 ·-
551 4737 578 4787 5.
599 4735 685 4786 Silani
703 4735 751 4786 M:
781 4737 896 4786 Sullanis
924 4737 1122 4801 detectique
1142 4739 1321 4788 correctione.
1364 4733 1480 4799 (Stellati
1506 4743 1531 4787 at
1559 4737 1634 4786 Com·

308 4805 566 4868 paooScbtttzius.)
588 4829 618 4841 -
655 4805 681 4854 8.
700 4820 754 4855 non
772 4820 826 4855 om.
848 4806 885 4857 Μ.
906 4831 937 4843 -
974 4807 1017 4856 13.
1038 4809 1238 4870 opusembi:
1260 4819 1324 4871 opus
1342 4806 1373 4856 Ε.
1394 4831 1425 4842 -
1463 4806 1631 4857 idlias’lla

312 4873 358 4924 Dii
381 4873 412 4924 E.
433 4903 465 4912 -
500 4879 545 4928 ih.
572 4877 728 4924 sententiam
749 4877 812 4940 ferri
837 4875 864 4924 b.
894 4875 913 4925 1.
935 4890 1043 4938 prorsus
1062 4871 1181 4948 ἄκυρον.
1216 4879 1286 4928 Fort.
1310 4875 1337 4926 S.
1359 4877 1386 4927 c.
1406 4877 1463 4942 ficri
1481 4877 1631 4927 secundum

313 4957 416 4993 morem
440 4945 506 4997 Cod.
535 4947 562 4998 Μ
590 4946 751 5007 compendia
778 4948 925 5010 scripturae
953 4959 1079 5010 perverse
1108 4947 1311 5011 interpretandi.
1343 4947 1394 4997 Oa.
1413 4973 1446 4982 —
1483 4947 1526 4996 at.
1546 4949 1575 4995 io
1593 4948 1633 4995 iis

312 5013 350 5062 Μ.
381 5037 412 5050 -
448 5015 773 5069 dsiislttdaltistill.
805 5041 837 5056 -
872 5017 1085 5069 :izaimecntm
1107 5017 1144 5068 Μ.
1176 5043 1204 5056 -
1244 5017 1412 5068 summ:
1438 5017 1567 5081 Μικκ-
1601 5039 1631 5054 ·-

313 5089 409 5134 metum
427 5085 464 5136 Μ.
