3656 5868
275 473 278 483 ‚
306 405 348 470 50
738 401 1013 466 nrlsronsnuu
1033 402 1087 464 ab
1109 401 1200 466 sau.

304 569 430 647 praeter
450 579 560 626 omnes
581 578 684 631 meos,
713 555 768 644 qni
788 566 862 624 sunt
881 577 992 622 omnes
1013 556 1069 622 tui.
1112 555 1382 624 Stomaebosiores
1401 578 1488 625 meas
1509 558 1630 644 litteraq

303 675 381 742 quas
402 653 487 720 dicas
508 674 593 728 esse,
615 673 680 720 non
699 652 850 738 intelligo.
892 649 944 716 Bis
965 649 1005 716 ad
1026 659 1057 715 te
1080 651 1207 738 scripsi,
1230 672 1281 716 mo
1301 671 1438 738 purgans
1452 651 1629 738 diligenter.

304 759 334 819 te
356 748 470 815 leniter
490 768 638 814 accusans
659 746 693 811 in
713 766 771 822 eo,
794 743 880 832 quod
901 743 941 809 de
963 765 1014 809 me
1034 743 1097 811 cito
1111 743 1316 811 credidisses:
1339 746 1426 832 quod
1440 767 1538 833 genus
1553 768 1630 834 que·

302 845 388 910 relae
410 841 486 908 mibi
507 841 634 929 quidem
654 837 820 907 videbatur
842 859 911 904 esse
932 837 1040 916 amici;
1071 838 1120 904 sin
1142 838 1199 904 tibi
1221 838 1382 926 displicet,
1412 861 1476 906 non
1495 849 1568 907 utar
1588 863 1629 908 eo

279 937 443 1024 spostbac.
487 935 549 1002 Sed
570 935 613 1008 si,
635 943 672 1000 ut
692 931 823 1006 scribis,
845 952 901 996 eae
916 931 1039 998 litterae
1054 953 1117 998 non
1132 932 1259 998 luerunt
1273 932 1427 1010 disertae,
1449 936 1528 1002 scito
1542 957 1629 1002 meas

303 1052 366 1097 non
388 1029 495 1096 fuisse.
538 1033 576 1094 Ut
596 1028 680 1094 enim
700 1025 898 1095 Aristarchus
921 1026 1051 1092 Homeri
1072 1047 1199 1094 versum
1222 1037 1330 1112 negat,
1353 1048 1447 1114 quem
1469 1050 1533 1095 non
1554 1049 1630 1117 pro-

302 1123 371 1201 bat,
407 1123 453 1191 sic
480 1133 515 1189 tu
537 1121 677 1189 -libet
701 1122 784 1188 enim
813 1119 890 1186 milri
916 1119 1015 1186 iocari
1040 1155 1094 1196 -‚
1120 1121 1205 1207 quod
1227 1121 1380 1187 disertum
1400 1144 1464 1190 non
1485 1124 1565 1199 erit,
1587 1144 1628 1190 ne

300 1219 423 1308 putoris
443 1238 558 1284 meum.
609 1217 706 1292 Vale,
739 1225 771 1282 et
790 1215 824 1282 in
846 1233 978 1280 censura
999 1250 1041 1262 -
1062 1214 1090 1280 si
1110 1213 1173 1280 iam
1193 1235 1228 1282 es
1249 1235 1378 1293 censor,
1410 1226 1446 1283 ut
1466 1237 1562 1304 spero
1582 1251 1625 1266 -·

301 1312 342 1382 de
362 1333 484 1400 proavo
505 1311 639 1378 multum
659 1309 796 1396 cogitato
817 1320 884 1376 tuo.

266 1473 292 1515 n
772 1451 843 1515 nn.
886 1448 935 1534 (s.
961 1449 993 1514 n.
1017 1449 1049 1514 e.
1070 1445 1156 1534 ros.)

726 1573 870 1639 CICERO
890 1575 951 1636 ΑΡ.
971 1571 1154 1638 PULCHRO
1177 1572 1210 1636 S.

387 1693 416 1755 1.
439 1684 629 1756 Gratulabor
648 1684 707 1752 tibi
724 1683 812 1774 prius
834 1713 873 1726 -
896 1682 940 1748 ita
954 1682 1037 1748 enim
1053 1703 1160 1748 rerum
1176 1680 1257 1749 ordo
1271 1684 1408 1770 postulat
1429 1715 1490 1760 -·.
1513 1683 1627 1752 deinde

299 1780 340 1848 ad
366 1801 416 1848 me
445 1789 620 1850 convertar.
663 1783 732 1864 Ego
757 1798 836 1844 vero
863 1775 1067 1843 vehementer
1094 1777 1237 1862 gratulor
1262 1775 1302 1842 de
1329 1777 1448 1844 iudicio
1469 1778 1625 1847 ambitnsa

299 1897 403 1962 neque
423 1874 472 1949 id,
494 1873 580 1963 quod
602 1873 718 1940 nemini
740 1871 871 1938 dubium
891 1869 967 1946 linit,
989 1869 1167 1936 absolutum
1180 1879 1311 1946 ossele,
1335 1870 1390 1936 sed
1413 1871 1507 1950 illud,
1529 1874 1625 1961 quod,

264 1990 366 2057 raquo
385 1968 499 2040 melior
520 1967 615 2044 civis,
638 1988 702 2055 quo
724 1967 774 2032 vir
795 1965 931 2041 clarior,
953 1984 1019 2051 quo
1039 1962 1155 2031 sortior
1167 1961 1287 2030 amicus
1308 1985 1363 2040 es,
1386 1987 1513 2054 qnoque
1534 1967 1626 2054 plura

298 2063 438 2139 virtutis,
469 2061 641 2128 industriae
663 2070 846 2127 ornamenta
866 2059 899 2124 in
921 2065 1059 2133 lesum,
1086 2077 1126 2123 eo
1147 2057 1325 2124 mirandum
1356 2069 1405 2126 est
1436 2060 1535 2145 magis
1555 2061 1626 2127 nul-

297 2156 359 2224 lam
386 2177 426 2222 ue
453 2157 487 2224 in
519 2153 652 2223 tabellae
684 2152 812 2242 quidem
840 2151 959 2218 latebra
986 2151 1085 2218 finisse
1114 2148 1327 2218 absconditam
1357 2152 1624 2229 malevolentiam,

297 2271 378 2338 quae
401 2260 431 2317 te
452 2249 637 2336 impugnare
659 2246 799 2314 auderet.
851 2251 920 2312 Non
942 2245 1056 2314 borum
1078 2252 1272 2331 temporum,
1302 2266 1365 2311 non
1387 2246 1502 2313 borum
1523 2247 1625 2314 bomi-

297 2365 375 2410 num
400 2354 494 2430 atque
523 2364 649 2410 morum
677 2341 858 2428 negotium!
886 2338 969 2404 Nihil
990 2337 1054 2404 iam
1075 2359 1145 2404 sum
1176 2337 1301 2424 pridem
1320 2339 1492 2408 admiratura
1508 2343 1623 2428 megia.

260 2439 329 2506 2⁰2.
350 2443 398 2504 De
420 2447 611 2512 meantem,
640 2434 764 2522 suscipe
795 2433 966 2521 paullisper
994 2453 1080 2498 meas
1109 2441 1214 2519 partes
1236 2443 1268 2498 et
1289 2453 1360 2499 eum
1383 2443 1414 2500 te
1435 2457 1504 2501 esse
1525 2435 1622 2522 linge,

298 2533 353 2620 qui
376 2553 445 2598 sum
467 2552 544 2618 ego;
581 2531 608 2596 si
628 2529 719 2595 facile
740 2527 899 2594 inueneris
920 2526 998 2613 quid
1019 2526 1118 2601 meas.
1155 2526 1221 2592 noli
1241 2527 1405 2612 ignoscere
1426 2529 1623 2596 haesitationi

297 2647 398 2694 meae.
453 2629 521 2710 Ego
552 2644 630 2690 vero
657 2622 751 2690 velim
778 2621 856 2688 mibi
885 2619 1067 2707 Tulliaeque
1087 2641 1193 2695 meae,
1230 2620 1311 2686 siml
1332 2630 1366 2687 tu
1386 2622 1569 2690 etnicissime
1592 2632 1624 2690 et

297 2719 480 2788 suavissime
509 2729 613 2806 optas,
647 2737 800 2804 prospere
822 2716 950 2783 evenire
973 2737 1026 2792 ea,
1063 2737 1144 2802 quae
1165 2737 1216 2781 me
1237 2715 1388 2782 insciente
1412 2717 1491 2783 lacta
1511 2727 1623 2784 sunta

296 2814 390 2882 meis:
413 2812 469 2881 sed
480 2813 522 2880 ita
538 2811 703 2888 cecidisse,
726 2820 762 2878 ut
772 2819 940 2896 agerentur
954 2831 993 2876 eo
1008 2818 1152 2896 tempore
1167 2845 1207 2857 -
1219 2830 1314 2896 spero
1335 2811 1464 2877 omnino
1478 2832 1550 2878 cum
1567 2811 1624 2878 ali-

259 2929 359 2994 asqua
379 2906 527 2973 felicitate
543 2916 576 2973 et
589 2914 666 2993 opto
679 2940 730 2979 -,
752 2888 980 2975 verumtamen(
982 2905 1052 2991 plus
1067 2924 1118 2969 me
1134 2904 1167 2971 in
1189 2904 1247 2970 bac
1268 2925 1324 2991 spe
1345 2913 1398 2972 tua
1419 2905 1569 2993 sapientia
1590 2915 1623 2972 et

296 3001 471 3070 humanitas
492 2987 789 3102 conffltuquuam
810 2998 1028 3085 opportunitas
1050 2990 1216 3083 temporis}
1266 3002 1389 3084 ltaque,
1419 2999 1622 3088 quemadmo-

296 3097 370 3164 dum
399 3095 567 3184 expediam
593 3093 713 3160 exitum
734 3093 828 3159 buius
854 3092 1011 3160 institutae
1034 3092 1201 3168 orationis,
1235 3113 1298 3158 non
1318 3092 1456 3180 reperio.
1514 3099 1621 3182 Neque

295 3191 380 3258 enim
400 3190 519 3258 tristim
546 3188 651 3255 dicere
673 3186 845 3274 quidquam
865 3187 967 3254 debeo
988 3208 1025 3252 ea
1046 3186 1086 3252 de
1113 3207 1166 3263 re,
1203 3207 1298 3274 quam
1319 3196 1353 3252 tn
1373 3187 1442 3274 ipse
1463 3187 1622 3256 ominibus

295 3285 422 3374 optimis
443 3281 667 3372 prosequeris,
689 3301 791 3368 neque
813 3302 877 3347 non
899 3303 948 3346 me
963 3289 1067 3346 umen
1082 3279 1209 3347 mordet
1223 3279 1351 3368 aliquid.
1394 3285 1430 3347 ln
1444 3303 1509 3367 quo
1523 3302 1620 3348 unum

258 3399 358 3445 anon
380 3394 512 3453 vereor,
545 3399 584 3444 ne
606 3387 640 3444 tu
661 3397 772 3462 parum
794 3375 965 3461 perspicias
987 3395 1038 3452 ea,
1071 3394 1152 3462 quae
1174 3382 1260 3458 gesta
1282 3374 1361 3448 sint,
1397 3375 1437 3442 ab
1459 3375 1529 3441 aliis
1551 3397 1620 3442 esse

294 3479 402 3556 gesta,
425 3467 540 3557 quibus
562 3491 622 3556 ego
644 3469 687 3535 ita
708 3467 907 3542 mandaram,
925 3476 976 3542 ut,
999 3487 1070 3534 cum
1085 3476 1148 3533 tam
1169 3467 1262 3552 longe
1283 3467 1426 3535 afuturus
1447 3491 1558 3546 essem,
1580 3468 1620 3535 ad

295 3585 346 3630 me
367 3584 407 3630 ne
428 3563 599 3639 referrent,
628 3571 759 3648 agerent
780 3559 864 3650 qnod
887 3561 1082 3648 probassent.
1125 3565 1155 3629 3.
1178 3566 1214 3627 ln
1235 3561 1296 3628 boe
1317 3572 1422 3628 antem
1443 3563 1520 3628 mibi
1542 3563 1620 3631 illud

295 3658 451 3724 occurrit:
473 3657 585 3736 sonia
606 3665 639 3722 tu
661 3656 773 3743 igitur,
795 3655 822 3721 si
844 3655 1032 3722 allisissest''
1074 3660 1152 3721 lte'm
1174 3654 1374 3742 probassem
1397 3655 1436 3722 de
1457 3665 1619 3743 tempore,

295 3749 373 3817 nibil
393 3760 425 3817 te
445 3751 562 3825 invito,
594 3751 672 3817 nibil
694 3751 761 3816 sine
782 3749 915 3816 consilio
937 3747 1068 3834 egissem
1091 3758 1157 3816 tuo.
1210 3749 1306 3815 Vides
1334 3749 1449 3816 sudare
1471 3771 1523 3816 me
1543 3751 1620 3816 iam-

258 3842 415 3914 andndum
443 3842 656 3921 laborantem,
686 3842 847 3933 quomodo
875 3864 912 3908 ea
934 3853 1040 3919 tuear,
1074 3863 1155 3930 quae
1176 3842 1254 3910 mibi
1275 3843 1390 3910 tuenda
1411 3853 1499 3922 sunt,
1528 3854 1560 3910 et
1588 3853 1619 3910 te

295 3958 359 4007 non
379 3937 548 4006 offendam.
605 3942 688 4004 Leve
710 3959 760 4006 me
781 3937 877 4023 igitur
898 3936 958 4004 boc
977 3957 1092 4015 onere3
1125 3957 1285 4024 nunquam
1306 3936 1389 4003 enim
1410 3938 1487 4005 milri
1508 3938 1620 4005 uideor

295 4039 443 4100 tractasse
471 4051 597 4100 causam
623 4032 842 4098 difficiliorem.
885 4031 938 4096 Sic
966 4029 1079 4098 habeto
1099 4041 1220 4098 tamem
1254 4030 1316 4097 nisi
1336 4031 1397 4096 iam
1418 4039 1493 4097 turm
1514 4032 1619 4098 omnia

295 4125 421 4211 negotia
441 4146 513 4192 orm
534 4147 654 4194 summa
676 4134 730 4194 tna
750 4125 899 4212 dignitate
913 4124 1149 4210 diligentissime
1163 4123 1382 4199 coniecissem,
1405 4125 1527 4192 tametsi
1542 4125 1617 4198 nibil

295 4218 462 4288 videbatur
490 4220 531 4289 ad
556 4241 661 4287 meum
690 4241 766 4306 erga
792 4228 822 4285 te
851 4218 1017 4306 pristinum
1044 4219 1182 4284 studium
1203 4216 1276 4284 addi
1297 4239 1407 4305 posse,
1436 4229 1539 4286 umen
1561 4219 1618 4284 bao

257 4313 372 4384 mmibi
391 4313 541 4382 affinitate
561 4315 700 4382 nuntiata
721 4335 785 4381 non
806 4315 926 4381 maiore
948 4312 1094 4401 equidem
1115 4311 1235 4387 studio,
1257 4311 1313 4378 sed
1329 4313 1446 4388 acrius,
1468 4312 1617 4400 apertius,

295 4408 518 4496 significantius
548 4409 728 4496 dignitatem
757 4418 842 4475 tuam
869 4407 1089 4474 defendissem.
1138 4412 1169 4472 d.
1191 4405 1359 4472 Decedenti
1381 4405 1473 4481 mibi,
1503 4414 1535 4470 et
1555 4405 1617 4470 iam

295 4503 430 4592 imperio
450 4523 555 4570 annuo
581 4504 768 4579 terminato,
790 4501 961 4568 antediem
984 4520 1036 4568 nr.
1057 4507 1160 4569 Nonas
1183 4499 1330 4577 Sextiles,
1358 4521 1429 4566 cum
1452 4498 1617 4568 adsidam

365 4713 393 4765 8.
412 4715 505 4765 tantm
523 4713 635 4764 Codices
652 4713 773 4776 aliquota
802 4713 892 4764 lsettsr
908 4712 968 4766 bill.
985 4736 1015 4748 -
1035 4711 1061 4763 5.
1082 4710 1197 4762 casib:
1217 4711 1266 4761 lace
1283 4709 1385 4762 1111-
1406 4709 1616 4760 duonum.-

294 4784 468 4835 ·1.dsssrtam
486 4783 524 4835 ll.
552 4806 583 4817 -
620 4783 646 4833 8.
672 4781 709 4848 eal
728 4790 764 4833 est
783 4782 820 4835 bl.
849 4809 881 4820 -
917 4783 960 4834 td.
980 4784 1106 4842 otrtutts,
1133 4783 1281 4832 indutriae
1297 4779 1344 4832 bl:
1375 4781 1482 4830 sartam
1500 4786 1524 4831 st
1542 4780 1616 4829 tadu·

295 4853 424 4904 statuali.
445 4853 568 4903 -mtlla
586 4854 624 4906 bl.
654 4878 683 4890 ·-
721 4852 765 4903 21.
791 4852 1005 4918 qutdllquuod
1023 4853 1053 4902 ll.
1081 4876 1109 4887 -
1147 4851 1330 4902 28.me
1348 4849 1437 4900 bl.-
1473 4849 1617 4900 ”mmm

294 4936 349 4972 aon
373 4937 466 4974 esrem
490 4923 534 4975 blr
559 4937 641 4973 amm
666 4935 757 4973 earam
787 4921 879 4972 11.-
914 4921 1174 4988 semeonis.
1202 4945 1234 4958 -
1268 4918 1617 4972 asturensem-nt

295 4991 347 5043 etta
371 4991 455 5058 Neap.
482 4992 576 5042 bamb.
611 5019 636 5030 -
674 4991 718 5043 aa.
737 4993 845 5042 madere
871 4993 909 5045 bt.
942 5016 973 5029 -
1010 4992 1054 5044 36.
1074 4993 1158 5042 ζουσι»
1174 4989 1311 5057 tptturbl.
1342 5013 1376 5024 -·
1412 4989 1458 5042 37.
1476 4991 1532 5040 mm
1548 5001 1617 5040 nunc

294 5061 412 5116 Genius.
448 5061 504 5114 Cir.
525 5061 603 5114 lland
625 5061 705 5114 Tura.
725 5061 775 5114 lll.
795 5076 822 5127 p.
842 5061 903 5116 m.
923 5085 954 5100 -
990 5062 1035 5114 tt.
1055 5061 1190 5114 dmadcndt
1208 5061 1245 5114 ll.
