3666 5874
1481 373 1550 425 xm

223 520 297 592 iere
321 515 524 587 oxoniensis
544 519 584 597 ab.
606 517 692 605 lipp.
707 517 749 585 ad
774 518 932 588 Atticum.
976 516 1017 586 ld
1034 519 1212 606 praeterea
1225 517 1426 612 natandum,
1447 539 1551 610 saepe

221 625 321 690 fateri
344 619 505 710 criticos,
532 644 565 689 v.
585 642 615 690 c.
637 622 817 691 Graevium
845 621 887 688 de
909 625 1032 709 optimo
1061 644 1138 710 suo,
1172 623 1214 691 de
1238 624 1422 693 Dresdensi
1444 629 1550 713 primo

225 727 458 818 Benedictum,
491 727 740 814 antiquissimos
768 747 916 814 quosque
945 726 1028 796 cdd.
1049 730 1083 796 in
1106 729 1256 796 omnibus
1276 731 1349 798 iere
1370 732 1553 798 simillimos

219 850 297 899 esse
325 830 492 918 Medicet,
525 848 567 898 ae
597 835 737 918 propter
763 830 828 899 hoc
857 834 964 918 ipsum
991 835 1145 901 meliores
1167 835 1309 902 ceteris:
1343 836 1553 903 recentiores

219 939 331 1002 autem
353 942 387 1002 et
410 936 570 1026 vulgatos
594 952 634 1001 ea
658 955 789 1021 quoque
813 939 944 1003 nomine
957 941 1116 1030 agnosci,
1138 937 1228 1025 quad
1242 939 1377 1028 longius
1390 939 1553 1007 recedant

219 1039 456 1107 electionibus
470 1038 561 1124 Md,
583 1037 748 1124 quatenns
771 1031 830 1106 eas
851 1047 1019 1107 noverant
1033 1062 1053 1110 e
1071 1041 1213 1110 Victorii
1228 1046 1349 1130 partim
1364 1038 1463 1112 (luris
1479 1045 1553 1131 pri·
1623 1080 1627 1094 ·

218 1147 281 1210 mis
297 1150 330 1210 et
348 1143 523 1229 secundis,
546 1145 666 1229 partim
681 1145 794 1230 priore
810 1144 956 1212 eiusdem
973 1145 1136 1214 editione:
1160 1149 1190 1214 si
1204 1146 1337 1234 quidem
1352 1150 1553 1236 posteriore,

219 1249 329 1314 tertiis
351 1243 449 1316 Curis
470 1249 635 1315 instructa
658 1267 753 1314 nemo
776 1253 854 1336 post
876 1250 1069 1317 Lambinum
1091 1255 1146 1318 est
1166 1272 1259 1319 usus.

305 1349 460 1420 Ceterum
483 1351 737 1443 diligentissima
758 1355 874 1434 cantio
891 1352 1083 1422 adhibenda
1104 1357 1172 1445 est,
1193 1374 1236 1423 ne
1257 1356 1292 1422 in
1313 1375 1381 1422 uno
1399 1356 1553 1424 alterove

219 1456 345 1526 Codice
367 1456 540 1523 admodum
562 1459 691 1524 recent!
723 1455 831 1542 decipi
863 1477 928 1524 nos
960 1460 1125 1545 patiamur
1155 1459 1337 1528 artificiosa
1362 1462 1554 1547 scripturae

218 1558 416 1630 Secnlorum
443 1559 682 1628 x.x1.x11.
711 1560 939 1648 similitudine,
981 1582 1076 1650 quam
1110 1564 1189 1631 Itali
1223 1560 1301 1632 Sec.
1325 1561 1404 1632 XV.
1432 1564 1553 1650 cupide

219 1665 434 1734 affectabant.
477 1662 551 1748 Qua
582 1665 624 1732 de
650 1685 689 1732 re
711 1659 922 1734 memorabile
944 1671 1059 1734 exstat
1080 1670 1306 1736 testimonium
1327 1669 1362 1735 in
1383 1666 1552 1736 Leonardi

217 1769 324 1836 Brani
339 1769 493 1836 Arretini
506 1769 663 1856 Epistola
681 1769 725 1836 X.
747 1761 864 1858 [ldpp.
880 1772 933 1837 ed.
947 1769 1092 1863 Melius,
1113 1772 1307 1841 Florentiae
1331 1769 1448 1840 1⁷41.
1471 1771 1510 1840 ll.
1523 1773 1552 1840 Ι.

217 1895 250 1962 p.
266 1863 381 1956 ·44.):
419 1869 509 1942 Cum
537 1873 831 1942 Bartholomaeus
858 1865 1086 1962 (episcopus)
1120 1871 1364 1945 Cremoneeuais
1391 1877 1552 1944 columae

216 1977 350 2044 babeat
369 1978 553 2066 praeclare
571 1982 741 2067 scriptum
759 1981 960 2045 aradorium
980 1973 1176 2072 ciceronis,
1198 1984 1309 2071 eupit,
1331 1983 1374 2048 ut
1393 1981 1553 2069 strepuis-

216 2101 297 2150 ram
319 2087 438 2170 capita
458 2081 623 2149 librorum
654 2081 838 2171 splendore
867 2083 1069 2151 litterarum
1094 2083 1347 2151 illuminentur.
1393 2082 1448 2151 d'u
1471 2103 1552 2172 erpo

216 2191 256 2253 iu
277 2205 320 2253 ea
341 2205 380 2251 re
402 2185 621 2275 dilipcatiarn
638 2191 738 2253 taam
756 2184 936 2254 adhibebis
955 2186 1121 2278 dabisque
1138 2205 1299 2277 operam,
1319 2190 1362 2255 ut
1378 2205 1449 2256 uara
1463 2206 1552 2255 auro

215 2308 281 2357 uec
303 2293 451 2382 murice,
487 2291 550 2359 sed
570 2295 707 2358 uetusto
727 2309 825 2357 more
846 2288 915 2358 bae
939 2290 1081 2358 litterae
1105 2290 1209 2378 fiant.
1262 2289 1361 2360 Nam
1381 2295 1552 2360 murare

215 2395 273 2462 ael
289 2393 346 2461 bic
367 2398 554 2486 potuisset,
576 2399 610 2462 si
634 2392 775 2462 huiusce
793 2399 846 2461 rei
873 2395 1050 2477 cupiditas
1078 2399 1195 2482 ipsam
1219 2393 1373 2463 baberet.
1423 2394 1553 2463 Verum

215 2498 304 2565 bace
321 2503 459 2584 sperauit
479 2503 516 2565 et
529 2502 738 2590 arrtipreitati
751 2498 891 2566 deditus
905 2503 968 2566 eat.
1012 2497 1131 2583 Quare
1150 2499 1280 2592 facies,
1302 2504 1343 2567 ut
1365 2499 1430 2568 tibi
1450 2500 1553 2567 oide-

217 2601 312 2670 bitur
327 2607 433 2692 utpue
456 2602 676 2670 existimabis
695 2607 848 2670 amatori
867 2605 1093 2693 antiquitatis
1110 2609 1331 2690 potissimum
1343 2602 1553 2693 pratlficari.

216 2696 528 2789 [Melicum]
571 2705 714 2773 Fraudis
737 2709 847 2773 autem
868 2705 967 2773 huius
996 2707 1184 2793 scripturae
1206 2708 1439 2795 antiquitatem
1456 2707 1551 2775 assi-

215 2809 362 2878 mnlandi
393 2816 491 2878 erant
522 2811 622 2898 periti
654 2810 800 2879 artifices
821 2810 1019 2897 praesertim
1048 2812 1235 2898 scriptores
1255 2811 1382 2880 librarii
1403 2811 1551 2880 Floren-

215 2917 278 2982 iini
298 2934 340 2984 ac
361 2913 647 2983 Mediolanenses.

300 3019 480 3088 Adversus
499 3038 558 3106 ea,
580 3038 665 3106 quae
687 3019 796 3088 adbuc
810 3021 943 3106 prolata
958 3021 1055 3110 sont,
1077 3018 1144 3087 dno
1159 3018 1333 3087 dumtaxat
1348 3021 1428 3087 novi
1442 3037 1551 3113 argu-

215 3128 328 3194 menta
361 3126 532 3194 contraria
562 3123 713 3191 Ernestii
741 3127 776 3190 et
804 3124 983 3191 Wunderi.
1024 3122 1111 3191 Nam
1142 3124 1324 3192 Lambinus
1357 3122 1487 3211 quidem
1514 3127 1551 3192 in

216 3228 404 3298 Adnotati.
420 3229 468 3296 od
489 3227 583 3315 Epp.
599 3227 702 3296 Fam.
722 3231 867 3315 quinque
889 3223 973 3297 cai.
987 3247 1083 3316 suos,
1114 3229 1187 3295 tres
1208 3227 1445 3315 Memmianos,
1467 3229 1550 3296 Cle-

217 3337 363 3403 rieanum
386 3337 421 3401 et
443 3333 668 3422 HnraItinum,
701 3351 880 3420 nusquam,
910 3331 999 3419 quod
1020 3333 1137 3422 sciam,
1162 3330 1321 3400 Mediceo
1343 3332 1550 3421 antiquiores

215 3459 291 3506 esse
323 3437 511 3527 contendit,
550 3442 669 3507 eontra
699 3457 797 3525 quam
827 3438 954 3505 iaelnm
982 3438 1026 3505 ab
1057 3455 1098 3503 eo
1125 3434 1312 3504 videbimus
1333 3439 1368 3504 in
1390 3437 1480 3524 Epp.
1504 3435 1551 3504 ad

215 3541 384 3629 Atticam,
405 3546 439 3609 et
458 3546 553 3611 recto
576 3541 723 3630 quidem,
745 3540 835 3631 qnod
856 3543 978 3609 attinet
1000 3539 1044 3608 ad
1064 3540 1336 3608 'l'ornaesianum
1377 3540 1450 3609 Nee
1464 3559 1549 3608 vero

214 3644 250 3713 id
272 3665 393 3737 magno
425 3665 527 3734 opere
557 3665 621 3712 nos
648 3647 885 3735 commovebit,
919 3647 975 3714 nbi
1005 3645 1151 3712 criticus
1172 3645 1294 3731 aliquis
1314 3639 1430 3713 Seeuii
1452 3642 1550 3712 XVI.

214 3753 464 3839 antiquissimos
486 3751 622 3820 codices
643 3771 664 3818 a
685 3772 723 3819 se
744 3753 918 3838 inspectos
938 3751 1062 3835 iactat,
1084 3750 1179 3816 caius
1194 3749 1333 3839 generis
1354 3767 1453 3815 unum
1475 3748 1550 3814 sai-

214 3859 283 3926 tem
303 3857 438 3924 aileram
461 3857 645 3942 exemplum
668 3875 711 3923 ex
732 3856 783 3925 M
801 3856 932 3923 Cassiis
959 3852 1117 3939 Epistola
1137 3851 1181 3919 ad
1202 3850 1341 3926 Petrum
1362 3851 1550 3921 Victoriam

215 3954 423 4045 (clitum.
436 3964 472 4029 et
485 3956 693 4029 Geranaraor.
704 3959 798 4049 Epp.
810 3959 858 4026 ad
873 3955 916 4025 P.
935 3956 1022 4024 Vici.
1038 3955 1111 4024 Vol.
1122 3952 1171 4021 ΙΙ.
1186 3976 1219 4043 ρ.
1229 3946 1374 4036 2139:
1397 3955 1548 4024 «Amabo

213 4070 266 4156 te,
289 4068 466 4138 considera
486 4071 522 4137 in
542 4067 607 4155 Ep·
625 4066 669 4134 ad
690 4065 838 4151 Appium
859 4058 1050 4147 Claudium,
1078 4060 1132 4127 cui
1157 4060 1358 4146 principium
1380 4063 1434 4127 eat
1455 4057 1548 4128 Plu-

213 4172 310 4242 ribus
323 4174 453 4267 aerbir,
475 4193 554 4242 eune
568 4191 629 4261 epo
644 4187 847 4258 concoenare
869 4186 940 4234 nou
961 4183 1114 4256 possem,
1138 4167 1208 4231 artai
1230 4181 1309 4231 eura
1330 4163 1379 4230 ad
1400 4161 1550 4231 dilemma

213 4296 268 4344 me
287 4297 335 4346 eae
352 4273 479 4346 Otiicia
493 4281 714 4366 recepissem,
738 4291 784 4340 ea
801 4267 929 4340 Cilicia
943 4266 1123 4361 legendum
1137 4285 1295 4351 censeas,
1316 4284 1360 4335 an
1374 4283 1422 4334 ee
1439 4263 1549 4354 Λείας

217 4382 304 4468 quad
323 4384 485 4470 scriptam
506 4385 540 4448 in
562 4379 789 4448 vetustissimo
813 4375 930 4445 codice
953 4374 1029 4440 oiim
1052 4367 1240 4460 Cortonae,
1277 4389 1351 4439 cnm
1372 4369 1419 4436 ibi
1444 4367 1551 4437 dace-

217 4503 300 4572 rem,
334 4487 482 4556 notavi.»
527 4479 660 4556 Scimus
686 4482 861 4566 videlicet,
898 4479 965 4546 illis
986 4476 1193 4564 temporibus
1215 4477 1347 4543 omnino
1371 4471 1453 4541 nibd
1475 4472 1551 4541 ire-

219 4592 369 4676 quentius
390 4591 515 4680 tuisse,
538 4608 634 4677 quam
656 4589 694 4653 ut
714 4587 989 4675 vetustissimae,
1011 4585 1050 4646 ut
1070 4580 1225 4666 alebant,
1253 4579 1397 4646 litterae
1414 4575 1552 4646 codices

216 4697 417 4763 vocarentur
444 4693 688 4763 membranacei
717 4708 825 4778 paene
857 4705 987 4772 omnes,
1019 4687 1042 4750 ii
1064 4701 1214 4772 quoque,
1247 4684 1303 4771 qui
1331 4681 1447 4768 paullo
1470 4685 1551 4750 ante

214 4801 384 4866 inventam
398 4797 661 4890 typographiam
674 4798 791 4864 essent
813 4792 954 4860 exarati.
976 4819 1019 4835 -
1039 4787 1220 4856 Ernestius
1242 4804 1327 4853 vero
1349 4786 1385 4852 in
1406 4782 1550 4873 Pracfi:

215 4896 359 4971 «Gades
375 4923 489 4997 maa,
510 4904 635 4991 inquit,
657 4904 782 4968 ceteris
799 4900 977 4988 maiipaor
995 4897 1066 4986 esi,
1093 4890 1219 4980 seculi,
1245 4894 1288 4958 at
1305 4890 1463 4983 uidetur,
1485 4889 1552 4958 de-

214 5011 295 5076 cimi
320 5014 386 5076 aut
412 5009 624 5078 caruerimus
664 5023 730 5094 qua
757 5000 888 5092 quidem
914 4999 958 5070 de
984 5017 1024 5068 re
1049 4995 1221 5135 dubitarat
1241 4993 1307 5064 iam
1326 4992 1551 5106 Benedictus5

271 5119 431 5168 aeunni.
1167 5103 1181 5135 *
