3668 5936
845 399 903 464 EP.
925 403 977 464 Al)
999 401 1170 466 ATTlCilil

807 615 886 678 mn.
929 615 985 695 (s.
1009 617 1042 679 n.
1065 616 1096 678 c.
1118 610 1210 695 cce.)

830 736 972 803 CICERO
993 734 1137 803 ATTICO
1159 736 1191 799 S.

434 851 462 914 1.
484 846 642 914 Brundisii
671 845 872 933 proficiscens
902 847 1088 933 scripseram
1110 845 1149 911 ad
1170 854 1217 921 te,
1245 865 1323 932 quas
1348 843 1391 914 ob
1412 845 1584 913 causas'in
1611 848 1701 934 Epi-

347 961 418 1008 rum
446 963 510 1007 non
538 963 677 1008 essemus
704 941 855 1026 proiecti3
888 940 973 1028 qnod
1001 951 1033 1005 ct
1060 940 1174 1006 Achaia
1200 959 1300 1026 prope
1326 949 1423 1014 esset,
1458 940 1551 1025 piena
1579 940 1699 1006 auda·

324 1037 544 1102 acissimornm
565 1035 781 1108 inimicorum,
804 1045 835 1100 et
856 1035 959 1100 exitus
981 1034 1121 1099 difficiles
1136 1031 1280 1109 baberet,
1302 1055 1373 1100 cum
1394 1033 1467 1099 inde
1488 1032 1681 1118 proficisce

347 1150 464 1198 remur.
514 1129 668 1202 Accessit,
696 1147 767 1194 cum
795 1128 981 1216 Dyrrhachii
1009 1149 1165 1203 essemus,
1195 1137 1231 1193 ut
1251 1127 1315 1193 duo
1336 1129 1436 1194 nuntii
1457 1127 1695 1193 afferrentur:

247 1301 251 1308 Ι
345 1243 443 1298 unus,
475 1223 573 1288 classe
602 1221 731 1287 fratrem
758 1221 883 1307 Epheso
910 1221 1060 1296 Athenas,
1088 1222 1182 1296 aiter,
1214 1220 1348 1308 pedibus
1375 1241 1433 1307 per
1453 1220 1695 1287 Macedoniam

235 1327 246 1339 ⁴·
345 1311 465 1380 venire.
507 1319 616 1402 ltaque
637 1315 685 1381 iiii
705 1312 830 1380 obviam
852 1315 993 1381 misimus
1014 1314 1162 1390 Athenas,
1195 1328 1231 1381 ut
1250 1314 1323 1380 inde
1344 1315 1604 1381 Thessalonicam
1632 1336 1696 1380 vc·

346 1411 437 1474 niret.
488 1409 552 1493 lpsi
580 1407 790 1494 processimus
819 1417 851 1474 et
877 1408 1125 1474 Thessalonicam
1156 1430 1183 1473 a.
1209 1408 1239 1477 d.
1260 1429 1296 1475 x.
1316 1409 1384 1475 Kal.
1410 1413 1479 1474 lun.
1507 1413 1693 1486 venimus3

310 1517 447 1589 unoque
468 1502 507 1569 de
529 1502 612 1568 iilius
634 1501 747 1567 itincre
769 1503 939 1590 quidquam
966 1503 1044 1568 certi
1065 1501 1272 1578 habebamus,
1304 1502 1365 1568 nisi
1387 1524 1461 1569 cum
1481 1501 1520 1566 ab
1541 1499 1693 1587 Epheso

345 1605 416 1660 ante
437 1595 595 1684 aliquanto
616 1595 803 1681 proiectum.
857 1601 887 1662 1.
908 1600 1011 1671 Nunc,
1041 1596 1111 1661 istic
1131 1597 1206 1683 quid
1228 1605 1354 1682 agatur,
1376 1614 1489 1682 magno
1510 1615 1621 1680 opere
1647 1594 1691 1659 ri-

345 1709 427 1755 meo.
479 1693 675 1776 Quamquam
704 1697 757 1756 lua
784 1689 883 1755 altera
910 1689 1040 1778 epistola
1069 1689 1179 1756 scribis
1208 1689 1255 1755 ld.
1275 1690 1345 1756 llai.
1368 1689 1491 1760 audiri,
1522 1688 1623 1763 iore,
1649 1696 1690 1752 ut

345 1782 448 1848 acrius
469 1783 682 1868 postularetur
689 1805 698 1862 ;
726 1783 839 1860 altera,
861 1783 924 1850 iam
946 1804 1015 1849 csse
1036 1783 1171 1849 mitiora.
1225 1782 1287 1848 Sed
1307 1782 1384 1848 baec
1405 1791 1452 1848 est
1472 1781 1575 1869 pn'dic
1603 1781 1687 1847 data

346 1896 440 1963 quam
461 1875 530 1954 iiia;
560 1898 625 1963 quo
646 1875 819 1943 wuturbor
839 1877 947 1963 magis.
998 1882 1120 1963 ltaque.
1142 1898 1213 1942 cum
1235 1897 1323 1942 meus
1344 1897 1395 1942 me
1416 1897 1544 1942 maeror
1563 1875 1688 1962 quoti-

311 1969 455 2036 aelianus
481 1969 595 2036 lacerat
623 1977 654 2036 ct
680 1969 820 2051 coniicit,
855 1979 922 2037 tum
951 1992 1029 2036 vero
1059 1971 1137 2037 baec
1165 1969 1267 2035 addita
1298 1991 1373 2036 cura
1396 1971 1451 2036 vix
1472 1969 1549 2034 mihi
1571 1969 1684 2034 vitam

344 2063 497 2150 reliquam
523 2063 606 2131 iacit.
665 2062 781 2130 Sedet
807 2063 1270 2151 navigatioperdiiiiciiishsit,
1300 2074 1332 2129 et
1353 2064 1403 2129 iiie
1423 2065 1578 2137 incertus,
1618 2061 1682 2128 ubi

343 2176 403 2240 ego
426 2177 543 2234 essem,
571 2155 705 2223 fortasse
734 2157 829 2223 alium
858 2179 985 2224 cursum
1013 2159 1132 2244 petivit.
1185 2162 1261 2222 Nam
1282 2157 1420 2223 Phaetho
1441 2156 1571 2223 libertus
1595 2177 1682 2221 eum

344 2270 407 2315 non
435 2249 527 2329 vidit;
559 2259 652 2316 vento
681 2251 816 2317 reiectus
842 2250 882 2316 ab
910 2251 966 2317 ilio
995 2252 1027 2316 in
1053 2250 1282 2327 Macedoniam,
1314 2251 1416 2317 Peliae
1443 2243 1682 2336 milffpraesto

344 2340 414 2406 fuit.
455 2342 586 2429 Reliqua
608 2363 702 2430 quam
723 2343 799 2409 mihi
820 2344 957 2410 timenda
979 2345 1042 2410 sint
1062 2344 1155 2410 video
1176 2365 1235 2410 nec
1255 2344 1331 2431 quid
1355 2342 1488 2410 scribam
1510 2342 1618 2409 babeo
1644 2351 1681 2407 et

306 2435 449 2500 euomuia
470 2435 591 2514 time03
623 2457 682 2502 uec
703 2446 767 2503 tam
791 2438 941 2504 miserum
961 2445 1008 2503 cst
1030 2437 1219 2525 quidquam,
1256 2438 1343 2526 quod
1370 2458 1433 2504 nou
1463 2437 1496 2502 in
1525 2447 1679 2503 nostram

343 2526 501 2595 iomanem
536 2528 648 2596 cadere
682 2531 837 2598 videatur.
892 2531 1045 2619 Equidem
1080 2531 1181 2597 adbuc
1214 2533 1309 2600 miser
1339 2532 1372 2598 in
1406 2529 1552 2597 maximis
1587 2530 1678 2595 meis

344 2621 504 2688 aerumnis
525 2633 556 2688 ct
576 2622 726 2701 luctibus,
755 2625 817 2691 hoc
837 2633 924 2692 metu
944 2625 1081 2702 adiecto,
1103 2645 1214 2690 manco
1237 2624 1474 2692 Thessalonicae
1495 2645 1676 2710 suspensus

343 2735 401 2781 nec
422 2714 523 2781 audeo
545 2716 725 2804 quidquam.
768 2724 798 2786 3.
820 2723 908 2785 Nunc
928 2718 968 2785 ad
989 2741 1042 2797 ca,
1065 2740 1145 2806 quae
1166 2719 1327 2805 scripsisti.
1369 2718 1567 2808 Tryphonem
1590 2722 1676 2784 Cae-
1803 2779 1804 2800 ,

342 2809 449 2875 cilium
478 2831 542 2876 nun
570 2811 646 2878 vidi.
703 2816 887 2880 Sermonem
914 2822 1003 2880 tuum
1031 2821 1062 2879 ct
1082 2813 1222 2900 Pompeii
1243 2817 1376 2898 cognovi
1399 2834 1439 2878 cx
1461 2812 1523 2878 tuis
1544 2810 1673 2878 litteris.

306 2909 462 2970 sanctum
483 2903 517 2969 in
538 2927 574 2970 rc
594 2904 718 2992 publica
738 2928 801 2973 non
822 2915 940 2974 mutum
962 2927 1022 2992 ego
1043 2905 1226 2991 impendere
1247 2906 1356 2982 video,
1386 2914 1534 2994 quantum
1556 2914 1590 2970 tu
1612 2913 1674 2968 aut

344 2996 432 3063 vides
458 3005 512 3063 aui
539 2999 579 3064 ad
608 3020 659 3065 me
689 3000 911 3067 consolandum
941 3001 1045 3066 aii'crs.
1104 3001 1236 3086 Tigrane
1265 2999 1348 3064 euim
1377 3000 1518 3084 neglecto
1542 2997 1672 3065 sublata

220 3171 224 3184 Ι
342 3100 415 3158 suut
442 3092 558 3159 omnia.
614 3094 750 3160 Varroni
777 3115 829 3160 me
857 3093 947 3162 iubes
975 3116 1069 3181 agere
1097 3096 1229 3180 gratiam
1255 3092 1382 3170 faciam,
1410 3094 1484 3159 item
1509 3097 1671 3180 Hypsaeo.

210 3185 223 3290 ᾗ
344 3184 439 3262 Quod
460 3187 588 3261 suades,
611 3209 652 3252 ne
664 3187 788 3274 longius
809 3189 1022 3266 discedamus,
1045 3189 1119 3255 dum
1141 3198 1208 3254 acta
1229 3187 1345 3252 mensis
1358 3187 1429 3252 lluii
1451 3186 1492 3252 ad
1512 3206 1570 3252 nos
1591 3207 1671 3272 per

342 3279 498 3358 ferantur,
529 3291 605 3368 puto
632 3304 684 3348 me
705 3283 747 3348 ita
768 3304 836 3350 esse
858 3285 1033 3364 iacturum3
1064 3283 1120 3350 sed
1140 3282 1213 3359 ubi,
1246 3277 1386 3347 nondum
1407 3280 1510 3347 statui.
1561 3285 1670 3366 Atque

305 3374 385 3439 atita
406 3374 591 3460 perturbato
613 3397 681 3442 sum
704 3377 809 3442 animo
830 3377 869 3444 dc
892 3381 1025 3456 Quinto,
1060 3387 1095 3444 ut
1114 3376 1191 3442 nihil
1212 3396 1325 3464 queam
1346 3383 1491 3440 statuere.
1535 3373 1596 3439 Sed
1619 3385 1670 3438 ta·

342 3489 415 3533 mcn
440 3469 542 3536 statim
564 3478 594 3534 te
614 3469 725 3536 faciam
747 3471 925 3538 certiorem.
977 3477 1009 3538 d.
1030 3476 1078 3537 Ex
1101 3470 1304 3557 epistolarum
1325 3490 1466 3535 mearum
1488 3469 1670 3533 inconstan-

342 3561 385 3626 tia
406 3569 482 3648 puto
504 3570 535 3628 tc
556 3569 668 3630 mentis
689 3586 779 3631 meae
800 3575 921 3631 motum
942 3566 1067 3644 videre;
1090 3566 1159 3653 qui,
1183 3564 1241 3630 etsi
1262 3562 1439 3629 incredibili
1460 3571 1491 3628 ct
1512 3559 1668 3646 singulari

342 3654 514 3720 calamitate
536 3657 666 3724 sillictus
687 3681 772 3734 sum,
803 3668 905 3725 tamen
927 3681 990 3725 non
1012 3668 1074 3725 tam
1097 3669 1205 3724 estex
1226 3657 1353 3722 miseria
1376 3677 1470 3743 quam
1491 3677 1532 3722 ex
1552 3655 1667 3740 culpae

342 3757 468 3814 nostrae
496 3750 716 3817 recordatione
744 3757 928 3818 commotus.
981 3754 1077 3821 Cuius
1098 3752 1181 3817 enim
1203 3752 1322 3817 sceiere
1343 3751 1468 3837 impulsi
1489 3771 1526 3816 ac
1545 3749 1666 3836 proditi

305 3841 455 3917 sosimus,
478 3847 539 3908 iam
560 3846 702 3929 prolecto
724 3846 826 3924 vides3
858 3857 952 3933 atque
972 3848 1089 3912 utinam
1111 3846 1173 3912 iam
1194 3855 1265 3911 anic
1287 3844 1418 3911 vidisses
1439 3865 1540 3929 neque
1561 3853 1664 3908 toturn

342 3936 480 4001 animum
501 3946 590 4004 tuum
612 3940 750 4005 maerori
770 3960 893 4006 mecum
915 3941 1008 4006 simui
1030 3939 1186 4006 dedisscsi
1210 3943 1325 4018 Quare,
1348 3960 1418 4004 cum
1442 3959 1492 4003 mc
1513 3937 1664 4002 afflictum

343 4037 375 4096 ct
394 4029 569 4097 coniectum
598 4032 683 4099 luctu
705 4033 828 4109 audies,
862 4035 1040 4100 existimato
1061 4056 1112 4100 mc
1134 4034 1282 4100 stultitiae
1307 4053 1395 4098 meae
1422 4052 1555 4118 poenam
1577 4030 1663 4095 lcrrc

340 4124 467 4211 gravius
489 4147 591 4212 ,quam
617 4128 736 4205 eyenii,
766 4127 851 4216 quod
881 4129 911 4194 ci
939 4129 1144 4205 crediderim,
1181 4149 1275 4215 quem
1307 4148 1376 4192 csse
1408 4126 1562 4192 nefarium
1598 4145 1662 4190 non

227 4301 233 4313 .
342 4220 487 4306 putarim.
514 4207 587 4291 (hle
609 4231 640 4287 ct
660 4243 803 4287 meorum
825 4224 979 4289 maiorum
1001 4222 1155 4288 memoria
1177 4231 1209 4287 et
1230 4231 1330 4286 metus
1352 4221 1391 4285 de
1413 4221 1510 4285 fratre
1531 4221 1563 4283 in
1584 4219 1662 4284 scri-

304 4313 445 4380 ⁴⁰bcnd0
466 4305 613 4403 impediti
649 4321 696 4383 Tu
717 4317 775 4383 ista
798 4318 902 4383 omnia
923 4317 995 4384 vide
1017 4327 1049 4382 ct
1068 4316 1218 4403 guberna.
1266 4315 1411 4382 Terentia
1431 4313 1488 4380 tibi
1510 4312 1661 4378 maximas

410 4535 437 4585 1.
457 4542 494 4586 cat
512 4542 537 4586 et
553 4537 633 4598 plenu
651 4537 711 4588 ilii.
741 4561 772 4573 -
809 4539 852 4588 10.
871 4541 974 4590 itineris
992 4539 1029 4589 bl.
1063 4566 1091 4576 -
1130 4539 1173 4589 ta.
1193 4544 1241 4589 tun
1259 4537 1347 4588 alteru
1363 4535 1476 4599 epistota
1496 4533 1658 4586 Lambinus:

341 4613 388 4657 tou
407 4607 484 4656 lucra
501 4607 639 4669 maiolum
656 4605 697 4667 bl,
726 4614 772 4656 tun
790 4609 900 4672 motolo
919 4611 956 4670 R,
988 4616 1017 4660 tu
1034 4610 1121 4659 alteru
1139 4609 1248 4674 cpbtolu
1266 4608 1302 4657 lE
1320 4613 1347 4657 ct
1364 4620 1418 4668 mg.
1438 4607 1475 4658 Μ.
1502 4631 1533 4642 -
1568 4607 1660 4656 audire

341 4677 415 4729 Mill.
460 4675 630 4736 (correctum
649 4683 690 4726 est
707 4691 738 4726 cr
757 4677 851 4743 XTZ.)
878 4703 912 4716 -
954 4680 998 4730 13.
1015 4681 1165 4743 postularet
1188 4678 1264 4730 rani.
1311 4675 1481 4742 (correctum
1498 4690 1530 4728 ex
1548 4673 1599 4738 Y.)
1629 4699 1658 4710 ·-

341 4746 384 4796 11.
404 4745 466 4811 quo]
494 4747 595 4811 ponii.
626 4772 655 4782 -
693 4749 831 4798 conturber
850 4749 902 4800 llll.
940 4747 987 4811 (Ut
1006 4763 1072 4810 nus,
1093 4747 1142 4813 n.)
1174 4775 1203 4786 -
1241 4745 1476 4814 mupistuqnum
1494 4748 1526 4798 li.
1548 4771 1578 4782 -
1616 4745 1659 4795 15.
1803 4707 1804 4792 i

340 4817 417 4866 michi
435 4816 472 4866 lll.
507 4839 534 4849 -
574 4816 616 4868 11.
634 4816 804 4879 pbatolidcum
828 4820 875 4880 11,
907 4821 1086 4883 Phetuiybeom
1113 4821 1165 4880 lli,
1193 4821 1291 4883 phetora
1317 4818 1422 4869 libertos
1448 4831 1505 4868 eum
1532 4831 1586 4879 mg.
1614 4815 1659 4874 ld,

341 4886 444 4936 Pbuedo
461 4886 569 4937 ilbertus
586 4901 644 4936 cum
662 4887 773 4938 Codices
792 4891 895 4953 antiqui
914 4890 971 4949 Pii,
1002 4891 1136 4941 Phaedrae
1154 4890 1261 4940 libertos
1279 4903 1335 4939 aram
1354 4895 1463 4939 auctore
1481 4889 1528 4939 Pio
1546 4888 1658 4936 baccus.
1803 4901 1804 4988 q

341 4957 429 5006 tertia.
452 4981 482 4991 -
512 4957 556 5006 33.
574 4959 719 5020 imperdere
736 4971 791 5008 om.
813 4959 833 5008 a
852 4967 877 5008 et
897 4975 936 5023 pr.
957 4961 1039 5012 11-
1077 4961 1120 5011 31.
1140 4962 1288 5010 cantuario
1308 4973 1348 5021 pr.
1368 4958 1406 5012 11.
1426 4985 1458 4996 -
1484 4959 1529 5010 iiii.
1548 4965 1586 5008 cst
1602 4969 1658 5006 um.

341 5027 412 5077 l.—
451 5026 495 5077 31.
515 5027 615 5078 crebris
634 5029 716 5078 ii.-
753 5025 837 5090 uc]st
857 5030 930 5081 1.-
968 5030 1012 5081 35.
1031 5031 1202 5081 mmusliet
1221 5043 1260 5094 pr.
1281 5028 1319 5080 hi.
1749 5073 1752 5080 ,
