3662 5892
350 441 412 503 701
834 439 893 502 ΕΡ.
914 439 967 499 nl)
989 435 1161 499 ATTlCUNl

351 631 391 644 -
422 597 499 684 quin
529 615 654 668 omnes,
692 615 762 660 eum
785 605 815 660 te
837 592 966 660 summis
988 590 1132 657 laudibus
1159 589 1199 655 ad
1220 589 1342 656 eaelum
1364 591 1569 672 extulertmt,
1615 597 1699 663 mihi

350 692 498 758 continuo
520 694 670 756 maximas
692 688 808 774 gratias
829 697 931 774 agant
973 692 1092 771 Negant
1113 685 1195 750 enim
1217 705 1251 749 se
1274 683 1432 760 dubitare,
1456 688 1595 774 quintu
1612 693 1698 755 meis

350 786 525 874 praeceptis
554 793 584 850 et
613 783 751 849 consiliis
774 782 992 869 obtemperans
1015 779 1313 866 praestantissimum
1335 787 1366 844 te
1393 779 1492 846 civem
1515 794 1547 849 et
1576 784 1700 870 singu·

349 883 446 948 larem
470 879 630 945 consulem
652 877 814 964 praebeas.
863 880 895 942 2.
923 875 1046 955 Quibus
1069 896 1127 961 ego
1150 896 1338 962 quamquam
1360 875 1523 942 verissime
1546 899 1698 964 possum

329 974 543 1062 arespondere
560 982 589 1037 te
602 1023 610 1047 ,
635 993 715 1059 quae
729 970 838 1046 iacias,
862 979 916 1037 tuo
931 970 1048 1035 iudicio
1063 985 1093 1034 et
1109 979 1160 1036 tua
1176 981 1285 1056 sponte
1300 970 1403 1034 faeere
1418 991 1476 1034 nec
1490 975 1699 1062 cuiusquam

350 1089 444 1154 egere
477 1065 625 1140 consilio,
657 1073 760 1129 tamen
782 1085 884 1152 neque
912 1065 1003 1153 plane
1025 1065 1194 1138 assentior.
1234 1085 1273 1130 ne
1295 1063 1479 1130 imminuam
1500 1077 1597 1134 tuam
1626 1070 1700 1134 lau-

350 1162 438 1237 dem,
475 1161 501 1226 si
529 1161 630 1226 omnis
659 1181 677 1224 a
705 1159 782 1224 meis
810 1158 949 1224 consiliis
976 1159 1117 1246 prolecta
1145 1157 1307 1232 videatur,
1345 1180 1447 1244 neque
1470 1161 1560 1226 valde
1590 1185 1698 1250 nego.

349 1261 425 1324 Sum
448 1256 530 1320 enim
553 1253 676 1320 avidior
697 1254 806 1329 etiam,
843 1275 935 1337 quam
958 1253 1032 1317 satis
1054 1263 1117 1326 est,
1141 1253 1270 1337 gloriae.
1325 1257 1364 1317 Et
1386 1261 1492 1318 tamen
1514 1277 1583 1321 uon
1612 1259 1699 1322 alie·

348 1372 424 1417 num
446 1357 493 1414 est
514 1348 661 1433 dignitate
683 1357 750 1422 tua,
784 1345 870 1434 quod
891 1347 950 1433 ipsi
971 1346 1212 1432 Agamemnoni,
1246 1366 1357 1432 regum
1379 1347 1465 1431 regi,
1497 1348 1556 1415 luit
1583 1350 1698 1416 hone-

317 1453 449 1519 ¹⁰stum,
484 1441 601 1507 habere
624 1441 758 1529 aliquem
780 1441 813 1505 in
834 1442 972 1507 consiliis
994 1441 1152 1528 capiendis
1175 1445 1350 1505 Nestorem.
1405 1440 1481 1505 Mihi
1510 1465 1592 1510 vero
1620 1447 1698 1530 glo-

350 1538 469 1603 riosum
492 1547 522 1601 te
543 1538 689 1601 iuvenem
712 1535 872 1600 consulem
894 1533 1009 1601 llorere
1032 1533 1175 1600 laudibus
1197 1533 1286 1620 quasi
1308 1533 1469 1628 alumnum
1493 1534 1695 1624 discipliuae

351 1652 449 1696 meae.
506 1634 537 1695 3.
565 1628 753 1716 L.'quidem
783 1633 917 1703 Caesar,
953 1652 1024 1695 eum
1047 1630 1086 1694 ad
1108 1651 1180 1694 eum
1203 1625 1370 1712 aegrotum
1388 1628 1549 1714 Neapolim
1576 1633 1696 1698 venis·

265 1749 276 1774 ⁴
351 1746 435 1799 sem,
465 1745 654 1810 quamquam
677 1736 744 1790 erat
767 1745 936 1810 oppressus
959 1725 1055 1790 totius
1082 1723 1226 1808 corporis
1249 1720 1428 1797 doloribus,
1458 1732 1561 1790 tamen
1587 1739 1692 1802 ante,

352 1840 444 1907 quam
466 1841 516 1883 me
538 1819 628 1905 plane
650 1818 809 1892 salutavit.
849 1820 903 1893 ..Ο
926 1818 969 1882 mi
992 1819 1142 1890 Cicero”,
1173 1815 1290 1902 inquit,
1320 1815 1488 1901 „gratulor
1510 1818 1583 1895 tibi,
1612 1843 1694 1886 cum

321 1922 469 1980 talantum
493 1912 576 1978 vales
598 1911 682 1999 apud
703 1911 913 1985 Dolabellam,
937 1922 1085 1998 quantum
1109 1909 1135 1974 si
1158 1931 1218 1995 ego
1240 1908 1322 1995 apud
1345 1910 1464 1975 sororis
1480 1910 1577 1978 filium
1598 1916 1693 1980 vale-

351 2029 437 2079 rem,
460 2006 520 2070 iam
543 2006 620 2071 salvi
642 2027 710 2072 esse
733 2027 905 2092 possemus.
957 2003 1138 2071 Dolabellae
1161 2025 1238 2069 vero
1261 2014 1315 2068 tuo
1338 2013 1370 2068 et
1391 2007 1532 2089 gratulor
1554 2019 1587 2072 et
1611 2032 1693 2094 gra·

350 2099 408 2166 tias
430 2120 513 2184 ago;
550 2121 643 2186 quem
675 2099 802 2187 quidem
829 2110 899 2184 post
921 2111 951 2164 te
972 2099 1131 2164 consulem
1154 2098 1256 2163 solum
1278 2118 1445 2182 possumus
1466 2121 1541 2164 vere
1563 2124 1690 2168 eonsu-

350 2193 410 2260 lem
433 2193 577 2258 dicere”:
611 2194 684 2260 dein
705 2195 802 2259 multa
824 2193 863 2259 de
886 2192 967 2258 lacto
988 2213 1026 2257 ae
1047 2192 1085 2258 de
1107 2214 1143 2258 re
1165 2201 1267 2278 gesta3
1290 2201 1355 2257 tum
1379 2191 1455 2256 nibil
1478 2195 1690 2278 magnificen-

335 2287 428 2362 ,tius,
450 2287 527 2352 nihil
549 2288 739 2373 praeclarius
761 2296 865 2352 aetum
888 2309 1041 2373 unquam,
1063 2286 1139 2351 nibil
1153 2286 1202 2350 rei
1216 2283 1360 2372 publicae
1375 2287 1558 2366 salutarius;
1582 2299 1687 2369 atque

204 2389 225 2479 lp
313 2381 427 2474 tthaec
448 2402 510 2446 uua
532 2402 595 2446 vox
618 2381 759 2445 omnium
781 2390 838 2446 est.
889 2384 918 2444 l.
940 2387 966 2445 Α
989 2391 1018 2446 te
1041 2389 1144 2445 autem
1166 2389 1256 2466 peto,
1279 2389 1314 2445 ut
1335 2401 1384 2444 me
1407 2380 1486 2446 banc
1508 2383 1599 2469 quasi
1625 2384 1684 2448 lal-

351 2495 418 2540 sam
439 2472 644 2539 hereditatem
666 2474 784 2539 alienae
806 2473 926 2558 gloriae
949 2473 1032 2538 siuas
1054 2493 1186 2538 cernere
1208 2494 1321 2558 meque
1343 2473 1446 2559 aliqua
1470 2495 1509 2539 ex
1532 2489 1626 2560 parte
1651 2477 1686 2540 in

351 2565 534 2632 societatem
555 2576 680 2631 tuarum
702 2566 829 2632 laudum
850 2567 960 2631 venire
981 2566 1111 2654 patiare.
1155 2570 1372 2655 Quamquam.
1395 2569 1438 2632 mi
1461 2569 1627 2634 Dolabella
1642 2613 1686 2623 -

351 2660 430 2727 haec
450 2660 533 2725 enirn
556 2659 676 2725 iocatus
698 2681 767 2726 sum
790 2697 830 2706 -
853 2659 999 2726 libentius
1021 2683 1130 2728 omnes
1152 2682 1258 2737 meas,
1295 2662 1321 2726 si
1343 2661 1438 2727 modo
1460 2673 1533 2728 sunt
1554 2664 1686 2750 aliquae

351 2777 459 2831 meae,
489 2753 595 2820 laudes
617 2753 657 2819 ad
678 2753 968 2831 te'transluderim,
999 2777 1092 2843 quam
1114 2755 1250 2843 aliquam
1273 2767 1393 2842 partem
1414 2756 1614 2823 exhauserim
1641 2781 1684 2842 ex

313 2855 422 2917 ²⁵tuis.
464 2854 541 2915 Nam
569 2870 640 2914 cum
673 2857 703 2914 te
739 2869 863 2935 semper
890 2858 1008 2914 tantum
1038 2850 1218 2924 dilexerim,
1251 2860 1401 2935 quantum
1433 2860 1467 2914 tu
1502 2851 1684 2936 intelligere

352 2944 498 3031 potuisti,
522 2953 586 3008 tum
609 2941 658 3010 his
679 2943 741 3008 tuis
763 2941 852 3009 laetis
872 2944 918 3010 sic
939 2944 1083 3010 incensus
1105 2965 1191 3019 sum,
1214 2951 1249 3010 ut
1270 2944 1346 3008 nihil
1368 2965 1505 3030 unquam
1520 2946 1551 3009 iu
1567 2967 1682 3011 amore

351 3036 449 3104 fuerit
468 3037 640 3102 ardentius.
693 3037 775 3104 Nihil
798 3049 845 3102 est
867 3039 964 3111 enim,
988 3038 1064 3103 mibi
1086 3039 1199 3112 crede,
1239 3037 1353 3104 virtute
1376 3037 1565 3113 formosius,
1599 3039 1682 3104 nibil

351 3131 526 3219 pulchrius,
550 3130 626 3196 nibil
647 3131 822 3198 amabilius.
865 3137 894 3197 5.
918 3136 1049 3218 Semper
1070 3131 1188 3207 amavi,
1211 3143 1246 3197 ut
1267 3132 1344 3207 scis,
1367 3135 1408 3197 Μ.
1430 3137 1578 3206 Brutum,
1602 3155 1682 3218 pro-

351 3234 422 3311 pter
443 3225 511 3291 eius
532 3247 690 3290 summum
711 3226 882 3310 ingenium,
906 3227 1107 3292 suavissimos
1131 3247 1252 3300 mores,
1276 3225 1464 3310 singularem
1487 3224 1680 3311 probitatem

316 3327 445 3404 aratque
467 3319 689 3398 constantiam
723 3331 827 3385 tamen
858 3321 965 3386 ldibus
987 3325 1075 3386 Mart.
1098 3332 1216 3387 tantum
1239 3321 1368 3386 accessit
1389 3319 1428 3386 ad
1449 3342 1604 3394 amorem,
1644 3329 1680 3386 ut

352 3413 487 3477 mirarer
515 3411 618 3479 locum
646 3413 740 3478 luisse
768 3414 904 3501 augendi
925 3415 958 3480 iu
980 3435 1036 3489 eo,
1071 3413 1156 3500 quod
1178 3413 1254 3479 mihi
1276 3415 1463 3500 iampridem
1485 3414 1678 3479 cumulatum

194 3509 211 3587 h
354 3507 448 3572 etiam
470 3505 645 3572 videbatur.
700 3507 779 3594 Qis
800 3518 882 3584 erat,
915 3509 970 3594 qui
991 3518 1116 3595 putaret
1136 3508 1176 3573 ad
1198 3529 1270 3574 eum
1292 3528 1453 3583 amorem,
1484 3528 1578 3592 quem
1600 3528 1677 3592 erga

352 3611 383 3665 te
415 3599 583 3674 habebam,
619 3622 712 3687 posse
741 3602 859 3688 aliquid
888 3603 1060 3668 accederet
1093 3609 1225 3668 Tantum
1257 3602 1401 3675 accessit,
1439 3614 1474 3666 ut
1495 3601 1572 3666 mihi
1594 3621 1678 3666 nuere
1796 3695 1797 3706 ἵ

353 3693 488 3778 denique
510 3715 615 3758 amare
638 3694 761 3770 videar,
798 3708 887 3762 autea
915 3696 1073 3762 dilexisse.
1131 3699 1159 3765 b.
1184 3699 1290 3774 Quare
1312 3695 1388 3783 quid
1409 3704 1476 3769 est.
1508 3695 1593 3781 quod
1615 3717 1675 3780 ego

315 3797 384 3852 tete
405 3785 534 3860 horter,
562 3795 597 3852 ul
624 3786 766 3873 dignitati
789 3801 820 3855 et
840 3790 960 3875 gloriae
983 3792 1122 3856 servias?
1158 3795 1335 3876 Proponam
1363 3789 1420 3856 tibi
1450 3789 1552 3856 claros
1573 3789 1674 3862 viros,

353 3880 440 3970 quod
461 3879 564 3946 secere
587 3881 704 3956 solent,
728 3884 780 3969 qui
803 3882 993 3948 hortantur?
1036 3884 1196 3948 Neminem
1219 3883 1320 3950 habeo
1342 3884 1508 3950 clariorem
1531 3904 1622 3970 quam
1644 3891 1675 3946 te

355 3976 468 4062 ipsum.
512 3980 555 4040 Te
577 3975 702 4040 imitere
724 3985 866 4061 oportet,
889 3985 991 4042 tecum
1014 3977 1082 4062 ipse
1104 3987 1217 4042 certes.
1260 3982 1291 4048 7.
1313 3982 1358 4042 Ne
1379 3978 1451 4043 lieet
1472 3977 1600 4064 quidem
1618 3975 1674 4040 tihi

355 4069 436 4143 iam,
459 4071 550 4134 tantis
572 4068 667 4134 rebus
690 4071 800 4155 gestis,
824 4093 887 4137 non
910 4071 953 4136 tui
977 4071 1108 4137 similem
1131 4092 1210 4136 esse.
1254 4071 1347 4149 Quod
1364 4092 1434 4136 cum
1456 4070 1500 4135 ita
1522 4070 1579 4146 sit,
1602 4069 1673 4134 hor-

358 4162 436 4227 tatio
458 4184 520 4228 non
544 4173 592 4228 est
613 4165 810 4242 necessaria3
834 4163 1042 4250 gratulatione
1065 4165 1163 4250 magis
1178 4164 1326 4230 utendum
1342 4175 1399 4230 est.
1443 4164 1579 4250 Contigit
1598 4164 1679 4228 enim

317 4254 430 4330 totibi,
466 4256 553 4342 quod
581 4255 666 4322 haud
694 4259 759 4323 scio
788 4280 828 4322 an
854 4258 986 4335 nemini,
1022 4270 1058 4325 ut
1084 4281 1205 4326 summa
1233 4260 1382 4325 severitas
1403 4255 1678 4323 animadversionis

425 4497 453 4546 1.
472 4497 537 4561 quiet
554 4497 590 4548 1²2
610 4497 772 4560 quibllllli.
802 4523 831 4536 —
869 4499 906 4548 ad
924 4499 1150 4550 eaelumtummie
1174 4499 1299 4549 laudibus
1316 4499 1350 4550 11.
1379 4523 1412 4534 -
1449 4497 1476 4549 2.
1496 4503 1580 4562 apum
1602 4494 1675 4546 11111.

354 4563 400 4630 (Ut
419 4581 482 4624 noe.
504 4563 547 4628 F.)
578 4590 608 4602 -
646 4575 675 4616 tu
694 4565 765 4631 meis]
787 4571 888 4619 tumim
905 4571 945 4619 itis
963 4583 1003 4633 pr.
1023 4571 1061 4620 11.
1086 4596 1117 4606 -
1155 4570 1181 4620 1.
1201 4572 1301 4634 poesim
1318 4570 1341 4619 1.
1363 4593 1391 4606 ·-
1429 4567 1457 4620 5.
1477 4574 1502 4618 te
1518 4580 1574 4617 em.
1595 4567 1674 4617 NRR.

356 4636 558 4701 (Supplevimus
576 4650 607 4686 et
625 4638 682 4696 Nl.)
703 4662 733 4673 -
772 4640 813 4688 10.
833 4640 929 4690 habere
946 4654 1001 4690 om.
1020 4641 1080 4692 bill.
1100 4665 1134 4677 —
1160 4640 1295 4691 Nestorem
1312 4638 1417 4689 buhen.
1436 4638 1500 4687 mihi
1518 4639 1540 4686 11
1558 4643 1586 4688 et
1605 4650 1673 4686 cerr.

354 4707 392 4758 11.
415 4733 443 4745 ·-
482 4707 524 4756 11.
546 4708 676 4758 salutaret
694 4707 734 4766 11.
753 4709 911 4760 salutaverit
930 4711 960 4768 l:
979 4711 1145 4762 salutaverat
1163 4711 1281 4761 malebat
1299 4709 1466 4760 Schuetziue.
1488 4729 1516 4744 ·-
1548 4708 1591 4758 11.
1610 4703 1673 4766 iuml

355 4783 410 4827 tum
427 4777 470 4834 11,
490 4781 545 4825 tum
563 4777 584 4826 1.
607 4803 635 4816 -
675 4779 717 4827 17.
735 4791 876 4840 pontumue
894 4781 955 4831 Fli:
971 4794 1081 4842 possum
1097 4783 1170 4834 11111.
1192 4807 1223 4818 -
1259 4779 1302 4831 18.
1322 4779 1415 4830 (luade
1434 4779 1455 4828 1.
1475 4801 1508 4814 -
1545 4778 1585 4829 19.
1604 4778 1674 4826 sulu-
1794 4771 1795 4796 ¹

355 4849 568 4897 tenueramus
587 4855 641 4898 est:
661 4854 737 4911 atque
757 4849 777 4898 l.
798 4871 832 4884 -
866 4850 910 4901 20.
931 4856 961 4899 ut
980 4852 1030 4901 Nl:
1049 4852 1189 4902 utihlltll.
1208 4877 1238 4888 -·
1270 4852 1314 4900 21.
1333 4850 1601 4914 meque-watien
1619 4861 1672 4896 em.

356 4917 388 4966 lt.
421 4941 449 4951 -
487 4917 531 4966 23.
558 4918 611 4967 sint
640 4917 662 4966 1.
693 4943 721 4954 -
758 4919 803 4968 21.
831 4919 994 4983 transferam
1018 4921 1054 4979 Ζ,
1085 4921 1268 4972 transtulerim
1291 4920 1338 4969 ul.
1364 4945 1386 4956 -
1427 4918 1521 4968 21121
1538 4931 1673 4980 nunquam

357 4985 441 5034 11.-
477 4988 507 5035 ἐπ
536 4999 628 5036 umere
651 4987 718 5036 mihi
740 4989 819 5050 suerit
842 4989 864 5039 1.
897 5017 924 5028 -
964 4991 1007 5041 32.
1036 4993 1099 5056 Quis
1125 4994 1194 5042 enim
1222 4999 1279 5040 erat
1305 4989 1336 5040 ll.
1367 5011 1398 5026 -
1435 4987 1480 5038 31.
1511 4989 1623 5039 anteit.
1644 5011 1670 5024 ·-

356 5055 400 5106 ³6.
421 5061 446 5104 te
462 5057 558 5120 iprum.
598 5057 631 5107 Te
649 5054 760 5120 imitere]
779 5065 804 5109 te
819 5061 916 5123 iprum.
953 5061 1060 5112 imitere·
1079 5062 1121 5121 11,
1141 5069 1175 5112 te.
1212 5062 1322 5125 teipsum
1340 5059 1444 5110 imitari
1464 5057 1496 5107 11.
