3656 5868
297 413 339 478 ts
554 486 556 490 .
728 409 1005 478 EPISTOLARUM
1026 415 1078 476 dl)
1100 415 1191 482 1111.

296 574 403 643 omnia
428 571 463 638 in
494 570 671 660 expetenda
698 572 834 638 amicitia
864 581 917 636 tua
945 589 1010 636 non
1031 571 1144 636 astutia
1164 572 1298 659 quadam
1320 573 1376 642 scd
1397 577 1500 666 aliqua
1521 581 1629 668 petius

167 667 173 681 '
296 669 448 757 sapientia
476 677 602 734 secutus
629 687 708 733 sum.
752 665 862 745 Quill
894 665 948 731 illa
969 665 1108 739 vincula,
1136 666 1252 754 quibus
1272 669 1400 757 quidem
1422 671 1628 744 libentissime

159 1491 179 1611 l

295 763 491 850 adstringet,
527 769 642 849 quanta
663 763 749 826 suntl
788 761 966 827 studiorum
995 761 1185 838 similitudo,
1218 765 1354 832 suavitas
1376 770 1627 849 consuetudinis,

295 858 461 926 delectatio
484 857 566 922 vitae
581 855 812 944 atquevictus,
834 854 989 920 sermonis
1005 854 1154 930 societas,
1177 856 1298 924 litterae
1313 861 1492 930 interiores.
1525 874 1627 952 Atque

271 954 373 1023 sbaec
394 951 575 1018 domestica.
619 948 704 1028 Quid
725 949 778 1015 illa
801 948 925 1014 tandem
946 948 1134 1034 populat-iat
1146 951 1277 1018 ¹reditus
1291 953 1421 1020 illustris
1435 957 1469 1022 iu
1483 960 1626 1044 gratiam,

295 1049 329 1115 in
350 1069 415 1135 quo
436 1067 476 1112 nc
504 1065 563 1131 per
584 1043 827 1130 imprudentiam
855 1043 982 1131 quidem
1004 1043 1106 1109 errari
1134 1053 1237 1131 potest
1264 1046 1332 1112 sine
1353 1049 1531 1136 suspicione
1552 1073 1627 1139 per·

296 1141 409 1220 fidiae;
431 1137 616 1226 amplissimi
637 1137 806 1204 sacerdotii
828 1137 1010 1223 collegium,
1032 1137 1065 1202 iu
1088 1158 1152 1225 quo
1174 1159 1237 1205 non
1252 1139 1348 1206 modo
1369 1143 1535 1210 amicitiam
1557 1147 1625 1214 vio-

294 1237 353 1303 lari
374 1233 457 1323 apud
478 1232 615 1298 maiores
642 1241 768 1298 nostros
790 1232 836 1298 las
858 1252 922 1297 non
951 1240 1034 1307 erat,
1073 1232 1129 1298 sed
1150 1253 1189 1297 ne
1211 1235 1353 1320 cooptari
1374 1236 1501 1324 quidem
1524 1261 1627 1308 saeer-

294 1329 401 1396 dotem
428 1327 557 1404 licebat,
595 1327 650 1415 qui
671 1326 819 1415 cuiquam
848 1325 889 1391 e'x
918 1325 1053 1411 collegio
1082 1335 1165 1392 essct
1191 1326 1346 1394 inimicus.
1405 1335 1455 1398 to.
1479 1336 1568 1411 Quae
1589 1346 1626 1404 ut

258 1423 436 1491 soomittam
458 1431 521 1488 mm
542 1421 639 1486 multa
660 1430 754 1509 atque
775 1428 874 1496 muta,
911 1419 982 1507 quis
1003 1440 1144 1507 unquam
1166 1422 1242 1486 tanti
1264 1441 1455 1510 quemquam
1475 1424 1550 1496 lecit
1571 1441 1626 1498 aut

293 1517 398 1583 lacere
418 1517 521 1605 potuit
541 1525 596 1582 ant
617 1512 742 1589 debuit,
765 1513 874 1600 quenti
895 1534 956 1599 ego
971 1516 1027 1579 Cn.
1042 1515 1243 1602 Pompeium,
1266 1535 1412 1604 socerum
1435 1529 1507 1586 tuae
1521 1523 1625 1591 filiae?

292 1611 415 1678 Etenim
437 1611 463 1678 si
485 1610 597 1678 merita
617 1608 736 1675 valent:
773 1607 920 1695 patriam,
950 1606 1087 1683 liberos,
1117 1609 1265 1682 salutem,
1287 1599 1484 1695 diqnitatem,
1507 1631 1625 1688 memet

292 1705 396 1792 ipsum
418 1705 495 1770 mibi
515 1703 684 1791 perillum
706 1703 886 1769 restitutum
907 1711 1000 1789 puto;
1023 1701 1049 1767 si
1071 1702 1305 1768 consuetudinis
1326 1703 1518 1776 iucunditas:
1541 1733 1623 1801 quae

291 1799 352 1866 fuit
371 1821 510 1886 unquam
538 1797 673 1864 amicitia
698 1797 913 1864 consularium
936 1795 968 1861 in
991 1806 1097 1862 nostra
1119 1795 1242 1863 civitate
1270 1799 1487 1868 coniunctiort
1523 1805 1549 1871 si
1570 1807 1623 1874 illa

256 1895 409 1962 ssamoris
430 1903 525 1982 atque
547 1891 640 1958 officii
660 1891 762 1976 signa:
796 1891 874 1979 quid
896 1889 972 1955 mibi
994 1890 1048 1956 ille
1069 1910 1134 1955 non
1155 1891 1336 1958 commisit?
1372 1895 1448 1981 quid
1470 1917 1535 1964 non
1556 1921 1623 1966 me-

290 2012 363 2057 cum
385 1987 645 2055 communicavit?
667 1984 744 2072 quid
766 1985 806 2051 de
827 2007 862 2051 se
883 1985 916 2050 in
937 1994 1066 2058 senatu,
1089 1984 1249 2071 cumipse
1272 1984 1411 2063 abesset,
1433 2009 1492 2076 per
1512 2015 1623 2081 quem-

290 2105 385 2172 wana
406 2082 458 2170 agi
480 2081 610 2148 maluit?
632 2079 748 2167 quibus
769 2080 821 2146 ille
845 2099 897 2144 me
918 2076 1017 2144 rebus
1039 2099 1102 2144 uon
1118 2079 1353 2147 ornatissimum
1375 2083 1475 2150 voluit
1495 2088 1622 2174 amplis-

290 2178 392 2244 simel
414 2197 477 2264 qua
498 2175 634 2261 denique
655 2173 707 2239 illc
723 2173 884 2249 facilitate,
907 2194 970 2260 qua
986 2172 1176 2238 humanitate
1190 2173 1261 2239 tulit
1274 2177 1505 2243 contentionem
1518 2202 1620 2248 meam

289 2292 349 2359 pro
368 2271 500 2346 Milone,
527 2267 745 2334 adversantem
766 2267 924 2333 interdum
946 2265 1119 2334 actionibus
1140 2267 1225 2334 suist
1253 2288 1318 2354 quo
1340 2269 1444 2336 studio
1464 2275 1619 2360 providit,

251 2385 330 2432 asne
351 2384 435 2454 quae
459 2384 510 2430 me
542 2361 626 2428 illius
653 2362 805 2447 temporis
832 2361 948 2428 invidia
974 2361 1160 2447 attingeret,
1194 2381 1266 2426 cnm
1288 2383 1339 2428 me
1361 2365 1509 2444 consilio,
1546 2389 1620 2436 cum

290 2460 489 2533 auctoritate,
522 2478 595 2522 cum
616 2455 711 2520 armis
732 2454 870 2542 denique
891 2455 971 2523 texit
1006 2455 1091 2521 suist
1128 2454 1253 2534 Quibus
1273 2455 1403 2543 quidem
1424 2461 1619 2548 temporibus

267 2538 367 2639 (baec
388 2555 420 2618 in
441 2573 481 2618 eo
503 2550 655 2637 gravitas,
677 2548 755 2614 baec
775 2549 870 2614 animi
892 2548 1024 2616 altitudo
1046 2542 1205 2636 saa-itdnon
1220 2550 1317 2616 modo
1339 2559 1375 2616 ut
1388 2552 1504 2642 Phrygi
1526 2555 1618 2622 alicui

290 2657 344 2716 ant
367 2646 518 2737 Lycaoni,
541 2643 628 2731 quod
650 2652 685 2709 tu
706 2643 738 2708 in
759 2643 871 2730 legatis
885 2643 1001 2719 fecisti,
1024 2644 1081 2710 sed
1103 2664 1142 2710 ne
1156 2665 1353 2711 summorum
1372 2645 1499 2733 quidem
1515 2647 1618 2715 bomi-

288 2765 365 2810 num
393 2739 555 2808 malevolis
584 2738 623 2804 de
640 2758 691 2802 me
712 2735 912 2803 sermonibus
933 2736 1086 2804 crederet.
1140 2738 1243 2804 Huius
1265 2738 1360 2824 igitur
1382 2739 1464 2806 filius
1485 2761 1556 2808 oum
1578 2743 1618 2810 sit

250 2853 387 2924 segener
406 2845 480 2903 tuus
501 2853 636 2919 cunique
656 2841 784 2919 praeter
804 2831 885 2896 banc
906 2830 1158 2898 coniunctionem
1180 2831 1357 2909 affinitatis,
1379 2855 1475 2922 quam
1496 2834 1539 2900 sis
1560 2839 1616 2903 Cn.

287 2933 439 3020 Pompeio
461 2949 553 2996 carus
574 2945 734 3015 quamque
756 2925 928 3000 iucundus,
950 2923 1137 3010 intelligam:
1172 2946 1237 3012 qno
1259 2927 1383 2992 tandem
1406 2928 1510 2994 animo
1532 2929 1563 2994 in
1585 2940 1616 2996 te

287 3047 357 3092 esse
379 3024 506 3091 debeo?
528 3042 600 3088 cum
622 3019 807 3108 praesertim
829 3040 883 3084 eas
904 3019 944 3085 ad
967 3040 1016 3085 rne
1031 3019 1058 3085 is
1072 3017 1192 3085 litteras
1207 3019 1345 3096 miserit,
1368 3020 1498 3110 quibus,
1522 3024 1616 3090 ctiam

286 3121 313 3188 si
336 3119 409 3196 tibi,
431 3119 483 3185 cui
504 3137 575 3183 sum
597 3114 819 3190 amicissimus,
842 3112 940 3179 bostis
962 3134 1081 3189 essem,
1104 3113 1247 3200 placarer
1261 3121 1364 3182 umen
1385 3125 1549 3205 totumque
1565 3139 1615 3184 me

285 3215 326 3280 ad
341 3215 410 3280 eius
425 3212 486 3279 viri
504 3211 546 3278 ita
561 3210 600 3276 de
619 3229 669 3273 me
688 3207 793 3274 meriti
808 3207 1000 3274 voluntatem
1016 3215 1192 3294 nutumque
1206 3220 1435 3276 converterem.
1479 3216 1529 3278 ll.
1552 3212 1615 3278 Sed

249 3307 363 3373 asbaee
384 3308 550 3384 haetenus3
592 3299 737 3391 pluribus
758 3301 842 3366 enim
865 3301 958 3366 etiam
978 3300 1112 3366 tortasse
1132 3299 1259 3377 verbis,
1281 3323 1375 3388 quarn
1396 3325 1524 3372 necesse
1544 3306 1613 3384 luit,

285 3400 401 3487 scripta
429 3409 511 3466 sunt.
567 3402 656 3463 Nune
683 3417 740 3472 ea,
773 3415 901 3483 quaec
934 3415 985 3460 me
1017 3394 1156 3481 perlecta
1190 3415 1335 3482 quaeque
1368 3396 1506 3466 instituta
1536 3400 1612 3476 sint,

288 3515 328 3560 00
372 3513 445 3560 ⁰⁵00
446 3521 1614 3559 ιιιιιιιιιιιιιιιιιιιιιι

285 3515 387 3675 Λιξιῗο
408 3587 486 3654 baec
517 3585 639 3671 agimus
661 3594 843 3668 etagamus
871 3582 969 3666 magis
1001 3602 1061 3668 pro
1091 3581 1239 3668 dignitate
1261 3604 1357 3670 quam
1383 3605 1443 3672 pro
1469 3586 1612 3673 periculo

285 3691 351 3772 tuo.
394 3686 439 3746 'le
461 3679 561 3754 enim,
594 3688 630 3743 ut
651 3698 767 3764 spero,
799 3674 986 3763 propediem
1007 3697 1171 3741 censorem
1193 3677 1375 3744 audiemus:
1403 3680 1493 3746 cuius
1515 3681 1613 3766 magi

145 3748 174 3834 .⁴‘'
246 3783 400 3841 sostratus
420 3773 540 3848 officia,
570 3793 651 3859 quac
673 3782 745 3838 sunt
767 3769 896 3834 maximi
918 3767 1013 3834 animi
1035 3770 1213 3858 summique
1235 3771 1373 3848 consilii,
1403 3773 1459 3839 tibi
1481 3774 1613 3860 diligen·

283 3868 346 3938 tius
359 3880 390 3935 ct
405 3866 579 3934 accuratius
598 3887 692 3954 quam
706 3865 793 3938 baec,
808 3884 890 3950 quae
903 3884 961 3929 nos
973 3863 1013 3929 de
1026 3872 1057 3929 te
1073 3865 1210 3951 agimus,
1225 3865 1390 3951 cogitanda
1404 3887 1474 3933 esse
1484 3889 1610 3934 censeo.

761 4007 816 4071 nr.
859 4003 908 4088 (a,
934 4008 967 4070 u
990 4005 1022 4070 c.
1044 4004 1130 4088 vot.)

451 4129 595 4196 CICERO
616 4132 677 4194 ΑΡ.
698 4127 896 4202 PULCHRO,
919 4130 969 4192 UT
991 4128 1135 4203 SPERO,
1158 4130 1326 4196 CENSORI
1347 4133 1379 4196 S.
1400 4135 1438 4198 lt.
1496 4135 1501 4148 '
1535 4187 1543 4198 .

368 4247 397 4310 l.
419 4246 497 4310 Cum
518 4261 620 4307 essem
641 4241 674 4307 in
702 4238 812 4304 castris
840 4237 881 4304 ad
907 4237 1035 4303 lluv'ium
1062 4242 1231 4327 Pyramum
1258 4240 1401 4307 redditae
1436 4243 1513 4308 mibi
1537 4256 1609 4312 snat

243 4360 348 4406 muno
365 4346 508 4425 tempore
527 4357 545 4400 a
571 4345 601 4402 te
617 4333 768 4423 epistolae
790 4331 888 4406 duae,
910 4351 987 4417 quas
1002 4329 1043 4396 ad
1064 4353 1114 4397 mc
1128 4335 1167 4412 Q.
1185 4334 1337 4402 Servilius
1353 4341 1451 4403 Tarso
1470 4338 1607 4406 miserat.

279 4436 397 4500 Earum
419 4431 450 4497 in
472 4431 569 4497 altera
591 4429 659 4496 dies
681 4438 750 4494 erat
770 4425 927 4513 adscripta
949 4431 1109 4492 Nonarum
1131 4427 1304 4514 Aprilium3
1333 4430 1365 4496 in
1387 4431 1501 4508 altera,
1524 4453 1607 4520 quae

279 4526 357 4593 mibi
385 4525 543 4594 recentior
574 4522 756 4598 videbatur,
793 4519 859 4586 dics
882 4540 945 4586 non
975 4531 1052 4586 erat
1096 4521 1303 4608 Respondebo
1328 4523 1425 4610 igitur
1446 4527 1604 4613 superiori

278 4619 384 4707 prius,
416 4620 450 4686 in
477 4641 539 4709 qua
566 4617 676 4684 scribis
705 4616 744 4683 ad
772 4636 823 4681 mc
850 4613 890 4680 de
923 4612 1119 4679 absolutionc
1149 4615 1327 4684 maiestatis.
1383 4624 1431 4685 lle
1460 4641 1522 4706 qua
1545 4621 1604 4686 etsi

347 4801 374 4852 8.
392 4817 438 4853 nse
456 4804 546 4868 optare·
564 4801 603 4854 11.
624 4823 657 4838 -
694 4798 738 4849 to.
757 4799 909 4848 restiturum
927 4796 965 4848 11.
986 4819 1017 4832 -
1037 4797 1081 4847 17.
1100 4805 1223 4849 metum
1242 4799 1399 4852 Cratander.
1433 4803 1505 4854 Fert.
1525 4817 1603 4854 orno·

278 4877 407 4922 tumme.
421 4873 473 4924 Oa.
495 4895 525 4908 -·
563 4871 605 4922 to.
624 4871 806 4920 cdcmsontsm
830 4866 875 4919 bls
903 4868 1059 4918 edwium
1078 4867 1109 4918 lt.
1146 4869 1219 4920 Fert.
1245 4872 1467 4924 mansuetasse.
1488 4873 1539 4925 On.
1570 4897 1602 4910 —

277 4939 339 5006 quo]
368 4943 438 5007 quod
455 4941 492 4993 11.
527 4967 555 4978 -
593 4941 638 4992 20.
657 4953 714 4990 nem
732 4940 891 4989 auctoritate
908 4937 951 4989 ll:
983 4943 1039 4988 tum
1057 4940 1215 4992 auctoritato
1233 4941 1264 4991 lt.
1294 4965 1324 4978 -
1361 4942 1405 4992 stt.
1424 4943 1602 5008 intellepsbom

277 5010 315 5062 11.
349 5031 379 5044 ·-
416 5012 459 5062 ³1.
479 5025 545 5076 quoe
564 5025 604 5062 ms
619 5011 740 5074 profesto
758 5007 796 5062 11.
824 5033 851 5045 -
885 5009 937 5058 rint
957 5007 1002 5059 tl:
1021 5015 1082 5058 sunt
1102 5007 1131 5058 ll.
1162 5035 1191 5048 -
1229 5009 1602 5076 accommodantius

278 5093 371 5133 vocem
390 5096 445 5133 non
464 5094 549 5147 pauca
567 5081 766 5134 desiderantur.
787 5103 818 5118 υ-
854 5077 898 5129 to.
919 5074 963 5140 Q.]
982 5091 1030 5142 que
1046 5077 1084 5128 11.
1118 5101 1149 5116 -·
1166 5079 1211 5132 tt.
1232 5081 1304 5132 fort.
1323 5082 1482 5146 cdacvtptus.
1500 5085 1582 5136 llam.
