3628 5876
674 429 748 493 LlB.
770 432 839 494 Xll.
867 433 927 496 ΕΡ.
947 433 978 496 l.
1001 434 1031 496 2.
1438 442 1499 504 209

176 585 252 652 satis
281 585 343 650 iam
377 583 494 651 babere
527 606 595 651 rem
630 585 787 673 publicam
816 609 834 653 a
864 587 964 655 robis.
1022 589 1123 656 Habet
1145 593 1197 659 illa
1219 596 1343 682 quidem
1365 608 1498 674 mutum.

177 691 327 767 quantum
353 702 510 767 nunquam
538 681 613 746 mibi
637 683 668 746 iu
696 691 831 747 mentem
856 683 941 749 venit
966 694 1092 770 optare;
1117 689 1172 754 sed
1193 702 1336 758 contenta
1356 717 1417 762 uon
1438 707 1499 770 est.

177 785 208 841 et
227 795 287 861 pro
310 774 572 860 magnitudinem
593 777 688 840 animi
712 788 743 843 et
765 776 907 841 beneficii
926 779 1061 844 vestria
1086 779 1176 848 vobis
1201 806 1310 870 magna
1334 786 1499 856 desiderat.
1584 789 1588 801 '

176 870 286 936 Adbuc
302 869 366 934 ulta
381 890 453 935 suus
467 870 599 935 iniurias
619 881 665 934 est
679 892 738 956 per
760 893 815 937 ros
830 872 959 939 interitu
975 876 1116 962 lyranum
1138 877 1215 942 nihil
1236 881 1379 966 amplius.
1402 886 1501 950 Orna-

177 973 280 1028 menta
301 984 379 1028 vero
399 985 456 1029 sua
477 985 558 1050 quae
574 964 782 1049 reciperavit?
804 987 843 1030 an
859 967 943 1053 quod
963 968 993 1032 ei
1008 978 1133 1036 mortuo
1152 985 1255 1057 paret,
1278 997 1373 1060 quem
1394 977 1524 1044 vivuma

178 1058 261 1123 lcrre
283 1077 347 1122 non
369 1064 512 1143 poterat?
542 1058 631 1123 cuius
653 1079 726 1123 aera
748 1059 882 1146 refigere
904 1059 1112 1137 debebamus,
1136 1065 1203 1132 eius
1228 1068 1320 1133 etium
1342 1071 1502 1158 ehirogra-

177 1151 236 1237 pba
260 1151 481 1218 defendimus?
504 1188 543 1198 —
565 1159 605 1218 m
622 1153 705 1218 enim
728 1154 771 1219 ita
786 1154 993 1221 decrevimus.
1011 1192 1050 1204 -
1072 1159 1214 1226 Fecimus
1233 1161 1263 1225 id
1286 1164 1411 1248 quidem
1425 1175 1502 1230 tem-

176 1243 309 1330 poribus
332 1244 493 1321 cedentes,
527 1267 609 1333 quae
630 1249 733 1313 valent
755 1248 787 1313 in
809 1249 990 1335 republica
1011 1252 1197 1338 plurimum;
1220 1255 1276 1321 sed
1296 1256 1501 1322 immoderato

175 1338 303 1424 quidam
326 1349 358 1404 et
377 1341 498 1425 ingrate
521 1349 626 1406 nostra
649 1340 795 1407 facilitate
816 1341 996 1410 abutuntur.
1039 1353 1156 1413 Verum
1179 1348 1255 1414 haec
1270 1351 1456 1436 propediem
1472 1361 1503 1415 ct

175 1435 272 1498 multa
294 1434 355 1499 alia
377 1456 494 1500 coram.
545 1436 673 1500 Interim
693 1436 787 1501 velim
808 1437 853 1502 sic
873 1437 931 1504 tibi
952 1439 1156 1525 persuadeas,
1185 1443 1262 1508 mibi
1284 1465 1354 1509 cum
1375 1444 1423 1509 rei
1444 1465 1502 1530 pu·
1515 1471 1538 1507 m

175 1526 296 1603 blicae,
320 1549 413 1614 quam
436 1549 561 1614 semper
583 1529 677 1595 habui
699 1531 910 1606 carissimam,
940 1535 1143 1599 tumamoris
1165 1537 1265 1602 nostri
1286 1557 1379 1603 causa
1400 1540 1500 1604 maxi-

175 1643 244 1687 mae
266 1644 362 1688 curae
384 1643 454 1688 esse
477 1631 561 1689 tuam
578 1623 768 1708 dignitatem.
810 1630 857 1690 Da
880 1627 1025 1712 operam,
1047 1637 1082 1694 ut
1103 1628 1216 1696 valeus.
1259 1631 1346 1697 Vale.

657 1765 1016 1848 acaunum

662 1879 804 1944 cronno
827 1881 964 1945 cassio
987 1884 1019 1946 s.

262 2001 293 2062 l.
315 1997 526 2064 Vehementer
554 1999 654 2064 laetor
686 1997 742 2064 tibi
774 1998 902 2084 probari
924 2001 1108 2067 sententiam
1130 2015 1161 2071 ct
1182 2005 1355 2073 orationem
1377 2026 1538 2088 meam31³

175 2113 236 2178 qua
260 2092 287 2156 si
309 2092 433 2177 saepius
455 2092 501 2157 uti
523 2091 646 2168 liceret,
670 2093 746 2158 nihil
768 2103 851 2158 esset
870 2095 989 2179 negotii
1010 2095 1186 2163 libertatem
1209 2109 1239 2164 ot
1259 2100 1500 2187 rempublicam

175 2186 367 2272 reciperare.
418 2185 480 2250 Sed
509 2185 604 2252 bomo
635 2208 741 2253 amens
764 2197 795 2252 ct
817 2188 957 2273 perditus
979 2191 1141 2278 multoque
1166 2194 1301 2278 nequior
1322 2217 1415 2280 quam
1448 2198 1500 2263 ille

175 2279 261 2366 ipse,
299 2299 393 2364 quem
415 2287 448 2344 tu
470 2280 708 2367 nequissimum·
726 2282 864 2348 occisum
887 2303 955 2348 csse
977 2283 1101 2360 dixisti,
1137 2287 1241 2351 caedis
1262 2289 1384 2354 initium
1406 2312 1501 2377 quac·

175 2374 233 2450 rit;
272 2372 450 2459 nullamque
480 2374 571 2438 aliam
600 2373 640 2440 ob
669 2395 793 2442 causam
821 2398 873 2441 me
906 2387 1066 2443 auctorem
1094 2379 1190 2446 luisse
1220 2384 1361 2448 Caesaris
1382 2385 1501 2450 interfi-

175 2466 279 2532 ciendi
310 2466 507 2541 criminatur,
544 2469 605 2533 nisi
636 2479 671 2536 ut
693 2470 726 2534 iu
753 2492 804 2535 me
831 2472 972 2536 veterani
994 2473 1170 2540 incitentur.
1216 2477 1308 2554 Quod
1332 2499 1391 2562 ego
1416 2479 1536 2563 peri-²¹·

175 2563 281 2630 culum
313 2583 376 2626 nou
407 2563 594 2643 extimesco;
631 2565 726 2632 modo
752 2571 848 2631 vostri
870 2566 943 2631 lacti
964 2567 1097 2651 gloriam
1118 2589 1188 2633 cum
1211 2590 1281 2634 mea
1302 2571 1392 2637 laude
1414 2593 1501 2638 com-

174 2656 322 2722 municet.
379 2661 423 2721 lta
445 2677 503 2720 nec
530 2658 651 2734 Pisoni,
688 2660 796 2746 quiin
819 2680 891 2724 eum
912 2660 1032 2746 primus
1054 2666 1193 2728 invectus
1216 2673 1262 2728 est
1288 2666 1374 2730 nullo
1396 2687 1501 2732 assen-

175 2753 289 2826 tiente,
312 2770 371 2814 uec
392 2749 486 2824 mibi,
509 2751 564 2837 qui
585 2752 670 2818 idern
692 2753 849 2818 tricesimo
869 2761 941 2838 post
963 2753 1014 2817 die
1036 2753 1113 2828 leci,
1136 2776 1194 2819 uec
1215 2761 1248 2822 P.
1271 2760 1421 2832 Servilio,
1445 2760 1499 2846 qui

175 2867 225 2910 me
247 2853 296 2910 cst
316 2854 520 2919 consecutus,
554 2855 621 2912 tuto
642 2848 674 2913 in
696 2857 837 2912 senatum
857 2847 966 2912 venire
988 2847 1070 2911 licet.
1124 2847 1256 2914 Caedem
1279 2851 1361 2915 enim
1383 2852 1499 2936 gladia-

174 2951 226 3006 tor
245 2939 369 3026 quaerit
394 2939 525 3025 eiusque
547 2940 668 3006 initium
690 2963 718 3007 a.
741 2940 771 3005 d.
792 2959 869 3004 1111.
891 2939 1021 3005 Kalend.
1044 2939 1172 3005 Octobr.
1187 2963 1204 3004 a
1219 2963 1269 3006 mc
1285 2963 1319 3007 se
1340 2943 1535 3008 iacturumrt

174 3033 312 3120 putarim
349 3031 388 3096 ad
408 3053 502 3118 quam
522 3047 650 3119 paratus
672 3044 815 3108 venerat,
852 3053 923 3097 cum
944 3032 977 3096 in
999 3032 1072 3097 villa
1094 3033 1210 3099 Metelli
1232 3037 1409 3122 complures
1431 3038 1498 3102 dies

173 3135 401 3192 commentatus
423 3136 513 3192 esset.
570 3131 657 3206 Quae
686 3137 789 3194 autem
817 3128 849 3192 in
871 3127 977 3192 lustris
999 3131 1082 3192 etin
1103 3129 1179 3192 vino
1200 3131 1420 3196 commentatio
1442 3151 1498 3218 po·

174 3222 234 3288 luit
256 3225 347 3285 esse?
383 3223 491 3305 Itaque
516 3220 663 3286 omnibus
695 3230 742 3286 esl
773 3221 878 3294 visus,
911 3229 946 3285 ut
973 3218 1012 3284 ed
1040 3228 1070 3284 te
1091 3229 1181 3285 antea
1211 3224 1335 3307 scripsi,
1369 3245 1498 3289 vomere

173 3335 364 3388 enomere,
388 3335 451 3378 uon
473 3314 588 3380 dicere.
631 3319 661 3381 2.
696 3318 822 3394 Quare,
845 3312 929 3402 quod
951 3314 1063 3379 scribis
1082 3324 1113 3379 te
1135 3314 1292 3381 confidere
1314 3317 1498 3382 auctoritate

174 3419 206 3474 et
226 3406 407 3494 eloquentia
429 3419 536 3472 nostra
556 3407 675 3494 aliquid
696 3408 806 3495 profici
828 3427 937 3495 posse,
969 3409 1133 3485 nonnihil,
1162 3419 1197 3474 ut
1217 3409 1248 3474 in
1271 3410 1362 3476 tantis
1387 3411 1534 3486 mabsar·

174 3512 221 3568 est
246 3500 433 3587 proiectum.
486 3501 633 3588 Intelligit
664 3503 747 3568 euim
768 3502 903 3589 populus
925 3509 1083 3568 Romanus
1106 3511 1170 3568 tres
1200 3522 1269 3568 esse
1299 3504 1496 3580 consulares,

173 3595 244 3683 qui,
278 3594 368 3681 quia,
401 3615 481 3681 quae
504 3594 542 3660 de
564 3595 746 3682 republica
773 3596 854 3662 bene
880 3596 1048 3668 senserint,
1078 3594 1179 3661 libere
1201 3597 1297 3662 locuti
1319 3605 1406 3671 sunt,
1429 3605 1497 3663 tuto

173 3691 206 3756 in
227 3699 370 3756 senatum
402 3689 509 3754 venire
532 3691 745 3776 nonpossint.
803 3696 866 3756 Nec
887 3700 934 3756 est
954 3698 1117 3776 practerea
1140 3691 1224 3777 quod
1249 3690 1420 3777 quidquam
1442 3711 1498 3756 ex·

171 3795 305 3871 spectes.
363 3789 449 3849 Tuus
471 3785 554 3849 enim
586 3785 781 3850 necessarius
802 3785 948 3850 affinitate
970 3805 1052 3849 nova
1074 3783 1253 3849 delectatur.
1307 3783 1497 3870 Itaqueiam

173 3899 235 3944 nou
266 3885 314 3943 est
343 3878 500 3944 studiosus
527 3879 701 3955 ludorum,
737 3879 921 3967 infinitoque
948 3877 1054 3943 fratris
1081 3881 1125 3943 tui
1160 3879 1270 3964 plausu
1297 3877 1496 3963 dirumpitur.
1508 3904 1534 3942 ss

172 3973 259 4037 Alter
291 3973 367 4036 item
395 3972 494 4037 affinis
516 3974 606 4038 novis
628 3973 860 4040 commentariis
883 3975 1024 4038 Caesaris
1047 3972 1201 4038 delenitus
1223 3982 1279 4038 est.
1338 3971 1399 4037 Sed
1421 3972 1497 4036 baec

173 4064 364 4132 tolerabilia:
397 4064 476 4130 illud
496 4087 559 4132 nou
581 4066 758 4141 serendum,
783 4066 869 4153 quod
890 4077 955 4143 cst,
978 4067 1033 4154 qui
1054 4078 1160 4133 vestro
1182 4089 1263 4132 anno
1286 4066 1382 4132 filium
1405 4086 1495 4130 suum

172 4159 333 4224 consulem
365 4158 504 4224 futurum
541 4169 628 4246 putet
659 4158 700 4224 ob
738 4180 870 4246 eamque.
899 4181 1023 4226 causam
1051 4183 1085 4226 se
1107 4161 1180 4227 huic
1201 4160 1314 4226 latroni
1336 4157 1496 4223 deservire

172 4273 248 4338 prae
270 4273 304 4317 se
326 4251 416 4317 serat.
473 4258 503 4318 3.
525 4258 602 4318 Nam
620 4257 655 4318 L.
682 4257 770 4318 Cotta
793 4252 951 4332 familiaris
973 4275 1062 4319 meus
1086 4253 1171 4319 fatali
1194 4254 1327 4340 quadam
1349 4252 1496 4337 despera·

172 4345 272 4421 tione,
302 4347 416 4422 nteit,
454 4351 555 4414 miuus
577 4348 610 4412 in
632 4356 772 4412 senatum
795 4346 889 4411 venit.
931 4351 965 4412 L.
989 4351 1117 4420 Caesar,
1148 4348 1285 4433 optimus
1311 4354 1342 4410 et
1363 4342 1532 4409 fortissimo

172 4461 242 4504 mus
265 4440 358 4526 ciris,
382 4439 558 4506 valetudine
579 4438 758 4526 impeditur.
802 4444 870 4504 Ser.
894 4440 1047 4525 Sulpicius
1069 4453 1100 4506 et
1121 4463 1241 4506 summa
1264 4439 1449 4504 auctoritate
1464 4445 1495 4500 et

172 4533 289 4619 optimc
310 4534 447 4599 sentiens
469 4555 531 4599 non
553 4534 650 4598 adest.
693 4533 840 4617 Reliquos
863 4532 1000 4619 exceptis
1022 4532 1190 4618 designatis
1206 4533 1386 4618 —ignosce
1408 4528 1493 4602 mihi,

172 4627 227 4691 sed
248 4649 312 4692 uon
334 4649 466 4693 numero
487 4629 678 4693 consulares.
719 4624 823 4690 Habes
842 4636 986 4690 auctores
1007 4627 1129 4691 consilii
1150 4626 1286 4722 publici:
1310 4625 1364 4711 qui
1386 4643 1495 4687 nume-

242 4837 284 4885 to.
315 4837 422 4886 interim
446 4837 523 4886 uelim
547 4837 592 4887 M:
621 4837 729 4886 Interim
755 4835 787 4885 ll.
819 4855 851 4871 -
888 4837 931 4886 20.
952 4843 982 4885 ut
999 4837 1069 4886 inter
1086 4850 1125 4886 me
1143 4835 1180 4887 bl.
1215 4859 1245 4871 ··-
1281 4834 1326 4883 23.
1346 4835 1492 4883 tricensimo

230 4931 262 4942 -
298 4907 342 4956 26.
361 4907 397 4956 nd
415 4905 552 4971 quembl:
572 4914 602 4956 et
620 4921 698 4972 parom
721 4906 751 4955 E.
782 4928 811 4940 -
849 4903 892 4955 28.
912 4918 1143 4956 vomereuomere
1162 4906 1199 4956 Μ.
1220 4929 1250 4940 -
1288 4905 1332 4953 ³2.
1352 4917 1491 4968 quaeum.

232 5001 279 5096 Ed
296 4977 422 5096 aaut&
441 4979 495 5027 rint
513 4977 544 5027 E.
566 5001 596 5012 -
633 4979 676 5028 35.
696 4976 873 5038 disrumpitur
892 4977 929 5028 bl.
952 5002 981 5014 -
1001 4977 1045 5026 36.
1065 4977 1191 5026 delenitur
1208 4975 1252 5026 bl:
1273 4974 1396 5024 delinitus
1415 4973 1446 5024 E.
1462 4998 1491 5010 -

256 5163 329 5204 cicero
343 5163 365 5202 Τ.
380 5165 415 5205 111.
1290 5131 1330 5194 Μ’

174 4904 211 4954 bl.

175 4973 210 5024 tt.

173 5044 217 5094 143.
