3656 5868
306 411 349 476 tt
735 407 1009 474 conventuum
1030 411 1082 473 ΑΙ)
1104 411 1195 474 del.

306 567 365 636 bus
387 566 555 656 praedictis
576 564 723 633 constitui
744 565 828 652 apud
848 574 879 632 te
897 565 1112 633 auctoritatem
1126 566 1251 653 augnarii
1265 576 1296 636 et
1310 565 1510 636 divinationis
1525 590 1625 646 meae,

306 661 433 729 debebit
465 659 581 727 babere
611 659 703 724 iidem
731 669 838 726 nostra
865 659 1046 745 praedictio.
1103 666 1170 727 Non
1197 661 1293 747 igitur
1320 683 1361 728 ex
1383 661 1463 727 alitis
1485 663 1626 730 involatu

305 779 363 823 nec
384 778 401 822 e
424 765 516 821 cantu
537 754 664 820 sinistro
686 753 818 830 oscinis,
840 763 875 819 ut
896 754 928 817 in
950 763 1055 818 nostra
1078 753 1239 840 disciplina
1261 765 1324 830 est,
1345 777 1403 820 nec
1424 776 1465 820 ex
1480 755 1625 842 tripudiis

305 850 477 918 sollistimis
499 857 552 915 aut
574 848 704 914 soniviis
726 847 782 913 tibi
800 868 948 932 auguror,
964 846 1018 912 sed
1034 847 1135 914 babeo
1150 849 1209 914 alia
1224 849 1321 933 signa,
1342 871 1423 936 quae
1438 848 1624 928 observem;

281 967 385 1033 cquae
408 945 466 1012 etsi
488 967 551 1012 non
572 956 644 1010 sunt
665 943 800 1008 certiora
820 941 896 1014 illis,
919 939 1020 1004 minus
1042 949 1145 1006 umen
1167 940 1280 1007 babent
1294 941 1344 1007 vel
1359 941 1559 1008 obscuritatis
1574 944 1624 1009 vel

305 1042 435 1108 erroris.
488 1045 519 1106 8.
556 1044 707 1104 Notantur
734 1045 837 1100 autem
866 1031 942 1097 mibi
962 1032 1001 1097 ad
1024 1034 1224 1101 divinandum
1247 1035 1333 1122 signa
1355 1036 1470 1121 duplici
1491 1037 1623 1125 quadam

304 1135 370 1200 via:
393 1155 525 1222 quarum
547 1134 675 1199 alteram
697 1129 778 1195 duco
800 1149 818 1192 e
840 1131 971 1193 Caesare
993 1127 1079 1213 ipso,
1101 1129 1229 1195 alteram
1252 1151 1270 1195 e
1292 1141 1468 1215 temporum
1489 1131 1624 1196 civilium

304 1239 415 1295 natura
436 1239 529 1316 atque
549 1226 681 1291 ratione.
735 1227 770 1288 ln
793 1225 923 1288 Caesare
947 1221 1021 1286 baec
1042 1231 1129 1288 sont:
1164 1223 1246 1288 mitis
1275 1225 1473 1312 clemensque
1496 1235 1623 1299 natura,

305 1322 404 1408 qualis
436 1321 623 1407 exprimitur
650 1317 813 1405 praeclaro
844 1315 897 1380 illo
924 1313 1006 1380 libro
1038 1318 1269 1393 Qunnncannu
1299 1329 1433 1384 tuarum.
1481 1318 1623 1392 Accedit,

268 1415 390 1502 nequod
411 1415 540 1479 mirifice
562 1411 691 1498 ingeniis
714 1407 951 1481 excellentibus,
989 1409 1081 1495 quale
1102 1419 1150 1475 est
1171 1421 1274 1486 tuum,
1301 1412 1481 1479 delectatur.
1530 1419 1623 1480 Prae·

304 1523 390 1578 terea
419 1508 500 1573 cedit
527 1507 697 1572 multorum
725 1502 815 1569 iustis
837 1512 868 1567 et
889 1501 995 1568 ollicio
1016 1503 1166 1579 incensis,
1201 1526 1266 1570 non
1286 1505 1428 1572 inanibus
1450 1514 1503 1572 aut
1524 1508 1625 1574 ambi-

304 1603 410 1678 tiosis,
432 1600 660 1675 voluntatibus,
699 1598 731 1664 in
752 1617 816 1683 quo
838 1595 1038 1660 vehementer
1059 1617 1133 1662 enm
1154 1599 1349 1666 consentiens
1371 1603 1496 1666 Etruria
1518 1624 1624 1668 move·

304 1697 359 1764 bic
416 1701 445 1762 9.
469 1700 533 1762 Cur
553 1695 630 1760 baec
652 1693 749 1778 igitur
770 1689 871 1756 adbuc
892 1710 1004 1775 parum
1025 1688 1252 1774 proiecerunt?
1295 1693 1378 1771 Quia
1397 1717 1460 1760 non
1482 1704 1569 1782 putat
1590 1717 1624 1762 se

304 1791 457 1858 sustinere
479 1809 587 1854 causas
608 1807 703 1874 posse
724 1785 915 1858 multorum,
938 1784 965 1848 si
986 1784 1058 1860 tibi,
1080 1786 1130 1851 cui
1145 1787 1257 1853 iustius
1272 1786 1397 1854 videtur
1411 1790 1503 1853 irasci
1520 1811 1624 1875 posse,

267 1903 295 1943 tv
303 1885 502 1951 concesserit.
548 1885 636 1960 Quae
659 1889 706 1947 est
727 1878 838 1963 igitur,
861 1876 997 1962 inquies,
1033 1899 1105 1964 spes
1127 1877 1165 1942 ab
1196 1879 1299 1945 irato?
1340 1881 1459 1947 Eodem
1482 1882 1567 1950 sonte
1589 1905 1624 1950 se

304 1978 488 2046 hausturum
509 1976 651 2061 intelligit
671 1973 779 2040 laudes
800 1992 888 2043 suas,
911 1991 929 2035 e
950 1991 1014 2058 qno
1036 1973 1075 2036 sit
1097 1972 1207 2037 leviter
1229 1974 1407 2059 adspersos.
1460 1981 1624 2043 Postremo

171 2144 187 2164 υ
302 2072 398 2139 bomo
419 2071 509 2138 valde
531 2082 578 2136 est
599 2077 707 2134 acutus
729 2076 760 2133 et
781 2065 912 2130 multum
934 2065 1119 2150 providens;
1156 2067 1297 2152 intelligit
1319 2078 1372 2143 te,
1410 2069 1568 2160 bominem
1591 2071 1624 2137 in

301 2177 390 2254 parte
411 2167 516 2232 ltaliae
537 2164 665 2228 minime
687 2158 911 2228 contemnenda
934 2158 1023 2223 lncile
1042 2160 1181 2226 omnium
1201 2161 1427 2228 nobilissimum
1443 2177 1472 2228 et
1487 2165 1519 2229 in
1539 2185 1625 2230 com-

302 2260 389 2326 muni
410 2281 446 2324 re
467 2257 593 2344 publica
614 2255 713 2321 cnivis
735 2273 930 2320 summorum
952 2261 1023 2317 tuae
1045 2254 1153 2318 aetatis
1175 2255 1226 2320 vel
1248 2255 1373 2341 ingenio
1390 2256 1439 2322 vel
1454 2257 1554 2342 gratia
1572 2256 1623 2323 vel

265 2355 383 2418 ”lama
412 2353 520 2438 popnli
547 2349 679 2416 Romani
708 2367 836 2434 parem,
874 2366 937 2410 non
969 2366 1063 2432 posse
1090 2347 1253 2433 prohiberi
1286 2348 1468 2435 republica
1496 2350 1623 2417 diutius.

301 2447 393 2512 Nolet
413 2445 473 2511 boc
493 2443 644 2529 temporis
675 2445 780 2528 potius
810 2460 879 2504 esse
907 2438 1075 2525 aliquando
1102 2439 1288 2508 beneficium
1316 2465 1410 2531 qnam
1437 2445 1499 2509 iam
1521 2465 1622 2510 snum.

305 2545 354 2605 to.
376 2539 450 2604 uixi
470 2537 510 2602 de
532 2541 679 2613 Caesare;
702 2553 784 2599 nuno
804 2532 906 2597 dicam
928 2533 967 2598 de
989 2542 1166 2619 temporum
1187 2557 1358 2624 rerumque
1373 2548 1493 2603 natura.
1523 2542 1622 2603 Nemo

303 2644 350 2699 est
371 2642 433 2697 tam
454 2631 598 2696 inimicus
621 2629 649 2694 ei
671 2647 800 2700 causae,
823 2647 917 2712 quam
931 2627 1098 2713 Pompeius
1120 2629 1272 2695 animatus
1287 2631 1397 2696 melius
1416 2653 1510 2719 qnam
1531 2653 1622 2718 para·

303 2737 352 2794 tus
375 2733 574 2810 susceperat,
598 2727 651 2810 qni
673 2742 731 2787 nos
752 2720 853 2785 malos
875 2719 959 2784 cives
981 2719 1085 2786 dicere
1102 2732 1155 2787 aut
1169 2721 1311 2789 homines
1325 2724 1486 2810 improbos
1501 2724 1622 2790 audeat.

265 2826 337 2887 nvn
366 2840 430 2907 quo
459 2817 608 2884 admirari
638 2815 726 2882 soleo
754 2815 935 2900 gravitatem
974 2823 1005 2880 et
1037 2813 1184 2880 iustitiam
1206 2825 1238 2881 et
1259 2818 1440 2903 sapientiam
1463 2819 1621 2895 Caesaris:

301 2934 460 3000 nunquam
478 2911 538 2976 nisi
559 2907 871 2976 bonorificentissime
892 2908 1077 2994 Pompeium
1099 2911 1240 2995 appellat.
1264 2943 1304 2956 -
1347 2917 1386 2976 tt
1407 2912 1440 2976 in
1461 2911 1528 2978 eius
1549 2933 1622 2998 per·

300 3030 378 3075 sona
399 3005 495 3072 multa
516 3004 590 3070 fecit
610 3002 761 3090 asperius.
785 3033 825 3045 -
867 3005 1036 3066 Armorum
1058 3003 1116 3067 ista
1138 3012 1169 3068 et
1189 3003 1340 3069 victoriae
1360 3015 1432 3070 sunt
1445 3005 1534 3079 facta,
1557 3027 1620 3070 non

301 3100 451 3169 Caesaris.
493 3104 533 3165 nt
560 3118 618 3163 nos
650 3093 914 3184 quemadmodum
949 3105 996 3161 est
1016 3097 1213 3180 complexus!
1247 3097 1386 3164 Cassium
1407 3098 1467 3164 sibi
1488 3098 1619 3184 legavit3

299 3201 430 3261 Brutum
453 3192 568 3258 Galbae
589 3189 755 3276 praefecit,
786 3188 958 3274 Sulpicium
990 3190 1156 3268 Graeciae;
1188 3190 1383 3266 Marcellum,
1412 3192 1462 3256 cni
1485 3192 1620 3258 maxime

262 3286 518 3360 ”succensebam
551 3306 623 3350 cum
645 3303 766 3350 summa
787 3283 870 3347 illius
893 3281 1039 3367 dignitate
1061 3283 1205 3350 restituit.
1262 3289 1310 3350 ll.
1334 3288 1406 3363 Quo
1427 3286 1523 3372 igitur
1543 3286 1620 3351 baec

300 3371 464 3469 spectanti
497 3385 616 3445 Rerum
644 3378 705 3443 boc
733 3385 842 3442 natura
874 3383 905 3440 et
927 3376 1064 3441 civilium
1087 3389 1263 3463 temporum
1285 3400 1348 3444 non
1369 3380 1527 3466 patietur:
1561 3401 1620 3446 nac

301 3497 429 3541 manens
450 3494 509 3538 nec
530 3481 647 3538 mumta
667 3471 749 3536 ratio
769 3470 851 3535 leret
871 3469 1028 3553 primum,
1050 3479 1085 3534 ut
1106 3491 1169 3534 nou
1190 3471 1223 3536 in
1246 3492 1338 3538 causa
1359 3473 1428 3554 pari
1449 3473 1557 3539 eadem
1580 3479 1620 3540 sit

300 3579 331 3634 et
345 3567 489 3634 condicio
501 3575 532 3630 et
546 3565 671 3632 fortuna
686 3568 844 3639 omnium;
860 3561 987 3637 deinde,
1003 3574 1037 3629 ut
1050 3563 1083 3628 in
1095 3583 1162 3629 eam
1174 3563 1327 3630 civitatem
1342 3564 1417 3630 boni
1426 3571 1486 3632 viri
1499 3578 1530 3632 et
1543 3567 1617 3632 boni

300 3666 383 3727 cives
417 3660 501 3726 nnlla
533 3657 704 3745 ignominia
736 3657 834 3722 notati
863 3677 926 3720 non
954 3664 1166 3738 revertantur,
1189 3657 1337 3745 inquam
1360 3667 1405 3724 tot
1426 3661 1618 3728 nefariorum

262 3755 453 3820 “scelerum
475 3752 671 3818 condemnati
693 3756 901 3817 reverterunt.
955 3753 1003 3813 tt.
1025 3747 1129 3816 Habes
1150 3757 1318 3836 augurium
1340 3775 1463 3828 meum,
1486 3775 1569 3840 quo,
1591 3753 1619 3818 si

299 3848 374 3936 quid
395 3845 628 3920 addubitarem,
660 3865 723 3909 non
744 3843 848 3929 potius
869 3851 976 3906 uterer
997 3864 1091 3928 quam
1112 3844 1164 3910 illa
1185 3847 1412 3923 consolatione,
1444 3869 1507 3934 qua
1527 3847 1618 3914 facile

297 3941 412 4007 sortem
435 3941 537 4005 virum
559 3947 781 4004 sustentarem:
805 3945 855 4011 te,
878 3935 905 4000 si
927 3937 1089 4022 explorata
1111 3939 1241 4004 victoria
1256 3961 1343 4004 arma
1358 3942 1543 4027 sumpsisses
1557 3963 1617 4027 pro

297 4033 479 4121 republica
500 4069 540 4080 -
563 4037 606 4098 ita
626 4037 710 4097 enim
733 4039 799 4096 tum
820 4030 950 4116 putabas
972 4067 1027 4104 -,
1050 4052 1113 4096 non
1134 4033 1228 4098 nimis
1250 4053 1319 4098 esse
1340 4033 1545 4113 landandum;
1568 4036 1617 4100 sin

297 4136 428 4216 propter
448 4127 584 4192 incertos
606 4130 709 4191 exitus
730 4133 922 4210 eventusque
944 4123 1100 4190 bellorum
1122 4147 1214 4211 posse
1236 4126 1397 4202 accidere,
1420 4137 1455 4195 ut
1475 4129 1617 4194 vincere-

260 4237 289 4278 ⁴⁰
298 4245 385 4296 mur,
420 4231 576 4308 putasses,
609 4241 672 4285 non
700 4218 817 4284 debere
854 4228 884 4282 te
914 4217 954 4282 ad
982 4219 1148 4285 secundam
1173 4219 1332 4286 fortunam
1361 4219 1441 4286 bene
1472 4233 1614 4308 paratum

297 4316 410 4391 fuisse,
433 4316 595 4382 adversam
614 4314 699 4379 ferre
720 4312 806 4378 nullo
826 4311 921 4377 modo
939 4310 992 4395 [te]
1009 4332 1109 4397 posse.
1153 4318 1351 4400 Disputarem
1368 4316 1476 4391 etiam,
1499 4323 1615 4402 quanto

296 4411 407 4476 solatio
440 4409 496 4475 tibi
523 4407 712 4474 conscientia
742 4407 787 4474 tui
816 4405 908 4481 sacti,
931 4414 1063 4492 quantae
1084 4406 1282 4472 delectationi
1304 4409 1336 4473 in
1358 4408 1453 4475 rebus
1475 4410 1615 4475 adversis

296 4505 417 4571 litterae
439 4526 508 4570 esse
530 4502 690 4568 deberent.
744 4505 1030 4568 Commemorarem
1053 4521 1116 4565 non
1137 4502 1239 4567 solum
1260 4511 1401 4568 veterum
1424 4503 1480 4568 sed
1501 4503 1615 4568 borum

297 4605 389 4665 etiam
412 4599 584 4663 recentium
605 4596 656 4662 vel
674 4595 788 4662 ducum
809 4595 859 4660 vel
873 4597 1021 4659 comitum
1036 4602 1163 4660 tuorum
1177 4596 1378 4681 gravissimos
1392 4617 1497 4675 casus;
1520 4601 1614 4662 etiam

259 4704 287 4747 ⁴³
298 4702 445 4758 externos
466 4692 580 4757 multos
602 4691 702 4756 claros
724 4687 809 4753 viros
830 4693 1044 4755 nominarem:
1067 4690 1149 4757 levat
1169 4691 1253 4756 enim
1275 4691 1417 4757 dolorem
1439 4694 1613 4758 communis

367 4921 393 4969 2.
413 4919 504 4968 oolotu
521 4920 552 4969 ll.
574 4942 605 4954 -
641 4918 668 4966 ⁷.
687 4931 700 4967 e
719 4917 828 4966 Cossore
844 4917 886 4968 bl:
907 4933 925 4968 o
943 4919 1054 4968 Castore
1073 4919 1103 4970 ll,
1124 4944 1155 4956 -
1193 4921 1235 4970 tc.
1256 4919 1397 4984 intelleqert
1415 4919 1503 4969 londa
1522 4920 1561 4970 ld.
1580 4939 1613 4954 «-

297 4991 340 5040 20.
358 4990 493 5053 prolibare
510 4988 547 5038 bl.
568 5012 599 5024 -
636 4987 680 5037 26.
698 4999 811 5050 peremto
828 4988 869 5038 lt:
887 5001 1026 5050 perronam
1045 4989 1076 5039 ll.
1099 5009 1129 5026 ·-
1166 4990 1209 5041 ³2.
1228 4997 1302 5040 moto
1319 4990 1357 5041 bl.
1379 5013 1410 5024 -
1434 4990 1479 5040 dt.
1498 4997 1523 5041 te
1537 4999 1614 5052 posse

297 5059 342 5112 ll:
359 5071 433 5122 posse
451 5058 481 5108 E.
502 5082 533 5093 -
568 5058 613 5108 42.
632 5065 746 5122 quomam
763 5057 808 5108 M:
828 5065 971 5122 quootoaoe
991 5059 1020 5108 ll.
