3656 5868
644 443 718 507 LIB.
740 443 791 506 vl.
834 442 892 506 ΕΡ.
915 445 945 507 8.
967 444 998 506 9.
1022 445 1070 506 10.
1460 443 1501 504 87

176 605 256 692 quid
277 603 355 670 mibi
375 604 511 690 placeat,
539 613 616 690 puto
637 615 668 670 te
690 609 771 670 scire
792 611 951 689 oportere.
994 607 1024 668 2.
1047 601 1129 667 Actis
1150 601 1199 667 bis
1223 601 1319 668 rebus
1340 605 1460 671 litterae
1483 629 1501 671 a

175 711 209 766 te
230 699 309 764 mibi
331 698 471 763 redditae
493 709 583 774 stant,
607 699 721 787 quibus
743 719 825 764 ame
841 697 1004 762 consilium
1021 702 1115 783 petis,
1138 697 1214 784 quid
1229 703 1288 762 sim
1304 697 1359 783 tibi
1374 709 1499 765 auctor:

177 800 212 860 in
234 795 379 860 Siciliane
401 795 558 869 subsidas,
595 815 634 858 au
662 803 697 860 ut
722 792 762 857 ad
790 791 938 878 reliquias
966 797 1117 858 Asiaticae
1137 796 1355 876 negotiationis
1377 793 1502 877 prolici-

177 911 278 955 scare.
331 893 415 954 Haec
439 899 491 954 tua
513 887 697 953 deliberatio
723 909 787 951 nou
809 886 884 952 mihi
911 892 1080 952 convenire
1101 892 1168 951 visa
1189 895 1236 951 111
1264 908 1337 951 cum
1359 892 1501 953 oratione

178 988 284 1068 Largi.
337 984 392 1048 llle
414 988 496 1048 enim
518 1004 659 1057 mecum,
692 983 781 1069 quasi
804 982 858 1047 tibi
882 1003 944 1047 nou
966 983 1074 1048 liceret
1095 982 1128 1046 in
1150 981 1255 1046 Sicilia
1277 981 1394 1046 diutius
1416 1003 1525 1050 com-s

176 1081 312 1152 morari,
344 1076 386 1142 ita
406 1078 529 1143 locutus
551 1086 634 1152 erat;
668 1085 702 1141 tu
723 1084 847 1149 autem,
870 1080 957 1162 quasi
980 1096 1163 1141 concessum
1184 1075 1243 1150 sit,
1273 1079 1314 1139 ita
1336 1074 1501 1142 deliberas

177 1171 242 1236 Sed
257 1192 335 1255 ego,
358 1177 424 1236 sive
439 1170 499 1236 hoc
511 1171 577 1236 sive
592 1171 670 1236 illud
684 1181 745 1243 cst,
767 1175 800 1235 in
816 1170 919 1235 Sicilia
933 1190 1046 1235 censeo
1062 1169 1329 1234 commorandum.
1372 1170 1504 1256 Propin-

176 1270 280 1352 quitas
309 1265 452 1332 locorum
478 1267 528 1331 vel
550 1266 589 1330 ad
618 1264 849 1352 impetrandum
877 1264 1002 1330 adiurat
1030 1263 1150 1330 crebris
1178 1264 1290 1328 litteris
1317 1273 1348 1327 11
1369 1264 1503 1340 nuntiis,

177 1359 229 1424 vel
251 1359 291 1424 ad
320 1359 441 1425 reditus
470 1361 675 1433 celeritatem,
703 1382 739 1424 re
768 1369 822 1425 aut
854 1365 1033 1445 impetrata,
1068 1357 1153 1444 quod
1180 1379 1287 1444 spero,
1325 1367 1379 1423 aut
1400 1360 1502 1445 aliqua

176 1453 300 1518 ratione
334 1454 484 1521 confecta.
549 1453 763 1532 Quamobrem
802 1474 916 1518 censeo
951 1473 1064 1538 magno
1101 1472 1197 1537 opere
1233 1451 1502 1517 commorandum.
1514 1477 1540 1518 ιο

178 1551 212 1613 3.
234 1552 269 1613 Τ
290 1547 439 1613 Furfanio
461 1553 625 1622 Postumo,
649 1547 794 1632 familiari
816 1569 903 1620 meo,
924 1546 1096 1632 legatisque
1118 1553 1202 1621 eius,
1225 1545 1300 1610 item
1316 1553 1394 1612 meis
1413 1545 1504 1611 fami·
1610 1537 1637 1632 ζ

176 1640 325 1716 liaribus,
348 1642 582 1726 diligentissime
605 1651 634 1707 te
657 1641 900 1717 commendabo,
923 1661 993 1706 oum
1008 1645 1169 1720 venerint;
1192 1648 1281 1704 erant
1295 1642 1379 1706 euim
1393 1661 1503 1705 omues

177 1735 327 1800 Mutinae.
377 1740 444 1802 Viri
473 1744 545 1801 sunt
572 1739 682 1822 optimi
711 1745 742 1800 et
769 1735 815 1801 tui
837 1734 985 1800 similium
1018 1735 1149 1800 studiosi
1177 1744 1209 1800 et
1235 1737 1298 1801 mei
1325 1735 1502 1802 necessarii.

178 1831 270 1906 Quae
292 1829 369 1894 mibi
390 1829 516 1895 venient
537 1835 570 1895 iu
591 1839 740 1906 mentem,
764 1851 844 1916 quae
867 1827 905 1892 ad
928 1838 958 1894 te
980 1829 1139 1914 pertinere
1158 1827 1353 1906 arbitrabor,
1375 1851 1412 1894 ea
1434 1850 1503 1893 mea

177 1933 292 2010 sponte
313 1923 440 2002 faciam;
474 1923 499 1988 si
522 1924 597 2010 quid
619 1923 788 2009 ignorabo,
825 1921 864 1986 de
886 1943 925 1987 eo
953 1922 1130 1988 admonitus
1150 1929 1291 1989 omnium
1313 1923 1415 1990 studia
1435 1927 1542 1988 viu-n

177 2038 259 2082 cam.
316 2021 384 2102 Ego
412 2017 471 2083 etsi
498 2038 603 2082 coram
633 2018 671 2082 de
698 2027 728 2084 te
757 2038 827 2082 cum
854 2015 1003 2081 Furfanio
1029 2015 1072 2080 ita
1094 2016 1222 2104 loquar,
1258 2026 1292 2083 ut
1313 2018 1371 2084 tibi
1392 2018 1503 2083 litteris

177 2111 258 2176 meis
280 2109 320 2176 ad
342 2132 414 2176 eum
436 2111 513 2176 nihil
536 2132 614 2196 opus
637 2117 694 2186 sit,
717 2119 838 2185 tamen,
861 2109 1010 2197 quoniam
1028 2115 1089 2175 tuis
1104 2110 1220 2196 placuit
1241 2121 1271 2176 te
1286 2112 1403 2177 habere
1417 2133 1504 2177 meas

176 2205 314 2279 litteras,
337 2226 414 2291 quas
436 2209 465 2268 ei
487 2204 653 2280 redderes,
676 2225 798 2270 morem
817 2204 856 2269 iis
871 2209 963 2290 gessi.
1006 2209 1123 2270 Earum
1136 2205 1309 2272 litterarum
1324 2207 1504 2294 exemplum

177 2299 435 2385 infrascriptum
458 2305 515 2363 est.

653 2444 708 2507 nr.
751 2437 802 2524 (A.
829 2445 861 2507 u.
884 2444 916 2508 c.
938 2444 1027 2524 roe.)
1514 2472 1542 2512 20

514 2566 555 2627 Μ.
578 2565 722 2630 CICERO
743 2565 937 2629 FURFANIO
959 2565 1126 2631 PROCOS.
1149 2568 1181 2631 S.

268 2656 396 2756 1.(111111
424 2679 460 2740 Α.
490 2678 620 2740 Caecina
647 2683 730 2740 tanta
761 2675 838 2741 mihi
865 2675 1057 2741 familiaritas
1090 2677 1348 2785 consuetudoque
1380 2700 1505 2766 semper

173 2762 309 2928 fg)
281 2776 317 2834 ut
347 2768 431 2832 nulla
457 2773 560 2833 maior
586 2789 656 2833 esse
684 2769 792 2855 possit.
845 2774 921 2834 Nam
944 2778 974 2834 et
995 2778 1085 2856 patre
1107 2771 1192 2846 eius,
1215 2771 1302 2837 claro
1324 2772 1451 2837 bomine
1474 2783 1505 2836 et
1526 2798 1654 2885 Q*

194 2885 214 2929 o

1654 2761 1669 2799 l

215 2885 257 2926 rr
279 2861 365 2936 viro,
401 2861 572 2946 plurimum
592 2862 642 2926 usi
664 2883 787 2939 sumus,
822 2875 853 2928 et
873 2863 956 2928 bunc
986 2883 1141 2949 apuero,
1172 2865 1257 2951 quod
1279 2875 1311 2929 et
1332 2887 1419 2952 spem
1440 2888 1506 2930 ma-

181 2977 274 3042 gnam
292 2942 374 3020 mrbi
394 2954 545 3020 afferebat
572 2977 711 3021 summae
739 2957 902 3043 probitatis
924 2979 1130 3066 summaeque
1148 2958 1345 3043 eloquentiae
1367 2968 1399 3024 ct
1418 2960 1542 3027 vive-es

180 3051 235 3118 bat
256 3070 379 3116 mecum
401 3049 649 3115 coniunctissime
672 3072 735 3115 nou
758 3051 860 3115 solum
886 3050 996 3115 officiis
1018 3051 1170 3117 amicitiae
1201 3050 1256 3116 sed
1279 3053 1373 3116 etiam
1395 3053 1504 3117 studiis

181 3143 415 3219 communibus,
444 3144 488 3208 sic
509 3165 635 3231 semper
656 3144 769 3217 dilexi,
797 3143 883 3208 nullo
904 3152 940 3209 ut
961 3164 1032 3208 oum
1054 3144 1179 3209 bomine
1201 3145 1397 3210 coniunctius
1418 3147 1505 3211 vive·

181 3260 261 3305 rem.
316 3242 347 3303 2.
383 3237 465 3302 Nihil
491 3238 598 3303 attinet
626 3259 676 3302 me
703 3238 796 3323 plura
823 3236 979 3314 scribere;
1012 3258 1105 3323 quam
1127 3237 1204 3303 mibi
1226 3258 1353 3303 necesse
1375 3239 1415 3304 sit
1436 3239 1507 3326 eius

182 3335 313 3399 salutem
336 3342 367 3397 et
387 3331 529 3397 fortunas
551 3330 789 3419 quibuscunque
810 3330 906 3396 rebus
927 3330 1044 3417 possim
1066 3333 1164 3406 tueri,
1198 3332 1294 3399 vides.
1338 3334 1502 3421 Reliquum

183 3436 243 3502 111,
276 3435 326 3500 ut,
349 3447 419 3491 cum
443 3425 605 3510 cognorim
626 3425 768 3511 pluribus
790 3423 900 3499 rebus,
933 3424 1009 3512 quid
1031 3435 1065 3491 tu
1087 3436 1117 3492 et
1138 3426 1178 3491 de
1199 3425 1357 3492 bonorum
1379 3427 1541 3493 fortunare

182 3521 274 3586 etde
305 3520 353 3585 rei
382 3519 524 3606 publicae
555 3519 780 3586 calamitatibus
809 3520 941 3595 sentias,
978 3519 1053 3584 nibil
1080 3541 1099 3584 a
1127 3529 1158 3585 te
1179 3530 1299 3606 petam,
1328 3520 1388 3585 nisi
1409 3529 1445 3586 ut
1465 3521 1502 3585 ad

182 3635 252 3679 eam
274 3615 482 3688 voluntatem,
519 3635 612 3700 quam
636 3623 687 3679 tua
709 3624 820 3700 sponte
842 3636 916 3700 erga
942 3613 1105 3684 Caecinam
1127 3614 1290 3680 habiturus
1312 3637 1365 3690 es,
1401 3625 1504 3681 tantus

182 3707 326 3774 cumulus
353 3707 478 3772 accedat
513 3707 782 3773 commendatione
818 3730 903 3783 mea,
933 3712 1040 3795 quanti
1067 3729 1119 3773 me
1146 3730 1165 3774 n
1197 3719 1228 3775 te
1256 3708 1326 3775 fieri
1355 3709 1503 3796 intelligo.

181 3805 251 3867 Hoc
271 3801 349 3866 mihi
370 3801 487 3885 gratius
507 3800 613 3866 facere
634 3801 710 3867 nibil
730 3811 831 3887 potes.

667 3940 1020 4026 anaema
1513 3978 1541 4034 a

603 4059 644 4120 u.
668 4056 810 4121 cronno
832 4059 1029 4122 11111111)
1052 4061 1083 4124 1.

269 4181 298 4242 1.
319 4180 402 4261 Ego,
429 4175 536 4262 quanti
567 4184 597 4241 te
623 4175 733 4242 faciam
761 4196 947 4263 semperque
977 4177 1103 4243 fecerim
1144 4179 1313 4268 quantique
1344 4202 1395 4246 me
1423 4202 1441 4245 a
1473 4187 1503 4245 te

183 4270 252 4336 fieri
269 4271 498 4345 intellexerim,
522 4291 591 4335 sum
612 4270 720 4334 mihi
711 4291 778 4356 rpse
801 4271 896 4337 testis.
939 4271 1074 4342 Ν1ιιι111
1095 4274 1259 4339 eonsilium
1281 4285 1432 4340 tuum—
1453 4275 1503 4340 rel

185 4385 273 4430 111111
294 4353 460 4454 potius)-
482 4363 634 4431 diutius
624 4387 657 4429 ιιι
679 4364 773 4429 armis
795 4363 938 4430 civilibus
960 4368 1173 4432 commorandi
1196 4359 1418 4454 semperfmibi
1439 4388 1504 4431 ma-

184 4479 246 4539 gno
268 4458 371 4524 dolori
394 4458 467 4532 fuit,
491 4467 522 4523 11
542 4459 593 4524 hic
614 4453 868 4560 eventus,)quod
889 4458 1016 4534 tardius,
1039 4481 1131 4546 quam
1146 4470 1194 4526 est
1208 4483 1343 4548 aequum
1358 4472 1390 4526 et
1409 4455 1581 4548 quam40

252 4679 279 4729 3.
299 4692 336 4729 on
352 4687 382 4728 01
400 4679 429 4728 Μ
438 4692 445 4728 :
475 4694 511 4728 on
529 4679 559 4728 ll.
580 4701 612 4712 -
647 4678 674 4728 8.
694 4679 804 4728 adiuvat
824 4677 866 4728 bl:
891 4679 1026 4728 adiuvabit
1045 4678 1076 4728 E.
1098 4705 1125 4715 -
1164 4679 1191 4729 9.
1210 4681 1351 4740 impetrata
1370 4687 1417 4730 our
1435 4681 1503 4743 qaod

184 4749 264 4799 Μ.-
285 4752 328 4799 11.
349 4750 393 4799 16.
412 4749 456 4799 21.
476 4750 604 4810 Furfanio
622 4749 680 4798 Vb:
700 4749 818 4812 Furfano
836 4747 935 4798 Mu-
958 4748 1001 4798 18.
1020 4751 1053 4797 iis
1072 4749 1110 4799 Νι
1134 4751 1173 4798 bis
1192 4749 1251 4800 ΜΕ.
1273 4774 1303 4784 -
1322 4749 1500 4800 21011111.

185 4819 223 4871 Μ.
242 4844 272 4855 -
310 4819 355 4869 27.
382 4820 455 4868 nullo
480 4827 511 4870 nt
529 4820 593 4870 flod.
620 4819 795 4869 Tauriuensis
824 4819 1028 4881 antiquissimus
1046 4819 1190 4884 Peyronis:
1217 4827 1247 4868 nt
1264 4819 1390 4868 nonnullo
1408 4820 1453 4874 M.
1472 4828 1502 4870 ut

184 4903 237 4938 non
254 4889 307 4938 ullo
325 4891 355 4938 E.
388 4912 422 4924 -
458 4889 502 4940 28.
521 4903 619 4940 maesse
637 4897 674 4940 ert
692 4888 729 4938 M.
763 4911 792 4924 —
830 4887 973 4952 1111110]
999 4885 1128 4941 atder'bl.
1160 4913 1194 4924 -
1230 4890 1273 4939 31.
1293 4892 1390 4938 sestias
1409 4891 1503 4939 Tauri·

187 4961 295 5009 nensis:
322 4960 429 5009 sentires
448 4960 507 5010 ΜΕ.
539 4984 569 4994 -
607 4961 650 5010 31.
670 4973 696 5009 es
722 4959 916 5008 Taurineusis:
947 4973 1009 5010 esser
1027 4960 1087 5010 ΜΕ.
1118 4984 1151 4996 -
1187 4959 1231 5010 36.
1257 4960 1383 5010 Trebonio
1402 4961 1503 5021 Taun,

187 5027 314 5079 Trebonio
345 5029 467 5080 Ursinus.
497 5055 529 5064 -
567 5027 612 5079 37.
642 5031 785 5094 quantique
812 5029 1002 5082 Tauriuensis:
1030 5031 1125 5094 quanti
1150 5029 1210 5080 ΜΕ.

267 5127 338 5167 ciem
352 5125 373 5168 't
395 5127 428 5166 lll.
1272 5098 1292 5159 7

588 5253 657 5332 ,-
