3666 5874
1411 401 1496 464 xiix

184 567 293 653 esset,
314 579 357 632 ex
378 562 420 632 iis
438 561 595 650 protulit,
617 567 668 652 et,
690 577 774 651 quae
796 563 956 633 novitatis
977 561 1120 652 speciem
1134 557 1279 646 hebent,
1309 561 1496 648 interpole-

183 670 313 737 ioribus
333 669 509 737 manifesto
531 666 711 742 debentur3
743 668 843 754 odeo,
876 673 914 735 ut
935 669 1150 736 Deourtutum
1171 675 1271 754 cique
1293 665 1497 732 ’100000010-

183 793 258 840 0οω
292 774 380 841 inier
408 772 537 863 Regios
557 793 625 838 non
645 774 752 840 intere
773 775 829 841 vel
852 791 893 840 ex
915 773 980 840 iiiis
999 770 1203 840 Inoiiemandi
1226 774 1393 857 excerptis
1415 773 1499 837 sciis

184 879 386 962 compertum
407 877 571 944 haberem.
612 875 830 944 Nihilominus
851 896 892 944 eo
913 877 954 944 de
975 895 1013 943 re
1034 878 1153 962 scripsi
1175 873 1385 941 Ferdinendo
1401 874 1500 940 Hou-

182 979 301 1067 thsiio,
323 979 515 1048 doctissimo
529 981 650 1048 emico:
679 983 749 1066 qui,
772 1000 835 1067 quo
858 985 909 1048 est
930 983 964 1048 in
985 1000 1036 1047 me
1058 981 1293 1048 benevolentia
1314 980 1348 1044 ei
1368 977 1495 1044 tibern-

181 1085 296 1169 litote‚
317 1082 401 1152 hoec
423 1101 546 1151 mecum
569 1084 611 1151 de
633 1081 714 1152 cdi.
735 1085 853 1176 Regiis
873 1087 1140 1153 communicavit:

193 1217 197 1234 ι
269 1188 382 1254 «inter
403 1189 545 1275 quinque
567 1184 671 1255 conc
688 1189 817 1278 Regios
838 1191 872 1255 in
895 1188 1058 1278 Cetuiogo
1076 1189 1198 1276 publici
1212 1189 1293 1254 iuris
1313 1188 1404 1255 fecto
1427 1205 1499 1254 me-

181 1295 330 1359 moratos
351 1294 397 1378 ts,
431 1293 484 1377 qui
506 1293 685 1382 insignitus
707 1299 759 1359 est
780 1293 820 1360 N.
835 1292 967 1377 8534„
1000 1313 1042 1359 ne
1063 1296 1106 1360 ab
1128 1294 1232 1360 Hosio
1253 1291 1296 1360 V.
1316 1289 1352 1362 0.
1371 1291 1499 1381 quidem
1542 1327 1544 1332 ·

182 1399 292 1484 potuit
313 1396 462 1482 reperiri.
503 1393 665 1482 Reiiqoos
686 1400 843 1483 quattuor
863 1396 926 1464 hos
947 1400 1091 1485 inspexi:
1564 1407 1586 1454 ⁸

265 1490 307 1582 Ι)
330 1498 412 1567 000.
432 1497 476 1564 A.
493 1497 533 1566 N.
556 1497 672 1565 8833.
692 1499 1007 1588 splendidissimum,
1029 1503 1168 1589 pictum,
1190 1501 1271 1569 folio
1293 1522 1378 1568 mex.
1396 1519 1500 1568 mem-

180 1605 318 1673 braneo.
340 1603 416 1669 Voi.
437 1601 576 1670 duobus.
603 1595 762 1691 (primum
790 1605 890 1672 hnbet
912 1606 992 1672 folin
1015 1603 1104 1673 179.
1124 1608 1264 1672 aiterum
1286 1606 1367 1673 folio
1388 1595 1500 1687 228.)

180 1704 359 1792 Scriptura
381 1714 433 1772 esi
453 1706 597 1773 rotundo
611 1706 868 1798 Longobordioe
882 1704 959 1777 Sec.
976 1707 1053 1776 XV.
1066 1709 1240 1777 vocabulo
1254 1709 1385 1780 Graeco
1399 1711 1500 1776 rubro

181 1813 296 1879 coiore
318 1813 457 1878 exorato
476 1815 564 1876 sunt.
606 1809 670 1878 Est
691 1816 800 1879 eutem
813 1811 868 1880 hic
891 1814 1030 1879 omnium
1044 1813 1158 1881 horum
1173 1809 1255 1882 cuo.
1274 1816 1376 1904 longe
1398 1831 1501 1900 pree-

180 1916 416 1982 sicutissimus
1504 1937 1508 1944 ·

267 2009 327 2098 11]
347 2016 430 2086 000.
444 2018 481 2085 0.
492 2018 533 2086 Ν.
548 2015 665 2086 8837.
684 2020 902 2089 membraneo.
920 2020 969 2088 4⁰.
986 2022 1044 2088 ioi.
1061 2019 1151 2090 300.
1196 2017 1338 2089 «codex
1359 2015 1501 2089 11.Αο-

180 2127 272 2190 tonii
290 2120 430 2190 Furore:
465 2124 630 2207 scripturn
653 2123 796 2192 rotundo
821 2126 1095 2218 Longobordico3
1131 2133 1290 2194 exoratus
1310 2145 1331 2192 0
1351 2120 1501 2211 Redoifo

181 2216 278 2309 (sio)
292 2222 448 2294 Iohanne
460 2227 503 2292 de
514 2221 652 2295 Misoito
667 2229 710 2295 de
725 2227 940 2298 Ferrororta
954 2220 1050 2313 (sic)
1072 2231 1115 2297 A.
1131 2227 1361 2298 MCCCCXV.
1403 2225 1503 2312 Quod

181 2329 226 2396 ori
248 2332 440 2397 contextum
463 2331 623 2417 pertinet,
644 2332 824 2400 simiiiimus
845 2337 897 2401 esi
918 2333 973 2402 hic
995 2333 1227 2404 antecedenti-s
1241 2337 1342 2421 atquc
1357 2331 1502 2400 eiusdem

181 2433 336 2501 familiae.

265 2528 344 2621 111]
366 2537 447 2605 Coti.
464 2538 505 2605 Β.
527 2538 569 2606 Ν.
586 2536 703 2606 8536.
722 2543 852 2610 membr.
866 2542 926 2609 foi.
950 2543 1102 2611 foliorum
1120 2541 1210 2611 208.
1231 2540 1309 2611 Sec.
1322 2541 1399 2610 XV.

265 2640 316 2709 IV
318 2632 339 2724 J
362 2638 685 2710 conmmanit.
708 2645 838 2715 membi.
860 2646 918 2713 101.
937 2645 1089 2716 foliorum
1110 2645 1199 2716 129.
1218 2649 1325 2714 literis
1350 2645 1503 2716 Gothicis

181 2745 328 2832 scriptus
347 2765 412 2833 per
432 2743 494 2812 iii.
507 2743 736 2815 suecorum
756 2751 798 2816 de
824 2748 931 2840 ,Vttno
953 2753 1085 2820 ordinis
1111 2750 1301 2821 Servorum
1322 2755 1419 2818 seiae
1439 2742 1503 2816 Μ’.

182 2868 276 2916 orooro
299 2850 361 2917 dni
388 2846 512 2917 1419.
535 2851 590 2916 dte
611 2849 715 2918 XXo
740 2849 875 2922 Octobr.

267 2953 312 3019 Hi
334 2952 399 3019 duo
422 2954 625 3040 posteriores
647 2957 806 3047 originem
827 2957 965 3025 trohunt
987 2977 1006 3024 e
1027 2958 1150 3028 Codice
1179 2979 1316 3047 prorsus
1337 2979 1357 3026 0
1379 2959 1503 3046 priori-

183 3056 245 3124 bus
268 3059 295 3125 I.
313 3057 358 3124 11.
374 3056 524 3146 diverso,
547 3063 581 3124 et
601 3060 635 3125 in
656 3061 825 3149 plerisque
845 3063 947 3128 rebus
969 3059 1100 3130 motoris
1119 3068 1289 3144 momenti,
1312 3065 1502 3150 quinctium

183 3161 217 3227 in
246 3160 413 3228 scribendi
441 3162 586 3248 ratione,
617 3165 705 3230 inter
732 3183 770 3232 se
800 3167 1010 3254 conspirant3
1044 3169 1092 3233 ite
1115 3173 1225 3236 tomen
1246 3171 1283 3233 ut
1304 3169 1339 3233 in
1360 3165 1440 3234 cod.
1462 3166 1503 3232 Β.

184 3266 395 3353 reperientur
414 3267 561 3358 vestigia
581 3270 788 3336 recensionis
810 3269 914 3335 variis
935 3287 954 3336 e
975 3272 1068 3338 libris
1089 3273 1301 3358 permixtae.»

267 3365 466 3456 Speciminis
488 3390 590 3440 cousc
610 3373 734 3441 amicus
751 3375 996 3441 accuratissime
1011 3376 1152 3442 contulit
1173 3376 1245 3443 Lib.
1262 3369 1297 3441 9.
1317 3375 1380 3460 bip.
1397 3373 1444 3459 i.;
1467 3374 1503 3438 in

185 3492 250 3562 quo
271 3476 382 3542 tomen
403 3474 491 3543 forte
513 3475 648 3544 i'ortuno
669 3478 779 3544 nuiioe
800 3497 822 3544 0
843 3476 945 3544 Bosio
968 3482 1162 3564 optimorum
1183 3499 1317 3547 suorum
1334 3476 1417 3548 cdd.
1431 3495 1503 3544 me-

184 3583 356 3646 morentur
376 3580 547 3674 lectiones
588 3580 807 3649 Nihilominus
829 3583 952 3670 omnio,
985 3601 1069 3668 puae
1095 3583 1295 3650 Houthuiius
1320 3581 1397 3650 inde
1419 3600 1505 3649 eno-

184 3685 287 3770 tavit,
308 3682 362 3753 hio
378 3683 559 3752 exhibebo:
583 3680 703 3752 Cicero
718 3683 838 3752 Attico
855 3683 932 3754 Sol.
947 3685 1031 3753 cdd.
1046 3686 1078 3753 A
1092 3687 1128 3754 0.
1151 3717 1192 3732 -
1213 3681 1332 3755 Marci
1347 3687 1395 3753 ad
1408 3689 1504 3752 0011-

185 3807 288 3876 mum
302 3779 396 3872 [sic]
411 3790 558 3879 epistota
580 3794 695 3856 omma
712 3788 750 3854 Β.
761 3789 794 3854 Α
809 3785 890 3856 Coti.
904 3788 944 3856 Β.
959 3791 1131 3877 inscriptio
1147 3792 1277 3857 omnino
1292 3791 1397 3858 obest.
1418 3781 1511 3874 §.ir

188 3881 306 3976 quum]
321 3923 363 3938 -
377 3913 454 3961 eum
468 3890 602 3961 Omnes.
615 3923 657 3938 -
671 3883 863 3974 Brundisii]
878 3923 919 3935 -
936 3890 1130 3961 Bnorrduoti
1145 3890 1247 3961 ACB.
1263 3924 1301 3938 -
1323 3892 1505 3958 Brorrduei

187 3993 227 4060 D.
246 4026 288 4041 -
310 4001 347 4063 ut
361 4001 478 4065 scirem
493 4000 557 4066 ium
572 3987 672 4085 quid]
694 3997 795 4065 nen.
815 4023 856 4036 -
877 4001 919 4064 ot
935 4001 1059 4064 scirem
1075 3997 1157 4088 qnid
1173 4002 1246 4064 iam
1259 3997 1304 4064 A.
1320 3989 1392 4079 (sio
1407 3997 1504 4062 etiem

186 4091 340 4182 Ballioi.)
361 4131 402 4144 -
431 4102 604 4189 proiectus
627 4105 699 4168 eret
720 4098 866 4171 cnaeus:
898 4090 1004 4183 hoec]
1026 4139 1067 4152 —·
1099 4096 1162 4168 00.
1183 4101 1219 4168 0.
1242 4096 1375 4170 cimus
1399 4099 1440 4165 i).
1464 4135 1505 4149 -

188 4222 249 4269 om.
272 4223 330 4271 vv.
357 4210 437 4274 erut
462 4202 602 4274 000000
623 4207 662 4272 Β.
685 4235 724 4250 -
751 4195 855 4287 nihii]
877 4235 919 4250 -
940 4202 1049 4272 nichil
1070 4203 1112 4271 Β.
1134 4235 1173 4251 ·-
1202 4205 1342 4271 rumoris
1364 4202 1504 4290 quidem.

186 4305 269 4374 Nom
285 4299 380 4392 erui]
396 4307 500 4380 Acii.
525 4341 562 4354 -
585 4315 733 4378 memoris
747 4311 884 4392 quidem
898 4312 977 4375 erat
990 4307 1030 4374 Β.
1045 4338 1086 4350 -
1107 4297 1418 4393 0006000000]Αο
1432 4325 1508 4373 cum

186 4410 250 4480 hec
264 4413 381 4504 giosso
395 4433 415 4480 0
430 4434 480 4501 pr.
494 4433 606 4482 manu:
630 4431 758 4498 «00000
772 4432 877 4480 escrae
890 4411 1023 4501 picoto.»
1048 4441 1088 4456 -
1110 4408 1346 4476 IOENOCHOC
1358 4408 1420 4473 ΔΑ
1433 4408 1508 4476 ΒΒ.

188 4543 227 4561 -
249 4508 420 4602 sciantur]
444 4549 484 4562 -
503 4523 636 4587 sotatur
657 4518 701 4586 A.
723 4548 765 4562 -
786 4509 823 4599 §.
838 4513 872 4582 2.
893 4515 937 4582 od
958 4514 1166 4602 Pompeium,
1189 4519 1238 4599 ei,
1259 4519 1287 4583 si
1302 4519 1396 4602 sunt,
1418 4501 1505 4601 que]

189 4641 228 4660 ··
250 4623 299 4689 od
311 4619 516 4711 Pompeium
534 4627 617 4691 ecrit
635 4641 702 4714 quo
718 4620 760 4687 Β.
777 4649 819 4666 -
841 4609 1040 4707 quandove]
1061 4650 1102 4664 -
1124 4621 1325 4711 waisdopue
1345 4618 1389 4685 A.
1411 4617 1508 4684 sedo

191 4739 354 4806 0001000
376 4731 571 4796 correctum.
592 4756 633 4769 -
655 4727 731 4791 ituri
753 4713 844 4806 sint]
866 4722 910 4789 A.
930 4755 970 4766 -
999 4728 1085 4792 nort
1103 4728 1186 4790 escort
1207 4722 1307 4791 ΒοΒ.
1328 4752 1370 4767 -
1395 4720 1507 4788 reior-

190 4815 280 4906 tum]
293 4856 335 4871 -
356 4829 542 4916 referebam
556 4827 594 4900 0.
614 4861 655 4873 -
678 4818 902 4917 optimatium]
917 4858 959 4872 -
980 4831 1186 4916 optimatum
1199 4826 1272 4894 AC.
1293 4855 1332 4870 -
1355 4829 1507 4913 optimc-

192 4931 265 4995 tum
286 4927 327 4994 Β.
346 4933 406 4999 sed
427 4940 611 5005 correctum
633 4953 654 5002 0
675 4955 725 5022 pr.
737 4951 849 5000 manu:
871 4936 1102 5021 optumatium
1116 4920 1211 5013 (sio)
1233 4960 1275 4976 -
1296 4917 1452 5010 Sosium]
1465 4957 1507 4972 -

194 5029 335 5104 norum
355 5031 427 5100 Bb.
441 5069 484 5086 ·-
506 5028 716 5121 010000]-
742 5033 824 5108 GN.
838 5034 878 5104 Β.
898 5062 939 5084 -·
964 5029 1039 5104 GN.
1051 5032 1160 5103 Acii.
1177 5064 1220 5080 -
1240 5053 1279 5104 se
1300 5037 1353 5103 ius
1373 5019 1507 5115 dicere]

249 5145 320 5190 Um
332 5143 356 5188 Ν.
369 5143 405 5193 m.
1135 5141 1174 5176 sir
1186 5144 1199 5176 x
1212 5143 1225 5176 rr
