3662 5908
299 341 362 406 070
731 338 1008 404 EPISTULARUM
1029 339 1082 404 AD
1104 339 1194 402 EAM.

300 497 424 585 negotia
445 493 595 578 esse,(ut
615 505 647 562 et
668 495 817 580 voslistic
837 495 1234 582 commodissimeIsperem
1256 515 1326 560 esse
1347 503 1380 562 et
1392 491 1626 585 mebnliquando

299 615 371 660 cum
393 590 547 658 similibus
567 591 758 686 nostri(rem
785 591 942 679 pubiicum
964 590 1170 698 defensuros.)
1216 593 1247 656 3.
1280 596 1327 656 Tu
1347 597 1484 678 primum
1505 593 1627 658 valetu-

300 688 405 754 dinem
427 697 512 752 tuam
534 685 628 751 velim
650 707 759 766 cures;
781 686 913 761 deinde,
936 686 994 751 tibi
1015 675 1242 758 si'ridebrtur,
1268 684 1349 751 villis
1369 685 1408 751 iis
1422 695 1521 760 utere,
1544 705 1627 772 quae

300 780 481 867 longissime
507 777 641 846 aberunt
672 803 691 846 a
717 781 879 848 militibus.
933 780 1042 847 Fundo
1075 780 1214 866 Arpinati
1243 776 1324 845 bene
1345 780 1465 867 poteris
1486 781 1531 847 uti
1553 801 1627 846 cum

174 913 178 922 ·
277 875 416 941 elamilia
438 874 573 950 urbana,
609 873 637 940 si
665 895 788 940 annom
813 879 919 941 carior
941 874 1047 942 luerit.
1070 875 1180 941 Cicero
1201 870 1391 940 bellissimus
1417 873 1473 940 tibi
1494 875 1627 940 salutem

139 3738 202 3799 (tes

302 970 466 1057 plurimam
487 967 572 1034 dicit.
614 968 715 1035 Etiam
736 979 830 1056 atque
852 975 946 1036 etlam
969 969 1048 1036 vale.
1091 974 1214 1034 D.v11.
1238 966 1371 1033 1d.lun.

745 1113 826 1178 VIII.
869 1111 920 1192 (A.
945 1113 978 1175 U.
1001 1113 1033 1175 C.
1055 1106 1141 1194 701.)

679 1235 840 1298 TULLIUS
862 1235 1081 1298 TERENTIAE
1102 1231 1202 1297 SUAE
1223 1233 1255 1296 S.

388 1349 420 1412 S.
453 1352 490 1413 V.
518 1350 553 1410 R.
579 1347 615 1410 Ε.
643 1348 679 1410 E.
709 1349 746 1412 V.
789 1344 1006 1413 Valetudinem
1035 1353 1120 1409 tuam
1148 1344 1242 1410 velim
1264 1363 1355 1410 cures
1377 1341 1625 1427 diligentissime.

267 1465 291 1502 n
300 1443 376 1506 Nam
407 1439 484 1505 mibi
516 1447 548 1504 et
577 1439 728 1526 scriptum
760 1447 792 1505 et
822 1437 998 1504 nuntiatum
1019 1447 1067 1503 est
1097 1447 1127 1503 te
1153 1437 1186 1503 in
1207 1434 1322 1502 febrim
1344 1434 1448 1501 subito
1468 1435 1626 1502 incidisse.

301 1533 396 1612 Quod
416 1533 561 1600 celeriter
581 1554 631 1597 me
653 1531 754 1598 iecisti
775 1532 814 1598 de
836 1531 977 1599 Caesaris
998 1531 1109 1596 litteris
1131 1531 1318 1606 certiorem,
1340 1529 1441 1595 iecisti
1461 1530 1538 1596 mibi
1555 1550 1629 1614 gra·

299 1636 375 1694 tum.
418 1631 495 1692 Item
516 1626 662 1714 posthac,
696 1625 821 1713 siquid
843 1647 922 1712 opus
944 1625 1022 1702 erit,
1057 1623 1184 1711 siquid
1211 1623 1358 1690 acciderit
1386 1624 1479 1700 novi,
1512 1624 1627 1699 facies,

300 1731 335 1787 ut
356 1721 462 1788 sciam.
506 1725 602 1798 Cura,
624 1730 660 1788 ut
680 1721 794 1787 valeas.
837 1720 924 1786 Vale.
967 1722 1310 1786 D.1111.N0naslun.

777 1859 1146 1946 munem)

267 2007 292 2050 sa
646 1986 807 2049 TULLIUS
830 1987 1049 2049 TERENTIAE
1071 1986 1169 2049 SUAE
1191 1985 1223 2049 S.
1244 1985 1277 2048 P.

384 2096 431 2163 Ad
453 2104 574 2161 ceteras
588 2117 675 2161 meas
690 2094 833 2160 miserias
854 2095 985 2160 accessit
1001 2093 1124 2176 †dolor
1145 2103 1177 2159 et
1197 2092 1376 2160 Dolabellae
1398 2092 1577 2159 valetudiue
1596 2101 1628 2158 et

303 2190 343 2257 de
357 2190 488 2257 Tulliae.
532 2189 668 2254 Omnino
682 2187 722 2254 de
739 2186 884 2253 omnibus
898 2187 993 2254 rebus
1016 2209 1074 2254 nec
1094 2188 1169 2275 quid
1190 2187 1312 2254 consilii
1333 2187 1451 2275 capiam
1472 2208 1531 2252 nec
1551 2185 1628 2274 quid

305 2285 416 2350 laciam
438 2283 515 2349 scio.
558 2288 606 2348 Tu
626 2282 722 2348 velim
742 2290 826 2348 tunm
848 2292 880 2347 et
899 2283 1018 2348 Tulliae
1039 2282 1248 2348 valetudinem
1270 2302 1373 2349 cures.
1415 2281 1501 2348 Vale.

792 2421 1150 2508 nouem)

267 2588 294 2626 „
646 2546 1291 2612 mfflffiommmfflffl

390 2655 474 2736 Quid
507 2655 575 2722 lieri
605 2655 756 2742 placeret,
778 2655 890 2741 scripsi
910 2655 950 2722 ad
971 2657 1179 2743 Pomponium
1200 2656 1322 2732 serius,
1359 2677 1452 2744 mam
1474 2657 1627 2742 oportuit.

305 2754 383 2820 Cum
406 2771 445 2816 eo
468 2750 494 2816 si
516 2750 619 2815 locuta
643 2754 715 2824 eris,
737 2749 900 2835 inteUiges,
922 2748 998 2836 quid
1019 2749 1087 2814 lieri
1110 2749 1214 2814 velim.
1254 2749 1400 2834 Apertius
1421 2749 1533 2826 scribi,
1550 2773 1630 2837 quo-

304 2845 387 2910 niam
415 2843 455 2909 ad
487 2843 575 2910 illum
600 2842 802 2930 scripseram,
839 2864 966 2910 necesse
991 2864 1055 2909 non
1083 2842 1152 2908 suit.
1207 2848 1255 2909 De
1282 2865 1319 2909 ea
1343 2865 1379 2908 re
1401 2853 1433 2908 et
1454 2844 1493 2909 de
1515 2844 1629 2909 ceteris

303 2937 401 3004 rebus
422 2958 516 3024 quam
537 2936 675 3023 primurn
695 2938 791 3003 velim
813 2937 904 3003 uobis
926 2938 1044 3006 litteras
1061 2938 1175 3004 mittas.
1218 2939 1435 3006 Valetudinem
1449 2948 1534 3005 tuam
1554 2959 1629 3004 cura

266 3053 295 3096 aa
305 3031 482 3117 diligenter.
525 3031 612 3098 Vale.
654 3051 714 3097 vn.
736 3031 810 3099 Idus
832 3032 979 3110 Quinctil.

775 3173 1150 3256 mosomo

644 3298 806 3362 TULLIUS
829 3299 861 3361 S.
882 3299 920 3360 1).
942 3298 1162 3360 TERENTIAE
1184 3298 1292 3361 SUAE.

391 3411 423 3473 S.
445 3411 482 3472 V.
504 3412 538 3472 B.
559 3410 596 3472 E.
617 3412 655 3473 V.
698 3406 799 3473 Tullia
819 3414 926 3473 nostra
945 3406 1032 3472 venit
1052 3406 1092 3473 ad
1113 3427 1164 3472 me
1186 3406 1287 3493 pridie
1308 3406 1382 3473 Idus
1396 3407 1517 3486 Iuniam
1540 3410 1630 3476 cuius

307 3519 428 3564 summa
450 3500 566 3566 virtute
594 3508 626 3564 et
654 3499 806 3585 singulari
835 3500 1027 3566 humanitate
1049 3501 1196 3586 graviore
1217 3501 1309 3566 etiam
1332 3523 1400 3567 sum
1424 3504 1534 3570 dolore
1555 3505 1631 3570 alle·

271 3603 374 3662 sectus
396 3605 502 3660 nostra
523 3593 640 3660 lactum
661 3615 731 3660 esse
752 3594 956 3680 negligentia,
978 3603 1013 3661 ut
1033 3595 1127 3681 longe
1148 3595 1208 3687 alia
1230 3596 1262 3660 in
1277 3594 1402 3661 lortuna
1417 3597 1630 3685 esset,(atque

306 3685 374 3751 eius
403 3687 501 3772 pietas
529 3709 565 3753 ac
593 3687 726 3773 dignitas
753 3687 945 3779 postulabat)
994 3688 1090 3755 Nobis
1112 3698 1179 3754 erat
1206 3687 1238 3754 in
1260 3689 1365 3755 animo
1388 3691 1569 3757 Ciceronem
1591 3690 1631 3757 ad

307 3782 471 3845 Caesarem
492 3782 616 3846 mittere
638 3789 669 3846 et
690 3803 761 3847 cum
783 3803 822 3847 eo
838 3786 893 3848 Cn.
908 3782 1085 3848 Salustium.
1129 3783 1162 3848 si
1184 3782 1346 3869 profectus
1366 3784 1444 3858 erit,
1468 3785 1578 3851 laciam
1599 3795 1631 3850 te

306 3872 484 3940 certiorem.
538 3874 754 3944 Valetudinem
787 3884 872 3941 tuam
908 3897 984 3942 cura
1011 3875 1187 3962 diligenter.
1237 3876 1324 3942 Vale.
1366 3889 1454 3945 svn:
1478 3879 1632 3945 Kalendas

308 3965 457 4044 Quinctil.

271 4148 298 4192 ..ο
778 4104 850 4166 XII.
894 4099 943 4185 (A.
969 4105 1001 4167 U.
1024 4104 1056 4166 C.
1078 4103 1163 4179 707.)

651 4227 813 4289 TULLIUS
836 4227 1054 4288 TERENTIAE
1077 4227 1175 4289 SUAE
1198 4228 1228 4290 S.
1251 4229 1287 4290 D.

393 4333 487 4413 Quod
509 4355 566 4400 nos
588 4333 620 4400 in
642 4335 761 4401 ltaliam
782 4335 884 4402 salvos
905 4336 1029 4401 venisse
1050 4335 1182 4422 gaudes,
1205 4347 1359 4424 perpetuo
1377 4337 1513 4424 gaudeas
1528 4337 1632 4403 velim.

313 4426 376 4493 Sed
407 4427 581 4515 perturbati
614 4429 725 4495 dolore
760 4429 856 4495 animi
884 4429 1067 4517 magnisque
1094 4431 1217 4496 iniuriis
1238 4440 1359 4505 metuo,
1389 4452 1428 4496 ne
1456 4431 1489 4496 id
1510 4431 1631 4497 consilii

378 4638 405 4687 2.
425 4639 575 4702 defensuros
592 4637 637 4687 AI:
662 4639 824 4703 deseramur
841 4640 872 4690 E.
896 4665 931 4674 —
969 4636 1019 4702 Tu]
1037 4647 1066 4690 ut
1084 4638 1122 4691 bl.
1147 4665 1179 4678 -·
1214 4639 1629 4702 &murmuraremus

310 4719 356 4757 m.
377 4708 439 4756 Idas
457 4707 510 4757 llll.
547 4706 599 4770 (Ue
618 4707 643 4758 bl
664 4721 718 4758 non
737 4710 801 4759 satls
819 4705 946 4772 constat.)
983 4710 1027 4760 10.
1058 4711 1134 4761 dolor
1160 4717 1185 4761 at
1214 4711 1358 4762 dolobellae
1386 4709 1534 4760 votmudlna
1558 4717 1583 4760 at
1601 4709 1633 4758 de

310 4777 401 4828 tullios
418 4776 462 4828 Ida
482 4777 560 4827 dolor
577 4791 590 4827 a
610 4777 760 4829 Dolabellas
777 4780 924 4830 valetudines
942 4786 967 4830 at
987 4780 1088 4831 Tulliae
1105 4781 1145 4840 R,
1164 4781 1240 4831 dolor
1256 4789 1280 4832 et
1293 4796 1306 4832 a
1318 4781 1469 4832 Dolabellas
1485 4780 1633 4830 valetudine

309 4853 334 4897 et
352 4860 365 4896 e
386 4846 485 4896 Tullios
504 4845 645 4898 Graevius.
682 4849 753 4898 Fert.
773 4849 849 4898 dolor
867 4857 892 4899 et
910 4851 941 4900 ds
965 4850 1114 4902 Dolabellae
1138 4851 1286 4903 onocoetae
1312 4860 1337 4903 at
1354 4853 1385 4902 ds
1405 4851 1514 4902 Tulliae.
1552 4850 1632 4900 usn.

311 4915 405 4966 Rallm
423 4924 448 4966 et
465 4917 496 4968 de
516 4917 620 4973 Tullia.
647 4919 665 4968 l.
685 4932 711 4968 e.
731 4919 828 4970 rutsera
847 4921 906 4970 elus
925 4919 1042 4970 fortuna.
1061 4920 1116 4970 Clr.
1137 4921 1186 4985 Rp.
1206 4922 1250 4971 11.
1268 4922 1319 4975 Oa.
1339 4947 1371 4958 -
1407 4923 1452 4972 01.
1469 4921 1634 4984 pompinium

310 4985 348 5038 u.
371 5009 400 5020 -
437 4985 482 5036 22.
501 4989 692 5052 pacatamlllt
718 4991 823 5054 quomo
841 4989 872 5040 E.
891 5013 923 5024 -
959 4990 1003 5040 28.
1023 4991 1094 5041 Iunii
1112 4992 1142 5042 E.
