3666 5874
273 303 368 352 mu

275 451 374 518 etiam
406 445 657 538 typothetarum
690 449 803 535 primis
835 449 993 535 periculis
1025 450 1184 516 continuo
1213 451 1293 516 ante
1322 451 1438 518 oculos
1467 448 1601 518 babeat.

275 555 358 622 'l'ale
379 556 407 621 sl
431 555 602 641 exemplar
624 554 835 632 haberemus,
868 553 1001 622 facilius
1027 556 1141 640 utique
1163 558 1282 641 postea
1302 573 1359 622 res
1379 555 1602 622 administrari

275 661 392 746 posset
414 660 458 726 ab
480 661 645 750 omnibus,
678 660 733 745 qni
759 660 793 725 in
819 657 907 744 Epp.
928 658 1041 725 verbis
1061 659 1187 726 rectius
1209 657 1452 726 constituendis
1472 660 1602 726 vellent

275 763 460 830 elaborare.
503 763 599 832 Nunc
621 766 731 830 autem
753 766 790 828 ut
812 780 868 830 res
888 780 926 829 se
947 760 1065 850 habet,
1088 761 1204 830 eodem
1225 763 1299 830 iere
1320 762 1417 829 modo
1439 763 1473 829 ld
1492 783 1604 853 nego-

270 869 356 934 'tlum
377 866 586 936 tractandum
610 869 690 954 erit,
713 885 777 953 quo
800 885 882 932 usus
903 870 957 932 est
971 863 1192 933 Rubnkenlus
1206 867 1241 933 in
1258 867 1389 934 Velleio
1412 867 1603 954 Paterculo,

276 989 341 1054 qua
363 971 405 1046 de
426 990 464 1039 re
485 974 520 1037 ln
541 972 805 1039 celebratissima
825 971 882 1035 illa
904 971 1115 1056 praelatione
1136 972 1323 1038 luculenter
1345 972 1517 1039 disseruit:
1550 972 1604 1040 bic

275 1073 435 1146 videlicet
456 1077 575 1142 missos
596 1075 756 1143 iaciemus
774 1092 906 1141 errores
922 1068 1005 1141 cdd.
1020 1075 1237 1164 reliquorum,
1260 1095 1395 1162 quorum
1410 1077 1501 1142 nulla
1521 1095 1605 1162 pro-

275 1182 349 1264 pria
370 1181 643 1268 est-auctoritas,
665 1181 808 1266 itemque
824 1176 911 1244 Edd.
928 1179 1152 1265 antiquarum3
1175 1178 1236 1246 sed
1255 1178 1343 1267 quod
1364 1181 1441 1247 boni
1463 1182 1552 1246 inest
1570 1182 1604 1247 ln

276 1284 476 1372 quibuslibet
498 1283 595 1351 buius
616 1285 753 1373 generis
781 1281 956 1366 subsidiis,
986 1279 1022 1348 ld
1048 1286 1262 1350 coniecturae
1290 1284 1366 1352 loco
1394 1283 1605 1374 habebimus,

276 1407 382 1475 coque
403 1389 564 1472 libenter,
597 1391 626 1456 sl
647 1388 751 1455 rectis
771 1388 978 1476 argumentis
1000 1385 1120 1453 firmari
1142 1389 1270 1473 potest,
1300 1386 1344 1454 ad
1366 1387 1605 1456 emendandam

274 1490 348 1559 Md.
368 1494 566 1579 scripturam
588 1495 731 1558 utemur:
764 1491 859 1557 simili
889 1490 985 1556 modo
1014 1489 1059 1556 ad
1089 1495 1204 1578 partes
1231 1493 1426 1560 vocabimus
1447 1490 1604 1580 quidquid

275 1596 493 1683 probabiliter
515 1597 753 1685 excogitarunt
774 1589 960 1681 Victorius,
992 1593 1168 1662 Manutius
1196 1597 1365 1684 ceterique
1393 1598 1605 1684 interpretes.

276 1700 378 1767 Immo
401 1720 440 1768 eo
463 1701 633 1769 faciliores
655 1702 754 1767 ettam
774 1717 874 1766 aures
896 1700 1128 1785 praebebimus
1149 1702 1411 1790 coniectoribus,
1441 1700 1546 1789 qnod,
1567 1704 1606 1765 ut

276 1805 310 1870 ln
332 1805 478 1890 Velleio,
512 1823 686 1873 venamur
711 1805 894 1890 inscripto
916 1805 959 1870 ab
981 1823 1047 1870 uno
1071 1802 1244 1872 dumtaxat
1266 1799 1500 1891 adservato,
1532 1823 1606 1872 cum

275 1911 310 1974 in
332 1910 407 1976 aliie
428 1910 602 1976 multorum
623 1906 709 1977 cdd.
727 1905 894 1975 diversam
925 1910 1087 1995 originem
1115 1914 1234 1994 aperte
1265 1926 1346 1996 prae
1368 1927 1406 1976 se
1428 1908 1604 1976 terentium

188 2019 196 2030 '
276 2031 461 2081 consensus
487 2032 509 2081 a
537 2011 695 2080 novando
725 2011 896 2078 deterrere
930 2014 1040 2079 soleat
1073 2011 1323 2098 prudentiores:
1355 2031 1464 2100 neque
1495 2018 1606 2080 tamen

276 2121 457 2205 propterea
478 2118 646 2186 licentiam
668 2133 810 2201 unquam
832 2115 1078 2183 commendabo.
1121 2114 1335 2185 sermome
1356 2123 1396 2184 tn
1416 2117 1534 2209 rebus,
1568 2121 1606 2184 ut

275 2223 323 2288 alt
344 2222 417 2307 ille,
438 2225 522 2288 suaet
543 2223 631 2288 certi
650 2220 796 2308 donetque
815 2216 924 2306 finees:
958 2238 1059 2307 quos,
1084 2221 1238 2307 quonlam
1259 2240 1280 2286 a
1300 2225 1422 2288 natura
1444 2221 1604 2307 descripti

160 2371 171 2390 .
276 2343 344 2394 non
365 2328 463 2410 sunt,
494 2325 608 2392 subtili
636 2321 758 2390 iudicio
781 2324 856 2408 lpse
878 2324 1015 2390 criticus
1038 2322 1172 2392 debebit
1194 2324 1382 2392 terminare.
1424 2324 1495 2392 Iam
1516 2324 1604 2394 hanc

275 2430 374 2496 unice
405 2447 520 2496 veram
548 2429 635 2496 vlam
667 2428 808 2492 omnium
837 2425 999 2494 editorum
1027 2447 1114 2495 unus
1141 2429 1315 2519 ingressus
1342 2433 1396 2496 est
1417 2427 1605 2514 Victorius,

276 2535 372 2602 culus
394 2535 576 2621 propterea
597 2533 738 2598 maxima
761 2528 870 2598 adhuc
893 2538 971 2597 sunt
994 2533 1110 2598 merita
1131 2534 1165 2598 ln
1190 2532 1277 2601 hanc
1298 2533 1386 2621 blpp.
1406 2529 1606 2615 συναγωγήν.

276 2633 874 2724 Antiqulssimaescillceteditiones,
897 2654 1031 2722 quarum
1045 2634 1129 2702 duas
1138 2631 1289 2704 studiose
1300 2639 1444 2726 contuli,
1466 2639 1605 2705 alteram

275 2741 531 2827 Neapolitanam
552 2735 917 2819 M.CCCC.LXX1V.‚
938 2740 1077 2806 alteram
1092 2741 1314 2832 incognitam,
1336 2742 1513 2830 aliquoties
1528 2743 1605 2830 qui-

277 2845 351 2914 dem
384 2848 504 2914 contra
539 2845 746 2933 posteriores
779 2840 853 2910 Md.
883 2843 1060 2912 lectionem
1092 2849 1231 2912 servant
1271 2843 1512 2933 incorruptam:
1553 2849 1606 2912 tot

276 2953 387 3018 autem
409 2953 501 3018 vitiis
521 2953 623 3038 atque
645 2947 814 3017 erroribus
837 2948 966 3015 obsitae
992 2953 1089 3036 sunt,
1121 2953 1174 3015 tot
1201 2950 1265 3016 lam
1290 2949 1605 3036 interpolationibus

276 3053 493 3144 deturpatae,
515 3057 553 3120 ut
575 3051 713 3121 eandem
736 3071 876 3140 prorsus
896 3055 1076 3120 contextus
1097 3051 1324 3120 condicionem
1346 3057 1448 3140 atque
1466 3054 1605 3122 formam

277 3178 360 3247 pree
386 3178 425 3226 se
452 3159 582 3245 ierant,
615 3158 723 3245 qualis
750 3157 859 3223 estin
881 3159 1000 3244 quovis
1022 3153 1320 3248 cddvulgarium.
1361 3153 1505 3225 Sublata
1526 3161 1605 3225 sunt

276 3267 361 3332 vitia
387 3264 484 3333 nimis
511 3264 631 3350 aperta
657 3262 691 3326 in
719 3258 784 3326 bld.
805 3258 932 3327 Aldina
954 3250 1130 3342 lolam)
1158 3265 1194 3328 et
1213 3263 1248 3328 ln
1270 3260 1511 3348 Cratandrina3
1544 3260 1606 3328 sed

346 3513 369 3582 *l
387 3512 692 3574 Prioremenu11502.,
713 3523 783 3578 quae
801 3511 877 3577 longe
895 3513 1027 3566 rarissime
1045 3517 1099 3576 eet,
1118 3525 1172 3566 oon
1191 3514 1257 3568 ridi.
1294 3515 1330 3566 Αι
1348 3515 1398 3568 bac
1417 3517 1502 3568 rarior
1523 3517 1603 3568 etlam

277 3595 391 3650 Aldinae
419 3596 559 3659 repetitio,
598 3592 681 3646 editio
704 3593 811 3645 luntlna
836 3594 900 3644 ιιιιιι
927 3589 1022 3656 1510..
1053 3596 1131 3646 culus
1163 3595 1351 3648 nitidissimum
1377 3597 1511 3660 exemplar
1533 3595 1603 3648 lellcl

278 3678 395 3744 quodem
413 3689 477 3730 oeeu
493 3686 566 3728 nono
582 3680 678 3727 uectae
693 3685 771 3735 eum,
792 3685 852 3726 cum
871 3675 898 3723 ιιι
914 3671 1009 3724 lodice
1028 3673 1188 3727 Edltlouum
1213 3689 1239 3730 ι.
1259 3675 1338 3730 1836.
1358 3689 1386 3742 p.
1405 3677 1467 3728 284.
1487 3677 1605 3730 dubites·

277 3770 354 3820 eam,
372 3764 461 3811 utrum
480 3762 595 3811 exalaret
613 3767 707 3810 necne·
744 3754 829 3808 Nemo
847 3755 918 3806 euim
937 3758 1044 3818 praeter
1059 3754 1193 3811 blelttelre
1211 3757 1244 3810 Τ.
1263 3757 1296 3810 V.
1315 3757 1346 3808 P.
1366 3757 1390 3808 1.
1410 3770 1438 3823 p.
1457 3757 1521 3811 abb.
1541 3770 1600 3811 eam

279 3839 398 3902 videret,
426 3850 461 3893 ne
478 3836 623 3890 Beudtulue
642 3834 773 3901 quidem,
803 3836 849 3901 qul
875 3839 1015 3898 propterea
1033 3835 1060 3886 ιιι
1079 3835 1179 3889 lucter.
1199 3836 1313 3903 Tppoqr.
1331 3837 1428 3891 Annei.
1447 3839 1484 3891 ll.
1504 3852 1532 3902 p.
1556 3839 1600 3890 aa.

279 3918 394 3972 iudicem
413 3919 564 3974 dumtaxat,
585 3930 656 3980 nou,
684 3921 715 3968 ut
732 3919 760 3968 ιιι
779 3916 810 3967 ιιι
828 3913 1008 3976 editionibus,
1028 3926 1097 3977 quae
1113 3919 1138 3969 el
1157 3925 1262 3980 precato
1280 3926 1373 3982 erent,
1401 3932 1507 3984 eemper
1524 3919 1598 3982 iecit,

279 4003 407 4066 integram
432 3995 623 4064 praelationem
650 4009 711 4050 oum
740 3995 882 4050 lectoribus
912 3998 1106 4051 communicare
1133 4002 1239 4062 potuit:
1272 4006 1436 4065 quapropter
1471 4011 1530 4054 eam
1560 3999 1605 4052 bic

281 4081 459 4138 exhibemus:
1262 4081 1267 4094 “

385 4170 424 4226 ll.
446 4170 479 4222 Τ.
500 4168 530 4224 G.
551 4163 803 4222 seleucenum
819 4162 1056 4221 ilulllamvll
1077 4160 1090 4218 ΙΙ
1110 4165 1297 4226 lucillius
1315 4168 1497 4225 slvulosls
1589 4173 1602 4231 :l

718 4240 926 4301 emollusvlir
946 4243 1163 4302 ullaulolita

280 4339 429 4398 Florentiae
448 4303 574 4398 excusum
593 4354 673 4406 opem
691 4344 719 4393 et
736 4341 862 4402 impensio
882 4335 997 4399 l’blllppl
1019 4333 1151 4392 (lluulltee
1171 4339 1323 4404 florentini,
1353 4340 1430 4394 Auno
1450 4336 1466 4392 i
1484 4339 1602 4408 Vlrplole

279 4423 378 4477 Nuntio
398 4417 410 4474 ΙΙ
431 4423 652 4489 Quingeuteelmo
672 4420 776 4472 decimo
792 4432 872 4483 eupre
893 4411 906 4468 l
925 4418 1017 4480 Mille,
1036 4419 1129 4474 blame
1147 4414 1328 4486 sepileemon.
1355 4421 1382 4476 Β.
1405 4448 1434 4462 -
1448 4422 1521 4477 Folle
1540 4429 1603 4480 euni

280 4501 422 4558 deunx,
441 4517 497 4559 nore
514 4508 671 4566 numerate,
690 4505 721 4554 ut
738 4502 766 4553 ιιι
784 4499 881 4553 Aldina
898 4503 960 4552 ιιιιι
978 4500 1057 4552 lecu.

808 4599 1072 4662 e,e

348 4702 429 4758 Leuc.
448 4703 592 4760 liomuleue
608 4700 650 4756 lo.
671 4699 807 4764 lieptlatee
824 4698 905 4754 Naelo
925 4699 1076 4754 bloeceostl
1095 4696 1154 4768 (elo)
1171 4715 1219 4756 suo
1237 4701 1365 4758 solutam.
1446 4699 1455 4723 “”

351 4782 406 4850 Ego
433 4786 461 4836 ιιι
487 4785 536 4838 bec
562 4789 610 4836 tue
636 4782 847 4846 peregrinatione
872 4781 955 4834 multe
980 4781 1028 4833 ilbi
1056 4793 1116 4834 cum
1145 4789 1235 4848 pram,
1266 4790 1322 4837 tum
1351 4784 1467 4838 iucunde
1501 4783 1603 4846 luteae,

280 4859 393 4926 loroque
423 4865 537 4918 arbitror
562 4866 674 4918 suariae.
701 4861 774 4915 Neel.
810 4861 877 4914 Nem
900 4867 1006 4926 preater
1029 4875 1078 4926 ee,
1110 4863 1207 4928 qulbus
1226 4863 1367 4929 plurimum
1387 4863 1506 4918 homines
1525 4864 1597 4916 oble·

279 4949 405 5005 cuntur,
430 4951 498 5002 nora
516 4943 617 5000 eeillcet
635 4945 664 4997 ιιι
682 4941 740 4996 dlee
758 4941 866 5007 ridere,
895 4946 980 5000 ιιιιιι
998 4942 1071 4998 ιιιιι
1090 4947 1228 5011 regiones,
1257 4947 1334 5012 locs,
1362 4945 1496 5011 urbesque
1512 4947 1597 5004 rbere
