3666 5874
1516 409 1596 460 ΗΠ

269 559 426 628 mirabilis
447 575 520 628 cum
542 559 631 626 inter
651 575 691 625 se
712 560 786 626 erat
807 557 1003 644 consensio,
1025 559 1093 624 ium
1115 575 1188 624 cum
1203 555 1343 650 Georgii
1357 557 1477 627 Vatiae
1492 573 1597 645 prae-

268 665 475 731 stantissima
495 662 654 730 Editione
675 663 808 729 Veneta
836 657 948 728 1492.
971 661 1030 728 iol.
1052 665 1170 729 contra
1191 661 1486 754 Vltcbergcnsem,
1515 663 1596 729 dill-

268 771 391 858 genter
410 786 499 836 nunc
520 785 541 834 a
562 768 684 833 Belero
707 767 880 854 collatum,
903 769 1022 833 contra
1042 763 1128 832 duos
1150 763 1284 834 (lxonn.
1326 765 1368 835 U.
1389 770 1429 846 ψ.
1452 770 1487 835 ct
1508 766 1595 834 lidii.

269 872 428 962 vulgatas
449 855 535 939 tnde'
548 871 591 938 ab
613 868 740 937 Aldina
763 867 882 938 1514.
903 874 937 936 et
959 869 1171 938 ascensiana
1192 873 1318 961 altera3
1352 891 1438 960 quae
1465 872 1596 960 quidem

268 994 325 1042 res
352 975 529 1043 manifesto
559 978 632 1042 erat
656 977 852 1064 argumento
875 972 958 1042 cdo.
975 993 1106 1062 quoque
1127 977 1266 1043 Italicos
1287 977 1418 1063 aliquos
1439 977 1474 1043 ln
1495 978 1597 1045 rebus

269 1081 482 1170 gravioribus
499 1081 695 1165 conspirare
713 1097 785 1146 cum
800 1077 988 1146 Helvetlcls
1002 1079 1109 1147 tribus
1123 1082 1224 1167 atque
1238 1079 1449 1166 Elriurtensi,
1474 1071 1596 1168 quippe

269 1203 343 1252 cum
365 1188 400 1251 et
422 1182 634 1253 oxonienses
656 1187 771 1251 essent
792 1183 933 1250 Italicae
955 1184 1111 1274 originis,
1142 1203 1210 1250 non
1231 1184 1464 1271 Britannicae,
1498 1189 1532 1251 ct
1554 1203 1598 1252 ex

269 1290 399 1358 Italicis
419 1307 502 1357 sane
523 1306 615 1355 susm
636 1288 813 1355 lectionem
835 1287 987 1354 duxisset
1010 1287 1119 1355 Valla.
1161 1288 1231 1356 lam
1261 1307 1344 1355 vero
1367 1291 1598 1376 praestantio-

269 1413 340 1460 rum
370 1412 434 1480 ope
463 1396 589 1481 aliquot
616 1393 760 1483 glossa
782 1393 913 1460 nemine
940 1391 1050 1460 adhuc
1079 1393 1311 1461 animadversa
1340 1393 1474 1462 detecta
1502 1396 1598 1480 sunt,

270 1498 364 1564 velut
385 1493 420 1582 S.
440 1497 519 1566 44:
544 1492 694 1565 Crassccs
716 1502 753 1563 trs
779 1490 938 1564 Cermoro
952 1516 1060 1564 ocioso
1076 1497 1245 1584 exemplis
1258 1497 1420 1587 plurimis
1435 1517 1518 1566 suess
1533 1503 1597 1590 cst,

270 1613 377 1690 upmrs
394 1603 437 1669 de
455 1622 512 1694 eo,
540 1606 599 1693 put
618 1605 829 1668 testamento
849 1603 900 1667 sic
925 1598 1087 1668 heredem
1107 1606 1337 1696 instituisset,
1365 1609 1423 1696 ut,
1451 1607 1483 1672 si
1502 1601 1599 1691 filius

269 1711 378 1774 scotus
396 1710 541 1774 essetis
560 1705 678 1773 decem
696 1704 870 1772 marsitas
887 1709 983 1794 isque
1001 1710 1159 1774 mortuus
1179 1711 1294 1798 prius,
1317 1726 1421 1797 wem
1440 1713 1479 1774 tu
1497 1725 1599 1774 mam

271 1809 419 1877 tutelam
442 1813 610 1900 celebret,
642 1809 815 1876 seminudus
835 1806 936 1876 heres
956 1805 1189 1876 hereditatem
1210 1810 1400 1899 abdomen
1431 1811 1488 1878 ubl
1510 1827 1599 1878 nunc

270 1918 319 1985 sic
341 1913 517 2006 legendnm
539 1917 607 1982 cst:
644 1909 794 1982 &ossus
808 1947 829 1966 -
846 1949 866 1966 -
887 1931 971 1979 osus
991 1915 1060 2004 esi,
1082 1917 1140 2004 pici
1156 1917 1366 1981 testamento
1383 1919 1434 1982 stc
1453 1912 1599 1982 heredes

270 2023 440 2109 trostituti,
454 2025 486 2086 el
498 2016 594 2106 filius
605 2022 712 2085 amitas
722 2052 773 2074 --
787 2019 954 2105 veniisset,
968 2014 1201 2084 hereditatem
1212 2017 1455 2085 obtircotsscnt.
1488 2011 1523 2100 S.
1533 2013 1597 2084 63.

271 2122 414 2191 delenda
434 2125 513 2188 sunt
535 2123 641 2189 verbo
661 2125 719 2212 qui
747 2125 856 2187 etium
883 2119 927 2186 cb
954 2121 1131 2188 miciacus
1156 2121 1256 2210 lorspe
1286 2121 1444 2190 diversus
1473 2126 1545 2213 ert,
1578 2140 1600 2189 a

270 2230 401 2295 nemine
422 2224 531 2294 adhuc
552 2228 748 2316 impugnata
755 2244 765 2312 3
787 2216 823 2305 S.
838 2217 902 2290 61.
923 2222 1065 2291 delenda
1084 2225 1263 2294 sectoribus
1282 2221 1399 2295 Caesa
1415 2227 1601 2296 cecidisset

271 2331 421 2418 ubtepua
438 2330 486 2396 ad
505 2334 639 2396 terrum
659 2328 787 2395 trebes.
831 2328 914 2394 Item
937 2319 974 2408 S.
990 2323 1055 2394 87.
1078 2348 1161 2419 puer
1178 2331 1469 2416 supradiximus.
1512 2327 1600 2419 Sed,

271 2427 530 2522 quodomnium
559 2435 699 2498 maxime
727 2432 938 2499 memorabile
965 2433 1035 2519 est,
1066 2424 1102 2513 S.
1121 2432 1183 2500 54.
1204 2428 1386 2501 Schueizio
1408 2435 1601 2503 acutissima

270 2541 465 2607 coniectura
486 2537 592 2604 verba
613 2533 725 2603 ethis
746 2535 821 2602 olla
843 2540 983 2624 cospetto
998 2555 1120 2604 rurstts
1135 2537 1341 2625 adtunpitur
1358 2537 1483 2606 dolenti
1505 2555 1600 2606 nemo
1650 2547 1655 2556 '

254 2643 373 2710 'facile
395 2641 610 2726 credidisset,
633 2639 696 2705 nisi
717 2657 807 2707 nune
829 2638 955 2706 demum
978 2644 1152 2707 constaret
1173 2640 1288 2708 eadem
1310 2643 1432 2711 abesse
1454 2643 1497 2712 sb
1513 2643 1601 2710 blin-

272 2745 448 2830 sledlensi‚
480 2740 760 2834 sangallensibus
790 2742 938 2829 duobus,
974 2741 1165 2810 lilriurtensi
1198 2750 1300 2833 atque
1332 2744 1599 2835 oxoniensibu13

273 2869 410 2938 quorum
433 2848 570 2916 duorum
592 2866 792 2916 consensum
812 2865 875 2913 sus
896 2865 970 2914 cum
985 2849 1179 2916 coniectura
1192 2850 1373 2942 ignorabat
1386 2847 1600 2942 Schucizius,

272 2957 322 3021 nu
349 2955 492 3041 apparet
520 2971 564 3019 ex
591 2953 663 3020 elus
691 2951 933 3018 Annotatlone.
976 2951 1107 3019 Desunt
1133 2955 1211 3021 item
1239 2953 1389 3023 Editloni
1416 2956 1537 3025 Vallae
1565 2959 1600 3024 et

271 3057 505 3127 Ascensianac
526 3056 661 3144 primae·
1129 3081 1136 3098 ⁸

356 3162 480 3230 Verum
501 3160 585 3229 haec
607 3157 737 3247 quidem
758 3160 868 3227 aliena
889 3159 1003 3228 dicent
1024 3162 1059 3228 et
1080 3160 1182 3251 longe
1204 3165 1379 3232 arcessita,
1421 3159 1500 3236 sint
1517 3185 1601 3234 sane

272 3267 399 3356 aliena;
422 3264 595 3334 dummodo
609 3264 779 3332 luculenta
793 3265 979 3351 praebeant
993 3267 1147 3352 exempla
1158 3270 1192 3333 ot
1204 3267 1496 3357 interpolationem
1511 3267 1602 3358 apud

273 3365 432 3461 'l'ulllum3
454 3373 488 3436 et
510 3368 733 3457 difficultatis,
756 3387 841 3455 quae
855 3370 898 3437 its
911 3369 1139 3460 agnoscendis
1152 3371 1345 3460 plerumque
1361 3375 1490 3463 obstat;
1512 3373 1602 3441 unde

272 3475 327 3559 lt,
348 3480 385 3541 ut
407 3475 513 3542 verba
533 3474 737 3560 interpolata
757 3491 778 3540 a
799 3473 934 3541 criticis
957 3493 1018 3560 per
1039 3476 1252 3562 complurium
1267 3478 1455 3545 seculorum
1470 3497 1603 3547 cursum

273 3581 405 3666 possint
427 3597 488 3665 pro
510 3577 672 3645 Tullianis
693 3575 826 3663 haberi,
850 3578 965 3645 subilli
985 3577 1149 3645 interdurn
1169 3581 1427 3650 ratiocinatione
1449 3582 1602 3672 defendi,

273 3686 323 3750 uti
344 3685 456 3750 statim
478 3681 662 3749 videbimus
669 3698 679 3766 3
700 3680 912 3748 nihilominus
934 3685 1043 3749 autern
1065 3683 1133 3748 slnt
1146 3683 1329 3753 reiiclenda
1343 3689 1484 3774 propter
1499 3706 1602 3774 prae-

274 3790 471 3855 stantiorum
493 3784 575 3855 clo
597 3803 812 3874 consensum,
845 3784 1116 3872 quemadmodum
1146 3792 1304 3876 quattuor
1327 3789 1384 3858 illa
1405 3790 1527 3884 verba,
1559 3789 1604 3860 de

276 3893 395 3979 qulbus
415 3893 545 3982 agitur,
567 3893 706 3977 propter
727 3887 875 3956 Medicel
897 3890 1129 3958 testimonium.

359 3998 409 4063 At
431 4015 513 4062 vcro
535 3994 619 4062 haec
641 4013 714 4062 omn
735 3992 894 4061 inchoata
914 3997 1094 4063 etiamtunc
1116 3995 1408 4067 communicassem
1429 4017 1502 4068 cum
1517 4002 1603 4068 aml-

276 4101 408 4170 cissimo
428 4099 574 4184 Bardili,
602 4098 699 4165 simul
719 4116 863 4187 rogans,
890 4100 928 4164 ut
948 4099 978 4164 is
999 4116 1093 4165 suam
1115 4097 1156 4165 de
1178 4100 1254 4168 loco
1276 4106 1497 4173 controverso
1519 4125 1603 4173 sen-

274 4207 415 4272 tentiam
435 4203 511 4270 mihi
533 4205 696 4293 aperiret,
718 4202 863 4292 benigne
884 4201 969 4269 haec
989 4201 1067 4268 mihi
1087 4197 1280 4290 rescripsit:
1301 4201 1364 4273 leh
1380 4226 1475 4276 mess
1490 4205 1603 4277 ilonea

275 4307 468 4396 cufrtcbtip
482 4305 645 4398 pestchen
653 4357 663 4398 ‚
679 4307 763 4374 dass
777 4303 834 4372 ich
847 4324 955 4394 peperi
968 4301 1051 4372 ihre
1064 4305 1331 4396 Bemcrlconperc
1344 4309 1491 4380 mersche
1505 4311 1603 4380 Etre-

275 4413 447 4500 roenduup
457 4431 505 4478 zu
516 4409 662 4479 muchan
673 4408 773 4477 eaeo.
820 4401 869 4490 1)
885 4407 964 4476 Flir
975 4409 1041 4478 dos
1054 4410 1238 4498 perlectum
1254 4413 1500 4499 significatione
1518 4435 1603 4504 pas-

276 4519 352 4584 siva
372 4515 502 4583 ltmcrrte
522 4513 614 4583 wohl
632 4513 800 4582 animated
815 4513 880 4581 dos
899 4513 1095 4582 cohortatus
1116 4514 1263 4583 orehnoen
1277 4517 1352 4584 used
1363 4523 1430 4586 mii
1446 4519 1603 4590 discessit

276 4620 465 4688 oerbtrcdeu
487 4619 627 4709 coellec,
648 4617 729 4685 coeit
748 4637 810 4685 vor
829 4616 961 4686 diesem
981 4617 1130 4686 Verbum
1149 4624 1217 4686 inm
1232 4637 1253 4685 a
1267 4639 1318 4687 me
1332 4621 1437 4691 steht.
1478 4621 1603 4695 Dicaea

278 4727 347 4791 ium
362 4723 500 4790 erlaubt
516 4743 553 4791 cs
569 4719 667 4790 arichi
681 4719 877 4789 cohortatus
892 4725 959 4788 nte
972 4722 1041 4790 den
1061 4723 1193 4791 letztca
1208 4724 1358 4795 Worteu
1378 4728 1441 4795 der
1451 4725 1603 4797 Perinde

279 4847 328 4897 zu
343 4827 541 4894 oerbicrdcte.
580 4817 634 4908 2)
657 4823 725 4893 Die
747 4824 968 4914 Verbindunp
987 4828 1022 4893 et
1042 4829 1152 4894 tamen
1164 4828 1260 4918 finde
1274 4830 1332 4899 tob
1350 4832 1429 4899 dem
1444 4831 1604 4902 mam-

268 4929 472 5020 ·mcuhunpc
492 4948 587 5020 pertz
606 4938 754 5020 pemass.
797 4924 879 4996 «Ich
904 4927 1083 4999 wdruchte
1109 4930 1183 5000 ihm
1206 4931 1322 5003 Gldclc
1342 4937 1417 5004 utsd
1438 4937 1603 5026 bezeupte

279 5035 354 5107 ihm
366 5040 479 5106 metris
492 5033 634 5106 nicom
650 5033 821 5123 doruber5
843 5033 949 5103 oter
968 5033 1091 5130 doch,
1112 5037 1199 5107 tried
1219 5037 1327 5114 doch
1348 5039 1602 5112 ermchrrtcioh
