3656 5868
668 419 741 488 LIB.
762 423 816 486 lV.
859 421 919 488 ΕΡ.
964 423 993 486 8,
1017 422 1047 486 9.

672 583 726 644 m.
770 582 820 664 (a.
846 581 880 645 o.
901 581 934 646 c.
956 581 1043 660 roso

539 694 580 758 u.
604 693 750 760 crosno
772 695 803 758 s.
825 696 863 758 n.
885 696 926 758 n.
948 694 1172 759 macunen.

275 812 304 875 i.
327 804 393 872 Etsi
416 808 585 892 perpaucis
607 813 678 869 ante
700 803 812 871 diebus
833 803 984 870 dederam
1007 806 1046 881 Q.
1069 803 1175 870 lincio
1197 805 1315 873 litteras
1337 809 1377 876 ad
1399 819 1430 877 te
1452 810 1523 900 pln-

193 904 286 972 ribus
306 899 415 969 verbis
436 900 583 987 scriptas,
606 897 720 985 quibus
741 898 991 972 declaraveram,
1014 919 1079 986 quo
1100 908 1131 964 te
1152 900 1257 966 animo
1273 923 1435 970 censerem
1453 926 1523 971 esse

188 1008 341 1087 oportere
370 1005 401 1060 et
429 993 505 1082 quid
541 992 598 1060 tibi
628 992 807 1060 laciendum
835 991 1026 1058 arbitrarer:
1059 1001 1177 1070 tamem
1213 1017 1285 1061 cnm
1314 997 1505 1086 Theophilus
1514 1030 1562 1082 ,s

187 1093 320 1186 libe-ptus
343 1099 433 1164 tuus,
455 1085 722 1175 proficisceretur,
745 1086 834 1153 cuius
856 1107 917 1173 eqo
943 1085 1036 1152 fidem
1058 1107 1133 1173 erga
1152 1097 1182 1153 te
1205 1087 1522 1182 benevolentiamque

186 1205 431 1276 perspexeram,
468 1181 535 1248 sine
557 1181 637 1246 meis
658 1181 770 1248 litteris
792 1201 865 1248 eum
887 1180 927 1247 ad
950 1189 980 1246 te
1003 1180 1112 1247 venire
1135 1181 1231 1248 nolui.
1286 1185 1401 1252 lisdem
1424 1188 1522 1276 igitur
1600 1174 1603 1185 ι

186 1293 216 1348 tc
237 1279 338 1346 rebus
359 1277 455 1343 etiam
476 1285 570 1363 atque
592 1274 685 1340 etiam
708 1274 836 1348 hortor,
868 1273 984 1363 quibus
1005 1274 1225 1360 superioribus
1246 1277 1358 1345 litteris
1380 1279 1522 1350 hortatus

186 1397 275 1450 sum,
312 1384 349 1440 ut
375 1370 408 1436 in
437 1390 474 1436 ea
502 1390 537 1434 re
558 1367 703 1457 publica,
734 1390 940 1456 quaecunque
963 1378 1025 1442 est,
1064 1390 1158 1456 quam
1179 1371 1327 1457 primum
1340 1375 1419 1441 velis
1441 1398 1521 1444 esse.

185 1469 285 1538 ilulta
306 1463 427 1532 videbis
448 1463 598 1538 fortasse,
625 1483 705 1549 quae
727 1461 825 1536 nolis,
848 1484 912 1529 non
933 1460 1025 1549 plura
1048 1470 1168 1538 tamem
1191 1485 1286 1552 quem
1308 1466 1396 1534 audis
1418 1475 1560 1558 quoti-rc

185 1565 246 1632 (lie.
293 1567 362 1628 Non
384 1567 431 1625 est
451 1577 550 1646 porro
572 1567 660 1623 tuum
682 1577 747 1624 uno
769 1577 863 1622 sensu
883 1555 986 1622 solum
1001 1556 1168 1623 oculorum
1182 1559 1321 1627 moveri:
1344 1584 1415 1628 cum
1438 1564 1522 1633 idem

185 1656 264 1725 illud
288 1651 417 1722 auribus
439 1651 612 1740 percipias,
646 1649 732 1738 quod
755 1650 849 1716 etiam
872 1650 972 1715 maius
995 1648 1095 1715 videri
1117 1652 1215 1726 solet,
1239 1653 1342 1722 minus
1363 1655 1523 1728 laborare.

185 1757 216 1820 2
237 1757 280 1818 at
302 1747 359 1816 tibi
380 1745 441 1834 ipsi
462 1743 629 1810 dicendum
652 1744 712 1811 erit
734 1743 869 1830 aliquid,
902 1741 988 1832 quotl
1010 1765 1074 1808 non
1095 1745 1225 1822 sentias,
1248 1759 1301 1814 ant
1326 1749 1522 1836 faciendum,

186 1842 274 1934 qnod
296 1863 361 1908 non
382 1838 510 1927 probes.
552 1838 693 1904 Primum
720 1837 856 1925 tempori
881 1837 1011 1912 cedere,
1045 1835 1078 1902 id
1100 1847 1167 1916 est,
1189 1841 1368 1910 necessitati·
1387 1868 1522 1933 parere,

185 1957 314 2024 semper
335 1934 483 2022 sapientis
505 1941 553 1998 est
573 1930 731 2010 habitum3
764 1931 878 1998 deinde
899 1953 963 1997 non
985 1929 1095 2008 habet,
1132 1941 1168 2000 nt
1199 1956 1282 2000 nunc
1304 1938 1432 2024 quidem
1454 1954 1521 2018 est,
1534 1968 1561 2010 n

185 2033 218 2100 itl
239 2029 310 2098 vitii
332 2049 395 2096 res.
437 2027 550 2094 Dicere
578 2026 727 2100 fortasse,
750 2047 831 2113 quae
853 2024 983 2100 sentias,
1007 2045 1070 2090 nou
1092 2025 1179 2106 licet3
1203 2038 1308 2098 tacere
1329 2033 1421 2118 plane
1440 2035 1521 2106 lieet.

187 2129 302 2194 Omnia
324 2122 409 2190 enim
430 2121 531 2188 tlelata
553 2120 592 2187 ao
616 2142 714 2188 uuum
736 2128 818 2186 sunt.
860 2122 891 2184 ls
913 2117 1011 2184 utitur
1033 2118 1166 2186 consilio
1181 2141 1221 2186 ne
1236 2145 1368 2191 suorum
1383 2129 1521 2214 quidem,

186 2219 242 2288 sed
263 2237 336 2286 suo.
380 2212 475 2296 Quod
495 2236 559 2281 non
578 2215 677 2282 multo
696 2234 786 2280 secus
799 2211 902 2288 lieret,
925 2211 952 2278 si
974 2210 1000 2278 is
1014 2233 1083 2277 rem
1098 2211 1256 2299 publicam
1273 2227 1403 2296 teneret,
1425 2212 1524 2308 quem

187 2313 289 2382 secuti
312 2330 432 2376 snmus.
474 2313 538 2384 en,
561 2308 616 2396 qui
636 2307 670 2374 in
691 2303 792 2384 bello,
815 2329 887 2374 cnm
901 2305 1042 2374 omnium
1057 2315 1200 2376 nostrum
1221 2310 1422 2382 coniunctum
1440 2327 1523 2384 esset

187 2405 384 2496 periculum,
406 2423 466 2469 sno
488 2411 520 2469 et
540 2410 701 2469 certorum
723 2400 885 2468 hominum
907 2399 1035 2467 minime
1054 2401 1256 2488 prudentium
1271 2408 1402 2475 consilio
1416 2401 1560 2480 utere-‘ro

189 2512 256 2576 tur,
294 2519 367 2564 eum
388 2495 489 2582 magis
510 2517 710 2562 communem
732 2515 896 2562 censemus
917 2499 950 2561 in
971 2494 1103 2564 victoria
1124 2496 1266 2566 iuturmn
1288 2500 1402 2581 luisse,
1425 2529 1521 2594 quam

186 2592 319 2662 incertis
347 2591 381 2656 in
409 2588 505 2656 rebus
525 2588 661 2656 luisset?
695 2597 742 2664 et,
776 2588 831 2677 qui
852 2610 910 2661 nec
932 2597 963 2655 tc
994 2589 1123 2656 consule
1146 2600 1234 2658 tuum
1256 2598 1520 2682 sapientissimum

186 2686 356 2756 consilium
377 2692 504 2750 secutus
536 2689 634 2758 esset,
672 2703 730 2747 nec
758 2683 856 2749 fratre
889 2693 944 2750 tuo
973 2684 1170 2752 consulatum
1197 2708 1238 2752 ex
1261 2691 1445 2757 auctoritate
1467 2702 1521 2760 tur

187 2791 321 2870 gerente
343 2775 435 2844 robis
456 2776 637 2842 auctoribus
659 2775 706 2842 uti
727 2775 880 2851 voluerit,
902 2797 985 2843 nunc
1007 2779 1113 2844 omnia
1128 2789 1284 2848 tenentem
1306 2795 1429 2852 nostras
1451 2809 1522 2854 sen-

187 2875 302 2942 tentias
329 2871 580 2938 desideraturum
602 2891 711 2936 censes
732 2870 851 2937 luisset
873 2875 903 2936 3.
927 2869 1037 2936 Omnis
1059 2881 1132 2937 sunt
1150 2874 1265 2940 misera
1287 2877 1319 2943 in
1340 2877 1432 2946 hellis
1445 2881 1559 2947 civi-cs

187 2963 397 3054 libus;(1uac
432 2965 567 3032 maiores
600 2964 701 3032 nostri
727 2985 767 3029 ne
800 2964 898 3030 semel
920 2964 1066 3051 quidem,
1099 2976 1206 3032 nostra
1236 2979 1321 3035 aetas
1342 2993 1436 3060 saepe
1457 2975 1519 3040 iam

187 3045 380 3147 sensit:)sed
402 3061 547 3127 miserius
569 3059 647 3126 nihil
662 3079 757 3145 quam
771 3058 839 3144 ipsa
861 3057 1009 3136 victoria;
1046 3079 1143 3147 quae,
1167 3061 1289 3129 etiamsi
1311 3063 1351 3130 atl
1372 3067 1521 3133 meliores
1565 3077 1644 3150 *Y*

186 3157 291 3231 venit,
323 3164 427 3220 tamen
449 3175 505 3220 eos
525 3153 612 3240 ipsos
634 3151 808 3218 ferociores
828 3150 1130 3241 impotentioresque
1151 3153 1275 3234 reddit3
1307 3167 1361 3232 nt,
1398 3160 1524 3226 etiamsi·

187 3263 301 3319 natura
313 3249 391 3315 tales
405 3269 469 3315 uon
481 3247 558 3323 sint,
581 3245 767 3312 necessitate
783 3263 854 3310 esse
875 3253 1045 3330 coguntur:
1068 3247 1165 3313 multa
1179 3249 1263 3316 enim
1279 3252 1390 3318 victori
1406 3273 1518 3319 eorum

187 3345 340 3419 arbitrio,
361 3363 421 3430 per
441 3362 521 3430 quos
542 3341 634 3416 vicit,
657 3340 750 3404 etiam
773 3338 872 3404 invito
893 3337 1033 3404 iacienda
1055 3351 1137 3407 sunt.
1179 3348 1227 3410 An
1250 3353 1283 3410 tu
1305 3367 1368 3412 nou
1391 3347 1558 3416 videbare

187 3459 314 3506 mecum
336 3435 445 3512 simul,
468 3455 562 3524 quam
584 3433 636 3500 illa
658 3432 794 3500 crudelis
817 3441 899 3498 esset
920 3432 1025 3500 lutura
1047 3434 1203 3503 victoria?
1225 3437 1324 3524 Igitur
1345 3450 1419 3508 tune
1439 3463 1519 3530 quo·

187 3555 250 3623 que
272 3551 400 3606 careres
422 3529 539 3617 patria,
562 3549 622 3603 ne,
646 3547 728 3615 quae
751 3527 867 3602 nolles,
889 3525 1038 3592 viderer
1062 3533 1173 3606 „Nom
1196 3531 1337 3618 inquies:
1361 3537 1518 3621 egoenim

188 3628 255 3716 ipse
278 3635 420 3692 tenerem
442 3643 520 3711 opes
549 3631 582 3688 et
602 3620 784 3707 dignitatem
805 3625 936 3686 meam.”
977 3626 1016 3687 At
1044 3631 1112 3687 erat
1133 3633 1205 3690 tuae
1226 3626 1351 3692 virtutis
1372 3629 1404 3694 in
1427 3629 1519 3697 mini·

188 3723 248 3790 mis
270 3731 341 3787 tuas
361 3739 414 3785 res
435 3737 574 3804 ponere,
597 3715 636 3780 de
657 3737 693 3780 re
714 3713 841 3802 publica
863 3712 1078 3781 vehementius
1104 3715 1260 3784 laborare.
1303 3721 1441 3799 lteintle,
1463 3724 1518 3810 qui

188 3813 259 3882 linis
280 3812 372 3880 istius
393 3809 516 3878 consilii
538 3814 606 3876 estt
647 3815 725 3875 Nam
746 3808 849 3874 adhuc
869 3817 901 3874 et
921 3807 1038 3874 lactum
1060 3817 1148 3876 tunm
1169 3811 1324 3898 probatur
1346 3825 1395 3890 et,
1429 3827 1464 3882 ut
1486 3819 1558 3884 inas

188 3909 242 3976 tali
263 3928 318 3983 re,
340 3907 434 3972 etiam
457 3904 582 3970 fortuna
603 3903 764 3970 laudatore
788 3902 920 3976 lactum,
943 3901 1029 3990 quod
1050 3913 1082 3967 et
1102 3904 1226 3972 initium
1249 3906 1323 3975 belli
1341 3912 1519 3977 necessario

188 4011 317 4068 secutus
339 4000 381 4066 sis
404 4010 435 4065 et
456 4006 599 4064 extrema
620 3997 778 4085 sapienter
799 3995 949 4084 persequi
971 3997 1126 4075 noluerim
1148 3999 1291 4078 lortuna,
1314 4003 1400 4091 quod
1422 4005 1519 4070 hone·

189 4106 239 4163 sto
272 4093 340 4161 otio
368 4093 507 4159 tenueris
536 4100 568 4156 et
595 4099 707 4156 statum
735 4099 767 4156 et
795 4088 910 4155 lamam
938 4089 1112 4176 dignitatis,
1125 4102 1207 4160 tuae.
1250 4100 1339 4162 Nunc
1359 4118 1439 4164 vero
1461 4119 1520 4164 nec

190 4190 279 4256 locus
301 4185 359 4252 tibi
380 4186 463 4253 nllus
485 4185 609 4252 dulcior
630 4205 699 4252 esse
721 4182 816 4249 debet
836 4184 952 4270 patria,
975 4205 1033 4248 nec
1054 4205 1124 4250 eam
1144 4184 1276 4274 diligere
1290 4191 1394 4258 minus
1412 4192 1518 4268 debes,

190 4281 278 4372 qnod
299 4279 474 4347 deformior
495 4288 556 4353 est,
579 4277 636 4344 sed
657 4277 802 4346 misereri
822 4277 928 4364 potius
949 4297 1008 4344 nec
1022 4299 1091 4344 eam
1105 4281 1211 4347 multis
1225 4282 1316 4350 claris
1332 4287 1410 4353 viris
1426 4287 1559 4354 orba-ee

190 4387 254 4444 tam
275 4373 403 4462 privare
432 4373 526 4442 etiam
554 4370 704 4460 adspectu
732 4379 799 4439 tuo.
840 4375 872 4438 l.
893 4371 1054 4458 Denique,
1083 4371 1190 4440 siluit
1211 4378 1315 4464 magni
1338 4380 1433 4446 animi
1456 4403 1519 4448 uon

190 4471 254 4540 isse
276 4467 451 4556 supplicem
481 4465 613 4540 victori,
646 4464 719 4534 vile
739 4487 780 4532 ne
802 4463 931 4554 superbi
952 4463 993 4530 sit
1017 4467 1179 4551 aspernari
1209 4469 1350 4538 eiusdem
1382 4471 1521 4542 liberali·

190 4573 304 4642 ratem,
326 4573 375 4637 ct,
404 4559 433 4626 si
453 4559 602 4646 sapientis
624 4569 672 4626 est
692 4581 802 4626 carere
823 4557 940 4646 patria,
962 4557 1035 4624 (luri
1056 4581 1121 4628 non
1142 4560 1341 4642 desiderare,
1364 4577 1410 4644 et,
1433 4565 1464 4636 si
1482 4591 1519 4637 re

260 4735 287 4786 8.
316 4742 341 4784 ts
358 4729 444 4796 cclcc]
475 4731 507 4782 dc
523 4732 599 4784 renue
617 4730 667 4792 li,
699 4738 723 4784 te
748 4732 779 4783 de
805 4731 880 4784 rom
898 4729 1058 4780 Lambinus.
1085 4731 1158 4784 Fert.
1179 4741 1204 4783 tc
1224 4738 1381 4789 rationibus.
1413 4739 1464 4793 Οι.
1486 4767 1518 4780 -

191 4805 236 4858 to.
256 4811 319 4856 mat
344 4803 384 4856 ll:
410 4816 462 4856 cm
486 4800 547 4853 llll.
577 4825 607 4838 -
645 4801 688 4852 2⁰.
715 4816 762 4852 ruo
787 4810 812 4854 et
831 4808 962 4852 certemus
980 4814 1020 4864 pr.
1041 4799 1086 4852 illc
1113 4814 1307 4866 etormet,
1336 4811 1519 4867 mtcrowmss

191 4888 255 4926 cam
273 4889 345 4926 corr.
364 4873 402 4926 ll.
423 4897 454 4910 -
491 4871 537 4922 22.
555 4873 584 4924 in
601 4873 676 4924 ratus
694 4871 738 4923 ll:
757 4872 832 4922 retur
849 4869 881 4922 Ε.
903 4894 934 4906 -
970 4869 1015 4922 at.
1033 4868 1113 4935 nnnc]
1131 4873 1198 4924 lunc
1216 4875 1466 4943 Naupor-Legum.
1488 4907 1517 4917 -

190 4946 236 4998 ³⁰.
257 4947 296 4996 An
315 4939 354 5007 tu]
368 4950 431 4994 unte
447 4939 486 4992 ll.
502 4965 528 4976 -
550 4942 594 4993 at.
614 4939 703 5006 mom]
722 4955 779 4992 cum
797 4940 913 4992 Ernestli
932 4953 1042 5004 operae.
1064 4964 1095 4977 -
1114 4942 1159 4995 ³2.
1178 4958 1280 4997 careres
1295 4952 1388 5013 patrio
1405 4951 1448 5003 ll:
1464 4966 1520 5016 po-

191 5017 248 5067 trio
265 5028 366 5066 corner
384 5013 414 5064 li.
436 5039 465 5050 -
503 5011 549 5062 ts.
568 5025 620 5064 cru
637 5011 777 5076 supplicem
797 5011 827 5064 ll.
848 5011 921 5063 rora.
940 5012 988 5062 icae
1005 5011 1190 5074 supplicatum.
1210 5015 1261 5070 01.
1286 5041 1316 5055 -
1353 5020 1398 5074 43,
1416 5023 1440 5072 ss
1456 5030 1520 5076 snas

191 5087 319 5151 sapientis
337 5099 391 5137 om.
413 5083 450 5135 ll.
474 5107 502 5120 ·-
522 5081 568 5134 43.
588 5079 654 5146 non]
673 5095 706 5134 nc
724 5081 840 5135 Ernestii
858 5094 969 5148 operae.
