3656 5868
249 319 292 384 u
601 271 1146 377 'mmmmmM.

250 473 378 544 Clodius
397 481 445 540 est
472 471 612 545 locutus,
634 489 708 536 urm
742 470 775 536 ia
798 488 838 536 eo
866 488 983 554 genere
1012 467 1152 533 maxime
1176 475 1365 554 quereretur
1386 476 1418 534 te
1444 469 1580 536 allorum

249 566 451 656 improbitate
466 564 569 630 minus
590 562 714 630 felicem
733 563 842 630 inisse.
885 566 951 628 llos
975 582 1035 647 ego
1050 581 1229 637 sermones,
1252 562 1338 648 qnod
1356 564 1490 631 etmulti
1508 573 1581 632 sant

249 671 281 728 et
301 672 387 728 tuam
418 659 700 731 existimationem,
734 667 770 722 ut
798 677 858 742 ego
880 656 998 730 sentio,
1034 676 1098 721 non
1119 655 1301 732 offendunt,
1329 656 1473 723 lacessivi
1500 679 1581 724 nun·

249 777 363 842 quam,
397 753 454 820 sed
475 774 539 819 non
558 752 650 818 valde
670 751 819 838 repressi.
863 751 896 816 si
921 750 992 838 quis
1014 757 1078 824 est,
1100 749 1156 835 qui
1177 751 1334 816 neminem
1360 749 1443 818 hona
1465 750 1527 817 lide
1546 751 1580 816 in

225 849 382 935 cgratiam
414 858 503 932 putet
527 847 634 913 redire
656 867 769 935 posse,
806 865 870 910 uon
899 853 1038 910 nostmm
1069 843 1096 908 is
1129 843 1293 930 perfidiam
1323 845 1488 929 coarguit,
1523 845 1580 911 sed

248 943 364 1010 iudicat
390 963 494 1016 suam,
527 941 683 1027 simulque
701 961 766 1007 non
785 938 826 1005 de
844 960 894 1004 me
917 938 945 1004 is
967 937 1057 1024 peius
1074 959 1168 1024 quam
1197 937 1236 1003 de
1259 947 1290 1004 te
1313 937 1481 1006 existimat.
1524 939 1580 1005 Sin

249 1047 354 1103 autem
371 1057 464 1125 quem
481 1056 549 1100 mea
564 1034 704 1102 instituta
718 1033 751 1099 in
765 1031 930 1120 provincia
944 1051 1007 1097 non
1026 1030 1181 1096 delectant
1193 1040 1224 1097 et
1236 1031 1370 1119 quadam
1385 1032 1580 1100 dissimilitu·
1666 1035 1671 1044 '

249 1130 323 1198 diue
355 1129 570 1195 institutorum
597 1149 744 1196 meorum
765 1149 802 1192 ac
818 1135 946 1193 tuorum
974 1124 1057 1190 laedi
1084 1147 1118 1190 se
1141 1133 1248 1211 putat,
1271 1147 1343 1192 cum
1366 1135 1499 1215 noerque
1523 1149 1581 1194 no·

247 1230 349 1292 strum
363 1234 449 1290 recte
475 1223 605 1297 lecerit,
628 1223 683 1288 sed
698 1242 763 1287 uon
782 1221 865 1286 idem
886 1228 1020 1307 uterque
1036 1228 1161 1285 secutus
1180 1220 1236 1286 sit:
1259 1219 1342 1285 hunc
1357 1240 1417 1305 ego
1443 1221 1578 1287 anaiurm

118 1318 141 1414 Ᾰ
212 1317 365 1390 rehabere
387 1339 450 1384 nou
478 1338 567 1383 curo.
611 1321 644 1382 8.
665 1315 852 1382 Liberalitas
875 1325 944 1390 tua,
973 1321 1008 1378 ut
1033 1313 1170 1379 hominis
1195 1311 1399 1388 nobilissimi,
1431 1314 1525 1380 latius
1545 1315 1578 1380 in

248 1411 411 1501 provincia
433 1411 548 1498 patuit:
572 1419 678 1477 nostra
707 1411 735 1476 si
763 1408 986 1495 angustior-
1009 1407 1068 1473 etsi
1090 1401 1130 1474 de
1149 1415 1202 1472 tua
1224 1407 1349 1493 prolixa
1373 1407 1577 1494 beneficaque

248 1517 358 1572 natura
381 1504 501 1571 limavit
524 1503 644 1590 aliquid
664 1502 826 1590 posterior
847 1523 946 1568 annus
977 1511 1109 1588 propter
1132 1500 1288 1588 quandam
1313 1501 1472 1568 tristitiam
1501 1513 1580 1568 tem-

247 1623 362 1688 porum
385 1635 435 1675 -,
458 1621 522 1666 non
536 1598 652 1664 dehent
668 1597 779 1664 mbari
796 1597 956 1672 homiues,
979 1617 1051 1662 cum
1068 1605 1100 1662 et
1119 1605 1232 1662 natura
1251 1616 1377 1682 semper
1390 1595 1430 1662 ad
1444 1595 1580 1680 largien-

248 1694 323 1760 dum
345 1716 386 1760 ex
415 1693 519 1759 alieno
551 1692 666 1758 luerim
688 1691 865 1758 restrictior
886 1700 919 1757 et
938 1689 1151 1776 temporibus,
1184 1689 1299 1776 quihus
1320 1689 1374 1756 alii
1397 1699 1578 1764 moventur,

212 1815 237 1860 as
247 1787 358 1856 iisdem
380 1808 441 1873 ego
462 1802 613 1852 movear:

458 1929 504 1972 ms
524 1930 586 1972 case
606 1909 746 1973 combam
766 1909 839 1983 sibi,
860 1920 895 1974 ut
914 1911 973 1974 sim
993 1910 1089 1973 duleis
1108 1909 1194 1975 midi.

247 2036 277 2098 3.
299 2035 347 2098 lle
371 2029 468 2096 rebus
489 2027 620 2118 urbanis
635 2027 721 2115 quod
739 2050 789 2093 me
811 2030 981 2096 certiorem
1003 2029 1119 2107 fecisti,
1142 2051 1213 2096 cnm
1228 2051 1287 2117 per
1304 2051 1338 2096 se
1360 2030 1437 2097 mihi
1455 2039 1579 2117 gratum

247 2125 320 2202 luit,
344 2133 410 2190 tum
433 2124 519 2211 qued
540 2122 721 2206 significasti
743 2122 800 2188 tibi
825 2125 930 2189 omnia
953 2143 1023 2187 mea
1046 2122 1190 2188 mandata
1207 2144 1302 2189 curae
1331 2121 1411 2190 sere.
1455 2129 1490 2190 ln
1510 2125 1579 2212 qui-

247 2220 306 2287 hus
338 2239 437 2285 unum
471 2217 547 2283 illud
581 2225 612 2282 te
643 2216 814 2303 praecipue
836 2237 932 2302 roge,
968 2226 1002 2282 ut
1033 2238 1145 2292 cures,
1182 2239 1221 2282 ne
1250 2216 1327 2304 qnid
1348 2217 1424 2283 mibi
1449 2216 1489 2282 ad
1519 2217 1580 2284 huc

157 2359 166 2381 .
209 2337 237 2385 so
247 2313 367 2399 negotii
385 2322 438 2377 aut
457 2311 564 2377 oneris
578 2311 704 2377 accedat
718 2321 772 2377 aut
789 2310 958 2397 temperis,
981 2311 1247 2398 Hortensiumque
1266 2320 1408 2376 nostrum
1427 2310 1578 2396 collegam

140 2428 153 2474 t
208 2427 212 2440 “
248 2417 279 2473 et
302 2405 487 2472 familiarem
506 2425 617 2491 reges,
640 2413 696 2479 ut,
729 2405 755 2469 si
777 2426 916 2493 uuquam
940 2426 1010 2469 mea
1030 2427 1123 2471 causa
1144 2403 1314 2492 quidquam
1337 2413 1390 2470 aut
1411 2403 1506 2469 sensit
1526 2413 1579 2470 ant

248 2501 338 2576 lecit,
361 2488 414 2564 de
422 2499 480 2564 hae
501 2519 628 2586 quoque
649 2498 802 2564 sententia
823 2497 909 2564 bima
931 2497 1079 2574 decedat,
1103 2520 1164 2584 qua
1184 2498 1262 2563 mihi
1282 2497 1358 2564 nihil
1384 2507 1488 2584 potest
1509 2519 1578 2564 esse

247 2594 415 2660 inimicius.
461 2598 510 2660 10.
532 2598 579 2659 De
599 2592 715 2658 nostris
735 2591 832 2657 rebus
847 2591 934 2678 quod
953 2592 1034 2657 scire
1057 2591 1122 2658 vis:
1159 2597 1258 2657 Tarso
1272 2591 1368 2656 Nonis
1388 2591 1578 2658 Octobribus

247 2694 401 2754 Amanum
425 2708 536 2754 versus
561 2685 695 2775 proiecti
722 2707 841 2752 snmus.
884 2689 969 2752 Haec
999 2685 1111 2772 scripsi
1133 2685 1287 2773 postridie
1309 2685 1377 2751 eius
1403 2685 1484 2761 diei,
1506 2707 1577 2753 eum

209 2791 349 2852 sscastra
373 2781 523 2848 haberem
542 2781 576 2847 in
597 2802 675 2868 agro
708 2777 950 2868 Mopsuhestiae.
1009 2779 1140 2868 siquid
1164 2801 1278 2866 egero,
1311 2779 1446 2845 scribam
1469 2780 1509 2846 ad
1530 2789 1576 2858 te,

249 2897 351 2963 nequo
369 2875 496 2942 domum
522 2896 660 2962 usqum
682 2873 721 2940 ad
745 2894 795 2938 me
820 2874 940 2941 litteras
961 2875 1098 2951 mittam,
1121 2874 1197 2963 quin
1220 2874 1386 2960 adiungam
1407 2894 1476 2950 eas,
1499 2891 1577 2962 quas

247 2967 305 3036 tihi
320 2967 412 3034 reddi
434 2967 538 3034 velim.
593 2973 639 3033 De
664 2966 786 3032 Parthis
810 2968 895 3056 quod
917 2969 1062 3056 quaeris,
1084 2969 1181 3036 luisse
1203 2969 1305 3035 atilios
1329 2976 1416 3053 puto.
1459 2966 1577 3033 Arabes

247 3063 302 3152 qui
323 3062 466 3139 luerunt,
499 3061 640 3128 admixto
660 3061 805 3127 Parthico
828 3073 962 3140 ornatu,
992 3063 1139 3130 dicuntur
1162 3086 1271 3130 omnes
1292 3059 1470 3127 revertisse.
1513 3063 1578 3126 Ho-

247 3167 326 3224 stem
347 3179 416 3223 esse
438 3157 471 3222 in
502 3157 593 3246 Syria
621 3165 737 3243 negant
757 3155 866 3223 ullum.
910 3163 957 3224 lu
979 3157 1074 3224 velim
1096 3159 1135 3224 ad
1154 3180 1205 3224 me
1223 3179 1317 3245 quam
1340 3154 1521 3241 saepissime
1546 3165 1578 3221 et

209 3284 237 3327 ,ο
247 3250 287 3316 de
307 3250 369 3316 tuis
384 3249 480 3316 rehns
499 3249 618 3315 scribas
637 3249 721 3314 etde
736 3249 814 3314 meis
829 3249 910 3314 etde
928 3249 1015 3315 omni
1026 3250 1076 3315 rei
1089 3250 1234 3337 publicae
1251 3259 1350 3328 statu;
1373 3247 1412 3312 de
1428 3270 1492 3335 qno
1508 3269 1577 3314 sum

197 3424 199 3432 y
247 3343 398 3410 sellicitus
415 3365 455 3409 eo
477 3341 594 3428 magis,
616 3342 703 3430 quod
725 3365 766 3408 ex
791 3343 854 3408 tuis
873 3344 985 3410 litteris
1009 3345 1145 3432 cognovi
1169 3343 1355 3433 Pompeium
1378 3351 1522 3408 ausuum
1544 3341 1577 3408 in

246 3437 428 3526 Hispaniam
450 3438 581 3504 iturum.

723 3575 1126 3665 macoma
1238 3615 1242 3622 -

670 3701 812 3767 ClCERO
835 3705 895 3766 ΑΡ.
916 3703 1099 3768 PULCHRO
1122 3704 1153 3767 S.

209 3834 237 3878 ss
333 3815 360 3877 l.
383 3813 446 3878 Vix
471 3810 598 3877 taudem
618 3811 680 3898 legi
704 3812 823 3878 litteras
842 3812 952 3898 dignas
971 3813 1073 3900 Appio
1096 3813 1248 3889 Claudio,
1272 3814 1379 3900 plenas
1403 3813 1576 3878 humanita-

246 3906 302 3981 tis,
339 3905 452 3983 officii,
489 3905 679 3991 diligentiae.
721 3907 894 3994 Adspectus
924 3906 1069 3974 videlicet
1091 3905 1179 3972 urhis
1207 3905 1264 3972 tihi
1295 3917 1378 3973 tuam
1412 3907 1575 3994 pristinam

247 3997 453 4064 urbanitatem
476 3999 625 4065 reddidit.
669 4003 746 4064 Nam
764 4023 841 4088 quas
866 4023 907 4066 ex
928 4001 1042 4067 itinere
1057 4011 1128 4067 ante
1155 4023 1248 4087 quam
1272 4025 1312 4067 ex
1332 4003 1405 4069 Asia
1430 4025 1576 4088 egressus

246 4115 281 4159 es
305 4094 345 4159 ad
377 4114 427 4158 me
455 4093 574 4159 litteras
597 4092 732 4168 misisti,
770 4117 847 4160 unas
884 4096 923 4161 de
954 4095 1063 4181 legatis
1091 4117 1109 4160 a
1133 4116 1183 4160 me
1210 4095 1377 4181 prohibitis
1402 4095 1573 4182 proficisci,

246 4186 360 4252 alteras
386 4184 426 4252 de
454 4187 668 4274 Appianorum
701 4186 918 4254 aedificatione
947 4188 1117 4275 impedita,
1147 4188 1210 4275 legi
1240 4189 1425 4276 perinvitus.
1467 4195 1575 4276 Itaque

208 4281 436 4348 noonscientia
467 4303 557 4347 meae
581 4281 751 4348 constantis
781 4304 856 4369 erga
883 4291 913 4348 te
943 4283 1110 4348 voluntatis
1139 4283 1288 4368 rescripsi
1315 4283 1373 4348 tibi
1407 4281 1574 4348 subiratus.
1611 4291 1619 4300 '

123 4400 127 4409 ¹
246 4375 287 4442 lis
309 4396 387 4441 vero
409 4375 520 4442 litteris
540 4375 644 4451 lectis,
667 4397 744 4463 quas
765 4375 933 4442 Philotimo
955 4374 1070 4458 liberto
1090 4397 1161 4442 meo
1179 4375 1307 4450 dedisti,
1330 4375 1464 4462 cognovi
1485 4375 1576 4441 intel-

114 4452 128 4496 ’“
249 4457 376 4548 lenique
398 4460 431 4525 in
447 4460 610 4548 provincia
634 4461 749 4527 multas
767 4460 884 4534 luisse,
906 4460 1050 4547 quinos,
1073 4481 1137 4547 quo
1156 4460 1261 4526 animo
1281 4461 1363 4526 inter
1382 4482 1440 4526 nos
1458 4481 1575 4533 snmus,

315 4631 342 4682 5.
360 4646 448 4696 posses
466 4647 507 4697 pr.
527 4632 565 4683 ll.
598 4659 627 4670 -
667 4632 868 4698 comorguttlll.
898 4659 930 4670 ·-
967 4633 1009 4684 te.
1028 4633 1144 4683 hovntnss
1163 4633 1200 4685 ld.
1232 4659 1264 4670 -
1302 4634 1345 4684 ll.
1369 4635 1459 4696 potuit
1485 4633 1522 4685 ld.
1543 4653 1576 4668 ·-

246 4705 386 4764 angustior
403 4709 440 4754 ost
459 4704 617 4755 Lambinus.
639 4729 667 4739 -
695 4703 738 4753 ts.
759 4702 918 4754 limnottnbtt
935 4702 973 4753 bl.
994 4727 1027 4742 -·
1049 4703 1093 4752 33.
1113 4717 1166 4768 qao
1184 4703 1229 4754 bl:
1248 4705 1312 4767 quta
1332 4702 1361 4752 s.
1383 4725 1413 4738 -
1442 4703 1486 4754 25.
1506 4703 1575 4752 llos·

246 4771 343 4821 Mettus
360 4770 398 4823 hl.
431 4798 460 4810 -
497 4775 607 4838 demand
624 4773 661 4824 bl.
691 4796 723 4808 -
759 4771 803 4822 36.
825 4773 861 4822 nd
878 4773 982 4823 meld:
1008 4774 1044 4823 nd
1062 4786 1131 4822 meos
1149 4773 1180 4823 B.
1218 4799 1246 4810 -
1285 4773 1330 4823 28.
1350 4769 1481 4835 admisto]
1501 4773 1573 4822 Fert.

246 4841 357 4892 adscita
384 4841 436 4892 01.
470 4868 498 4880 -
537 4844 581 4894 31.
607 4840 688 4907 quod}
714 4849 744 4892 ut
769 4843 838 4906 quod
856 4841 955 4906 (litters
974 4845 991 4892 d
1011 4849 1109 4907 puncto
1138 4839 1239 4904 notata)
1267 4843 1303 4894 bl.
1322 4867 1355 4876 —
1392 4843 1436 4893 35.
1465 4841 1574 4892 Claudio

246 4910 327 4962 illart.
354 4909 486 4973 Lagussa
519 4913 610 4964 clodio
639 4912 699 4965 blll.
728 4935 759 4948 -·
796 4912 839 4962 38.
865 4907 902 4976 os]
933 4925 996 4965 susa
1022 4914 1083 4964 eod.
1112 4914 1185 4978 btps.
1218 4914 1348 4977 probante
1379 4913 1513 4964 ltrnsstte.
1542 4935 1572 4948 -

247 4980 290 5032 ss.
310 4981 452 5044 ceptorum
471 4983 508 5034 st.
530 5003 562 5016 -
597 4983 641 5033 to.
661 4996 719 5033 men
737 4981 773 5032 Μ.
