3668 5924
718 415 794 481 mn.
820 419 857 482 u.
900 401 958 480 ui.
984 417 1034 480 υ.
1472 419 1533 482 esa

215 586 322 663 roget,
352 583 388 640 ut
407 573 533 638 annales
562 592 636 638 suos
665 573 827 640 emendem
857 585 888 639 et
909 573 1010 640 edam.
1061 571 1142 638 Illud
1163 583 1280 646 tamen,
1301 573 1388 660 quod
1408 573 1533 657 scribit,

216 667 443 737 animadvertas
472 665 583 742 velim,
611 665 816 752 deportatio
837 667 1122 744 circumvectionis;
1143 668 1187 732 ait
1208 688 1241 733 se
1263 667 1301 734 dc
1323 669 1444 735 consilii
1465 691 1534 736 sen·

217 765 311 830 tentia
338 784 406 827 rem
434 761 473 827 ad
500 772 641 827 senatum
670 762 826 828 reiecisse.
880 762 1022 828 Nondum
1044 760 1187 827 videlicet
1208 782 1292 826 meas
1313 761 1431 828 litteras
1451 763 1536 850 lege·

216 866 278 933 rat,
312 854 425 942 quibus
455 853 494 920 ad
523 876 610 930 cum,
637 875 672 918 re
705 857 844 920 consulta
872 867 903 921 ct
924 854 1099 940 explorata,
1131 855 1375 941 perscripseram
1396 876 1460 922 non
1481 857 1535 922 de·

217 949 295 1016 heri.
353 948 470 1024 Velim,
503 949 531 1014 si
559 949 614 1035 qui
644 949 754 1014 Graeci
785 948 846 1012 iam
874 953 1005 1014 Romam
1030 969 1071 1012 ex
1098 949 1171 1013 Asia
1198 948 1237 1013 de
1266 970 1302 1012 ea
1329 970 1422 1014 causa
1443 971 1557 1018 vene-s

137 1053 144 1060 '
216 1052 303 1116 runt,
330 1042 451 1117 rideas,
483 1050 531 1118 et,
562 1041 590 1108 ai
617 1041 674 1108 tibi
703 1041 877 1118 videbitur,
906 1043 944 1108 iis
966 1041 1174 1117 demonstres,
1202 1042 1278 1128 quid
1300 1063 1359 1128 ego
1381 1042 1419 1109 de
1442 1063 1478 1108 ea
1499 1065 1536 1108 re

216 1138 357 1206 sentiam.
416 1135 448 1201 Si
478 1155 607 1221 possum
635 1136 857 1216 †disccdera,
887 1158 926 1202 ne
953 1155 1045 1201 causa
1072 1136 1189 1222 optima
1217 1137 1251 1202 in
1276 1147 1385 1203 senatu
1412 1150 1534 1224 pereat,

217 1253 276 1319 ege
298 1227 484 1296 satisfaciam
505 1229 692 1315 publicanis;
716 1241 744 1298 st
758 1237 792 1296 δὲ
805 1231 850 1315 μή
872 1267 912 1278 -
934 1250 1010 1296 rere
1031 1239 1133 1296 tecum
1155 1231 1267 1318 loquar
1288 1261 1347 1302 -,
1368 1231 1401 1295 in
1422 1230 1479 1296 hac
1499 1253 1536 1296 ra

216 1325 300 1391 malo
320 1322 485 1388 universae
506 1323 597 1388 Asiae
620 1331 651 1388 et
671 1321 933 1409 negotiatoribus3
962 1344 1034 1388 nam
1055 1343 1166 1389 eornm
1187 1345 1314 1411 quoqne
1335 1323 1537 1395 vehementer

217 1420 358 1485 interest.
405 1419 473 1482 Hoc
501 1436 562 1502 ego
588 1416 689 1483 sentio
717 1416 808 1482 valde
836 1416 928 1484 nohis
956 1437 1035 1502 opus
1064 1439 1142 1483 esse.
1196 1417 1259 1484 Sed
1286 1425 1320 1482 tu
1347 1416 1377 1484 id
1405 1417 1572 1486 videbisro

217 1517 406 1596 Quaestores
432 1517 552 1583 antem,
583 1530 717 1597 quaeso,
753 1532 828 1576 num
856 1511 949 1578 etiam
977 1509 1016 1576 de
1044 1510 1225 1597 cistophoro
1255 1509 1424 1577 dubitant?
1459 1516 1535 1576 Nam

216 1608 245 1673 si
265 1603 350 1671 aliud
371 1603 448 1670 nihil
469 1603 545 1676 erit,
568 1623 639 1670 cum
661 1604 779 1670 erimus
800 1604 906 1669 omnia
926 1604 1065 1690 experti,
1088 1625 1147 1689 ego
1161 1625 1201 1669 ne
1215 1603 1293 1670 illud
1314 1603 1439 1691 quidem
1461 1624 1537 1668 con-

216 1707 372 1774 temnam,
409 1696 495 1783 quod
521 1706 698 1764 extremum
727 1707 784 1763 est.
837 1702 880 1762 Tc
908 1697 941 1763 in
968 1696 1109 1782 Arpinati
1136 1696 1311 1764 videbimus
1340 1707 1371 1762 et
1400 1696 1536 1782 hospitia

216 1794 332 1878 agresti
353 1788 561 1875 accipiemus,
583 1789 731 1876 qnoniam
752 1791 941 1856 maritimum
962 1790 1024 1857 hoc
1043 1791 1264 1878 contempsisti.

666 1931 763 1994 rur.
806 1927 862 2016 (A.
888 1933 920 1996 u
942 1933 973 1996 c.
996 1930 1087 2016 sos.)
1547 1957 1572 1994 a

699 2052 841 2118 CICERO
863 2054 1007 2119 ATTICO
1031 2057 1062 2119 S.

302 2171 501 2239 altrorsus,
529 2171 565 2228 ut
590 2161 719 2238 scrihis,
747 2162 792 2228 ita
821 2163 931 2232 sentio.
980 2164 1098 2232 Turhat
1123 2165 1398 2252 Sampsiceramus.
1454 2164 1536 2230 Nihil

218 2272 287 2337 esi,
315 2259 401 2347 quod
430 2279 493 2324 non
519 2254 691 2321 timendum
720 2257 773 2335 sil;
807 2261 1070 2343 ὁμολογουμένως
1100 2266 1274 2346 τυραννίδα
1296 2260 1534 2338 συσκευάζεται.
1589 2261 1592 2270 '

196 2353 303 2442 (Quid
330 2353 414 2418 enim
440 2355 498 2416 ista
525 2349 687 2435 repentina
714 2349 868 2416 affinitatis
895 2351 1101 2426 coniunctio,
1138 2351 1214 2438 quid
1242 2373 1318 2439 ager
1346 2355 1535 2438 Campanus,
1703 2388 1714 2439 p

218 2446 293 2536 qnid
314 2444 426 2511 effusio
447 2446 599 2529 pecuniae
619 2426 817 2542 simitiffint)
852 2448 940 2524 Quae
962 2445 989 2510 si
1011 2454 1114 2512 essent
1134 2455 1289 2538 extrema,
1323 2457 1425 2512 tamen
1454 2455 1572 2516 essetra
1611 2435 1697 2534 ηζ,

216 2540 347 2606 nimium
368 2535 459 2616 maii;
490 2536 547 2602 sod
567 2557 605 2628 ca
624 2546 736 2604 natura
756 2539 805 2604 rei
826 2548 886 2615 est,
916 2547 953 2605 ut
971 2539 1049 2606 haec
1071 2549 1211 2606 extrema
1232 2561 1300 2606 esse
1322 2561 1385 2608 non
1406 2541 1536 2626 possint.
1647 2579 1672 2668 p

218 2633 303 2713 Quid
331 2635 413 2698 enim
442 2650 498 2696 eos
525 2629 603 2696 haec
621 2631 690 2716 ipsa
716 2652 774 2718 per
794 2655 828 2699 se
850 2633 1004 2700 delectare
1025 2641 1179 2720 possuntt
1211 2640 1374 2723 Nunquam
1401 2635 1463 2702 hnc
1484 2656 1538 2702 ve-

217 2729 353 2803 nissent,
381 2723 442 2790 nisi
470 2722 510 2789 ad
538 2745 590 2790 res
610 2724 687 2790 alias
713 2727 877 2812 pestilerae
897 2727 999 2793 aditus
1027 2727 1088 2794 sihi
1118 2737 1345 2815 compararent.
1401 2728 1452 2794 Dii
1478 2728 1537 2794 im·

216 2821 384 2888 mortalcsi
426 2824 565 2894 Verum,
593 2827 630 2885 nt
656 2819 788 2897 scribis,
817 2820 894 2887 haec
921 2822 955 2886 in
981 2821 1124 2907 Arpinati
1152 2844 1180 2887 a.
1207 2823 1238 2888 d.
1264 2843 1312 2888 vr.
1339 2821 1464 2888 circiter
1490 2821 1536 2888 Id.

217 2914 288 2980 Mai.
315 2934 379 2978 non
406 2897 677 3006 dellehimns,(ne
699 2921 730 2978 et
760 2935 858 3000 opera
885 2925 917 2981 et
944 2915 1050 2981 oleum
1076 2915 1266 3002 philologiae
1287 2925 1412 2982 nostrae
1433 2916 1572 3002 peria-aa

218 2999 281 3113 rap
307 3005 362 3072 sed
390 3004 587 3070 conferemus
618 3004 785 3090 tranquilla
812 3006 927 3074 animo.
985 2985 1151 3098 2.(Nequc
1179 3017 1243 3076 tam
1270 3030 1321 3074 me
1352 2996 1536 3076 εὐελῐιισῖῐα
1608 2977 1684 3080 lii·

218 3085 415 3198 consolatur)
433 3106 469 3163 nt
489 3089 710 3183 anteap‘quam
732 3101 943 3193 ἀδιαφορία)
966 3122 1028 3188 qua
1049 3101 1133 3167 nulla
1152 3101 1185 3166 in
1208 3113 1326 3168 retem
1347 3111 1421 3168 utor
1442 3124 1536 3190 quam
1610 3141 1630 3196 ,ιγ
1644 3123 1701 3197 2..-

216 3195 251 3260 in
275 3193 333 3258 hac
360 3191 444 3256 civili
472 3199 504 3256 et
530 3188 594 3275 pub
607 3189 664 3256 ica.
722 3193 805 3269 Quin
827 3195 935 3271 etiam,
957 3195 1048 3282 ‘qnod
1079 3204 1126 3260 cst
1153 3192 1304 3260 subinane
1331 3195 1364 3259 in
1393 3193 1484 3260 nohis
1506 3205 1537 3260 et

217 3307 280 3352 non
301 3287 502 3368 ἁφιλόδοξον
531 3319 570 3330 -
600 3281 719 3350 bellum
747 3294 794 3351 est
822 3287 905 3353 enim
934 3310 989 3354 sua
1010 3288 1085 3355 vitia
1106 3310 1200 3356 nosse
1221 3329 1279 3364 —,
1309 3289 1440 3354 afficitur
1462 3311 1537 3376 qua·

218 3379 300 3466 dam¹
316 3378 531 3444 delectatione.
582 3376 707 3442 Solebat
727 3379 820 3445 ¹enim
841 3403 891 3446 me
912 3402 1073 3468 pungere,
1103 3404 1143 3449 ne
1165 3381 1403 3470 Sampsicerami
1424 3384 1572 3449 maritans

218 3474 250 3538 in
276 3477 409 3560 patriam
435 3470 475 3536 ad
502 3492 600 3537 annos
626 3490 681 3538 nc.
710 3471 831 3538 maiora
856 3473 1037 3540 viderentur
1065 3497 1159 3564 quam
1180 3486 1302 3555 nostra;
1331 3475 1389 3541 hac
1410 3476 1535 3564 quidem

217 3588 293 3633 cura
315 3575 399 3631 certe
421 3567 483 3631 iam
504 3586 636 3631 vacuum
658 3576 714 3632 est.
756 3571 838 3632 lacet
859 3569 941 3632 enim
955 3567 1008 3634 ille
1023 3569 1082 3646 sic,
1104 3579 1140 3636 ut
1160 3575 1279 3648 πτῶσις
1300 3569 1433 3638 Curiana
1454 3580 1537 3636 stare

218 3661 373 3729 videatur.
422 3666 452 3727 3.
475 3659 537 3726 Sed
558 3660 634 3726 haec
655 3681 774 3726 coram.
822 3665 869 3726 Tu
897 3671 1000 3728 tamen
1025 3663 1143 3730 videris
1171 3665 1249 3732 mihi
1269 3671 1386 3732 Romae
1407 3665 1476 3732 iore
1497 3665 1536 3732 ad

217 3766 361 3820 nostrum
389 3754 572 3834 adventum3
600 3755 686 3842 quod
706 3775 781 3819 sane
801 3752 892 3818 facile
912 3755 1028 3841 patiar,
1057 3756 1084 3822 si
1104 3767 1160 3824 tuo
1182 3756 1347 3824 commodo
1373 3758 1444 3825 steri
1464 3780 1538 3846 pos-

217 3848 268 3914 sit.
311 3849 381 3925 Sin,
410 3858 446 3913 nt
470 3847 598 3923 scribis,
620 3849 664 3914 ita
690 3846 809 3922 venies,
835 3845 928 3912 velim
950 3869 968 3913 a
990 3849 1178 3936 Theophane
1200 3851 1379 3938 expiscere,
1401 3875 1574 3941 quonamea

220 3942 253 4007 in
273 3963 324 4008 me
346 3942 451 4008 animo
472 3948 512 4008 sit
530 3941 728 4007 Alaharches.
781 3943 922 4019 Quaeras
943 3941 1077 4020 scilicet,
1107 3955 1143 4010 ut
1163 3946 1260 4022 soles,
1282 3948 1366 4012 κατὰ
1389 3949 1425 4014 τὸ
1447 3954 1536 4027 κηδε-

290 4162 316 4210 1.
335 4161 426 4211 scre'his
444 4159 520 4210 Mlil.
551 4185 583 4194 —
620 4161 647 4210 2.
666 4159 778 4210 cormelis
795 4161 880 4220 Mitt,
906 4162 997 4210 consili
1015 4176 1069 4225 rna.
1090 4163 1128 4213 M.
1161 4185 1188 4198 ··
1226 4164 1252 4213 d.
1272 4167 1453 4226 rescripseram
1472 4166 1493 4215 li
1512 4170 1538 4215 et

220 4245 261 4295 pr.
280 4231 318 4282 M·
350 4255 379 4268 -
418 4232 445 4280 5.
463 4232 581 4281 oeamiat
599 4230 630 4280 tt.
660 4254 691 4266 -
727 4231 754 4280 c.
774 4232 807 4281 iis
825 4231 862 4281 Ra
881 4230 1012 4281 hieMlE.
1040 4257 1073 4268 -··
1110 4233 1137 4282 7.
1156 4231 1292 4296 discedere]
1312 4235 1384 4285 Fert.
1403 4237 1537 4286 cumeae.

220 4300 275 4352 Cir.
294 4314 356 4351 mos
374 4301 423 4364 Ep.
443 4301 495 4359 23,
512 4299 541 4350 d.
570 4299 621 4351 On.
649 4324 680 4336 -
716 4300 760 4350 12.
778 4301 892 4351 neiiiud
909 4299 1057 4351 Corradus:
1084 4303 1200 4353 illudas
1217 4302 1315 4354 Mlllll.
1344 4327 1372 4340 -
1410 4305 1454 4356 17.
1474 4306 1538 4354 Tar-

220 4371 265 4422 σοι
291 4368 381 4434 („Stc
400 4376 475 4422 retus
495 4371 574 4420 lectio
592 4370 700 4420 habet.”
728 4368 829 4434 Pma):
850 4369 983 4420 lurcatur
1001 4371 1097 4423 mutu.
1123 4395 1157 4410 -
1192 4371 1236 4424 1⁸.
1255 4375 1488 4438 ουσκευαζοοῢαι
1504 4375 1536 4424 n.
1589 4408 1590 4411 ,

224 4464 250 4474 -
283 4441 327 4492 23.
346 4454 388 4490 res
406 4441 474 4490 uitas
491 4439 534 4490 M:
553 4440 622 4490 clim
638 4453 680 4490 ees
697 4439 765 4490 utu.
797 4464 828 4477 -
864 4441 910 4490 Dii
928 4439 993 4502 (Dei
1011 4442 1068 4502 M.)
1084 4443 1246 4494 immortales
1262 4444 1290 4493 h.
1310 4444 1330 4492 Ι.
1350 4450 1453 4506 ponunt
1472 4445 1539 4494 ller-

221 4513 333 4572 sagius,
352 4510 509 4570 Manutius,
527 4509 690 4571 Lambinus,
709 4510 883 4570 Schuotains,
904 4516 963 4572 post
980 4523 1023 4561 vr·
1044 4513 1186 4576 tranquillo
1202 4515 1291 4564 naimo
1306 4513 1404 4566 Miilll.
1426 4538 1457 4551 -
1492 4516 1537 4566 25.

220 4581 358 4646 adeamus
385 4582 423 4642 n,
450 4580 595 4647 deperimus
612 4580 635 4629 1.
667 4603 692 4616 -
732 4581 776 4632 2⁶.
802 4581 964 4644 consuamus
981 4580 1055 4632 mut.
1085 4607 1120 4616 —
1155 4583 1199 4634 2¹1.
1218 4584 1387 4635 somniantur
1404 4585 1478 4636 ttltt.
1506 4609 1539 4622 -

220 4653 264 4702 23.
282 4665 357 4702 nosse
385 4676 396 4688 ·
422 4652 451 4702 id
474 4651 590 4716 afficitor
608 4650 641 4705 li,
670 4663 744 4700 acere
773 4675 784 4688 ·
812 4651 967 4714 isasfimar
984 4650 1007 4701 1.
1039 4673 1070 4688 ·-
1112 4651 1156 4704 33.
1175 4667 1271 4704 vacuus
1293 4661 1332 4705 est
1349 4655 1372 4704 n
1389 4659 1416 4704 et
1434 4669 1474 4719 pr.
1493 4653 1538 4716 M,

220 4735 316 4772 uacuus
333 4735 390 4771 sum
409 4756 417 4773 .
436 4724 551 4770 consumi
569 4729 606 4770 est
625 4733 679 4782 mg.
698 4719 734 4771 Μ.
764 4743 792 4756 -
831 4720 900 4769 Iacet
918 4717 996 4782 enim]
1014 4721 1062 4770 hac
1079 4724 1173 4772 etenim
1192 4725 1258 4784 ΜΠ,
1277 4731 1412 4774 summast
1429 4727 1498 4775 enim
1515 4726 1538 4774 Ι.

223 4813 253 4824 -
283 4789 392 4854 πτῶσις
410 4791 521 4841 Sosius:
550 4791 633 4853 pincis
652 4790 690 4847 Υ,
718 4789 808 4852 phocis
825 4788 910 4848 Mlll,
939 4791 1030 4840 Photis
1047 4791 1078 4842 R.
1112 4817 1143 4829 -
1178 4793 1222 4845 33.
1241 4795 1371 4845 videretur
1388 4809 1428 4858 pr.
1447 4794 1486 4846 M.
1507 4821 1537 4832 -

221 4861 265 4912 35.
285 4862 361 4912 uelim
386 4863 476 4911 oraim
503 4862 534 4911 n.
566 4885 596 4896 -
634 4859 663 4922 e]
691 4867 715 4910 et
743 4873 780 4922 pr·
801 4858 848 4917 M,
879 4873 911 4909 ca
928 4859 965 4909 at
983 4869 1010 4911 et
1027 4875 1097 4912 corr.
1117 4863 1154 4914 M.
1185 4887 1215 4898 -
1252 4863 1390 4928 captarem]
1417 4868 1541 4929 respicere

221 4930 257 4980 111
284 4935 310 4980 et
335 4942 406 4981 corr.
433 4931 483 4991 M,
514 4931 560 4994 qui
589 4930 653 4992 qnid
680 4945 721 4994 pr.
749 4928 894 4988 hahuerit,
925 4943 981 4980 non
1006 4930 1100 4995 liquet.
1132 4955 1164 4970 ·-
1207 4933 1251 4985 33.
1279 4933 1439 4986 Arabarches
1464 4935 1539 4988 tint.

223 5001 401 5052 Emendatnm
428 5006 468 5054 cat
486 5015 517 5052 es
535 4999 611 5051 XYZ.
645 5025 673 5037 -·
711 5001 782 5063 Quas
799 4999 922 5050 rurales
947 4999 1077 5065 (apetium
1097 5002 1229 5069 vacuum)
1248 5010 1272 5055 et
1290 5005 1326 5055 aci
1345 5005 1366 5056 l.
1386 5029 1418 5042 -
1454 5013 1483 5057 at
1501 5019 1541 5056 sa-

223 5071 257 5120 les
275 5085 329 5122 orn.
349 5070 425 5125 Mlil.
