3680 5944
326 433 389 499 58⁰
808 433 869 498 ΕΡ.
890 431 944 495 ΑΙ)
966 430 1140 498 turmula

325 595 439 669 locum,
460 590 516 656 ubi
536 589 645 656 hortos
667 587 857 666 aedificaret,
879 587 983 662 dedit,
1006 610 1100 676 quem
1122 589 1173 656 cui
1195 592 1338 655 nostrum
1358 609 1423 656 non
1443 610 1537 676 saepe
1550 611 1651 678 prae-

326 687 411 753 tulitl
447 691 553 772 ltaque
583 684 679 750 miser
707 694 882 771 torquetur.
925 684 1000 756 Sed,
1031 706 1071 749 ne
1092 684 1141 750 bis
1162 683 1271 756 eadem
1297 683 1405 769 legas‚'
1428 686 1467 751 ad
1489 687 1589 772 ipsam
1612 697 1648 753 te

326 780 488 867 epistolam
509 779 628 844 reiicio.
672 782 766 865 Spem
786 789 891 843 autem
914 777 998 862 pacis
1019 777 1121 844 babeo
1143 778 1269 844 nullam.
1311 778 1474 844 Dolabella
1499 781 1564 846 suis
1593 780 1649 846 lit-

325 877 402 941 teris
422 873 528 941 ldibus
548 878 638 939 Mart.
661 872 740 938 datis
761 893 882 938 merum
905 871 1022 936 bellum
1043 872 1193 959 loquitur.
1236 878 1417 940 blancamus
1439 893 1516 959 ergo
1536 874 1570 940 in
1589 874 1646 940 illa

307 968 436 1034 eoadem
470 967 621 1035 sententia
653 971 766 1032 misera
795 974 827 1032 et
854 964 1032 1052 desperata,
1069 967 1194 1054 quando
1226 967 1287 1034 boe
1307 967 1453 1034 miserius
1476 988 1545 1034 esse
1565 967 1645 1034 nihil

327 1073 437 1150 potest

961 1205 998 1267 A.

694 1283 874 1390 (alueus
898 1324 1082 1390 arcannm
1105 1325 1186 1390 rur.
1210 1327 1241 1390 s.

409 1441 437 1506 l.
460 1441 573 1506 Caesar
593 1435 684 1501 nobis
711 1434 829 1501 litteras
857 1435 1027 1521 perbreves
1056 1436 1156 1511 misit,
1193 1457 1326 1523 quarum
1360 1436 1539 1522 exemplum
1567 1435 1643 1503 sub-

289 1534 444 1619 rescripsi.
487 1531 642 1599 Brevitate
663 1529 813 1617 epistolae
834 1531 915 1595 scire
938 1529 1055 1615 poteris
1077 1551 1149 1595 eum
1171 1530 1261 1596 valde
1282 1551 1350 1596 esse
1373 1530 1556 1607 distentum,
1585 1531 1643 1615 qui

323 1626 610 1788 qqutafiqlpsrcqiqqp
629 1624 769 1690 breviter
789 1624 958 1711 scripserit.
1009 1624 1043 1689 Si
1065 1625 1139 1711 quid
1160 1634 1325 1710 praeterea
1346 1623 1550 1700 resiluerit,
1579 1634 1642 1691 sta·

668 1863 847 1936 „CAESAR
869 1860 1003 1935 OPPIO,
1027 1860 1224 1926 CORNELlO
1247 1862 1297 1925 S.''

407 1991 468 2058 „ab
497 1981 528 2048 d.
556 2002 632 2050 vra.
654 1981 705 2048 ld.
727 1986 835 2048 Mart.
856 1979 1113 2046 Brundisium
1135 1980 1244 2060 veni;
1276 1980 1322 2046 ad
1342 2001 1490 2047 murum
1511 1991 1640 2048 castra

288 2079 446 2166 oposui.
489 2075 705 2162 Pompeius
737 2084 796 2140 est
823 2073 1044 2142 Brundisii.
1098 2073 1208 2140 Misit
1244 2075 1374 2140 adme
1405 2080 1441 2141 N.
1476 2080 1639 2161 Magium

323 2172 498 2258 depacc.
542 2176 653 2249 Quae
685 2169 767 2234 visa
798 2176 905 2241 sunt,
942 2166 1147 2252 respondi.
1189 2173 1270 2234 Hoc
1292 2189 1360 2234 vos
1381 2173 1511 2235 statim
1533 2170 1639 2236 scire

321 2267 442 2332 volui.
495 2267 582 2331 Cum
612 2263 650 2326 in
683 2282 791 2348 spem
822 2280 971 2325 venero
1001 2260 1045 2326 de
1075 2261 1372 2348 compositione
1403 2263 1561 2350 aliquid
1581 2284 1638 2329 me

321 2359 547 2431 conficere,
569 2355 699 2420 statim
720 2376 792 2420 vos
814 2353 1019 2419 certiores
1041 2354 1218 2420 laciam.''

404 2457 434 2520 3.
459 2449 628 2530 Quomodo
649 2470 700 2514 me
721 2469 804 2514 nunc
825 2456 931 2533 putas,
966 2448 1009 2512 mi
1031 2448 1156 2526 Cicero,
1194 2450 1351 2536 torqueri,
1380 2459 1544 2537 postquam
1565 2474 1637 2519 rur·

282 2561 311 2605 2⁰
321 2568 374 2612 sus
402 2546 435 2611 in
463 2566 550 2630 spem
580 2541 664 2628 pacis
696 2542 782 2616 veui,
819 2563 859 2606 ne
882 2562 942 2627 qua
971 2562 1023 2606 res
1046 2563 1156 2608 eorum
1185 2544 1444 2628 compositionem
1464 2544 1637 2632 impediat?

319 2645 478 2725 Namque,
501 2637 587 2723 quod
607 2635 719 2702 absens
740 2636 844 2701 lacere
865 2657 1014 2722 possum,
1036 2646 1122 2721 opto.
1168 2637 1289 2715 Quodsi
1304 2659 1365 2704 una
1382 2659 1498 2714 essem,
1520 2640 1638 2725 aliquid

319 2733 453 2800 fortasse
473 2730 627 2819 prolicere
649 2751 773 2817 possem
795 2729 907 2796 videri.
950 2734 1037 2795 Nunc
1059 2735 1291 2817 exspectatione
1312 2733 1447 2799 crucior.
1470 2740 1488 2834 )

771 2891 853 2954 arn
895 2889 952 2970 (a.
980 2891 1012 2954 a.
1035 2890 1068 2955 c.
1089 2889 1187 2970 ros.)

780 3011 922 3079 CICERO
944 3013 1088 3076 ATTlCO
1111 3014 1143 3077 S.

282 3151 311 3195 as
405 3132 433 3193 l.
462 3127 607 3192 Miseram
636 3123 675 3188 ad
704 3131 735 3188 te
767 3143 859 3188 vrur.
892 3122 959 3188 Kal.
991 3123 1170 3208 exemplum
1193 3123 1342 3209 epistolae
1363 3123 1452 3190 Balbi
1472 3125 1511 3192 ad
1534 3149 1584 3192 me
1605 3137 1637 3194 ct

321 3221 459 3287 Caesaris
489 3221 528 3284 ad
560 3240 648 3295 eum;
685 3227 715 3282 et
744 3239 762 3282 a
791 3226 821 3281 te
848 3216 892 3280 ibi
921 3216 1033 3281 eodem
1063 3216 1113 3280 die
1136 3220 1238 3303 Capua
1268 3217 1385 3283 litteras
1407 3220 1512 3306 accepi
1533 3220 1573 3286 ab
1596 3226 1636 3300 Q.

318 3314 432 3387 Pedio,
466 3317 629 3379 Caesarem
651 3312 689 3377 ed
711 3333 744 3376 se
766 3311 866 3397 pridie
888 3310 932 3375 ld.
955 3317 1043 3376 llart.
1066 3309 1186 3375 misisse
1212 3310 1272 3376 boc
1298 3312 1457 3398 exemplo:
1495 3315 1657 3388 ‚‚Pom-‘

319 3409 433 3495 peius
469 3429 508 3473 se
545 3405 693 3492 oppido
732 3415 848 3471 tenet.
898 3409 972 3468 Nos
1011 3403 1057 3468 ad
1093 3416 1230 3490 portas
1271 3416 1402 3471 castra
1436 3406 1634 3474 babemus.

320 3507 511 3568 Conamur
542 3521 639 3585 opus
667 3518 845 3583 magnum
878 3508 916 3563 et
943 3498 1156 3562 multorum
1183 3496 1361 3576 dierum,
1398 3501 1636 3587 propteral-

282 3594 535 3659 solitudinem
563 3593 692 3659 maris.
750 3592 976 3656 Sedtamen
999 3591 1100 3656 nibil
1122 3601 1199 3666 est,
1236 3594 1636 3680 quodpotiuslacia-

319 3709 412 3752 mus.
469 3686 521 3752 llb
556 3697 732 3773 utroque
762 3695 902 3772 portus
939 3706 1061 3750 cornu
1097 3684 1223 3750 moles
1259 3686 1451 3763 iacimus,
1495 3699 1536 3755 ut
1571 3699 1635 3756 aut

319 3782 431 3847 illum
461 3802 572 3867 quam
601 3781 769 3868 primum
801 3779 1013 3853 traiicere,
1050 3778 1157 3862 quod
1187 3779 1306 3845 habet
1334 3783 1545 3848 Brundisii
1575 3805 1635 3849 co-

318 3874 486 3962 piarum,
511 3895 698 3961 cogamus
720 3882 786 3938 aut
808 3873 921 3936 exitu
943 3871 1252 3956 prohibeamus”
1293 3877 1325 3938 2.
1347 3874 1404 3941 Ubi
1426 3885 1472 3942 est
1494 3877 1546 3942 illa
1562 3897 1633 3964 pax,

323 3967 362 4033 de
384 3988 445 4053 qua
466 3967 580 4034 Balbus
601 3969 768 4054 scripserat
795 3965 936 4051 torqueri
966 3970 1020 4029 se‘l
1057 3964 1167 4052 ecquid
1189 3965 1354 4034 acerbius‘l
1391 3971 1503 4056 ecquid
1524 3971 1635 4036 crude·

283 4064 413 4130 eslius?
442 4069 542 4149 Atque
564 4084 636 4128 eum
657 4061 743 4148 loqui
765 4059 891 4146 quidam
920 4063 1112 4135 albariensis
1134 4060 1296 4126 narrabat:
1326 4067 1380 4129 Cn.
1403 4063 1570 4138 Carbonis,
1593 4070 1634 4130 Μ.

389 4284 415 4332 1.
435 4281 519 4330 locum
540 4280 588 4330 ube
613 4281 701 4329 tortos
724 4279 843 4344 edificare
867 4279 913 4340 Μ,
946 4279 1031 4328 locum
1054 4277 1170 4340 alerem,
1198 4285 1228 4328 ut
1252 4280 1341 4330 bertot
1358 4281 1506 4346 aedificaret
1532 4282 1554 4334 1.
1591 4282 1635 4337 llll

320 4366 386 4411 uos,
405 4353 427 4402 ll
448 4358 474 4401 et
489 4349 645 4414 Victorius.)
665 4373 694 4385 -
714 4350 741 4399 3.
761 4347 808 4412 bia]
828 4351 882 4398 aloa
901 4363 940 4412 pr.
959 4349 997 4400 Μ.
1021 4371 1047 4384 ··
1068 4349 1095 4398 d.
1113 4349 1176 4398 ldoa
1193 4351 1268 4400 lllltl.
1298 4376 1328 4386 -
1346 4353 1459 4401 moretur
1477 4352 1513 4401 Μ.
1535 4375 1565 4388 ·-
1584 4366 1635 4402 me·

321 4417 390 4484 rum]
409 4435 506 4472 mecam
522 4420 583 4471 llll.
604 4443 634 4456 -
670 4421 696 4470 5.
715 4415 831 4483 quando]
856 4420 928 4469 Fert.
948 4421 1080 4482 quoniam.
1102 4418 1152 4470 Oa.
1174 4445 1202 4455 —
1223 4422 1266 4470 10.
1285 4419 1359 4484 scire]
1377 4422 1470 4485 scripsi
1488 4436 1528 4483 pr.
1547 4423 1584 4472 Μ.
1604 4443 1635 4458 ·-

322 4495 365 4544 13.
388 4493 574 4550 Connaarcoarr
603 4491 759 4540 sebuelzius
785 4502 846 4539 cum
873 4489 909 4538 ul
939 4494 966 4539 et
991 4489 1134 4538 Petrarcba
1153 4490 1205 4540 vit.
1225 4490 1301 4540 Caes.
1322 4506 1348 4555 p.
1375 4492 1436 4541 aad.
1462 4515 1496 4525 -
1532 4493 1575 4542 ¹5.
1595 4505 1634 4542 me

322 4565 369 4615 Cn.
388 4563 507 4627 alapiam
525 4563 564 4618 lt,
583 4574 623 4610 me
639 4560 757 4624 Meplam
775 4559 797 4610 1.
819 4584 848 4596 -
887 4560 929 4609 17.
950 4554 1023 4621 Cum]
1042 4561 1087 4622 qul
1106 4574 1146 4622 pr·
1165 4561 1201 4610 Μ.
1223 4585 1252 4598 -
1272 4575 1311 4610 ura
1327 4575 1400 4624 possa
1418 4563 1539 4626 conficere
1557 4561 1635 4611 Lam·

322 4635 410 4684 binus·
447 4632 541 4681 Deleta
572 4645 614 4683 vr.
642 4630 742 4694 aliquid
770 4643 809 4680 ms
836 4631 961 4694 conficere
990 4629 1108 4679 malebat
1132 4630 1252 4679 Ursinus.
1284 4655 1311 4669 -
1351 4632 1394 4681 19.
1422 4645 1492 4681 nuuc
1510 4646 1549 4681 ma
1567 4633 1589 4681 ll
1607 4637 1634 4682 et

322 4704 487 4756 Schuetzlus.
513 4725 544 4736 -
582 4702 624 4750 20.
645 4700 854 4762 compositionem
874 4714 962 4749 eornm
980 4699 1001 4748 1.
1024 4725 1053 4736 ·-
1090 4700 1134 4750 22.
1153 4701 1307 4750 alderinm.
1327 4701 1372 4750 lll.
1402 4723 1434 4734 -
1468 4703 1512 4752 20.
1533 4706 1591 4751 eta
1609 4709 1634 4752 to

321 4774 358 4824 tat
376 4787 416 4836 pr.
436 4773 480 4834 Μ,
499 4785 553 4824 ceca
571 4772 618 4821 llll
634 4770 692 4821 nau
711 4775 736 4819 et
753 4783 824 4819 corr.
844 4770 882 4819 Μ.
918 4768 1029 4819 Malim:
1048 4771 1083 4819 ad
1100 4784 1158 4820 som
1175 4778 1199 4819 el
1217 4771 1253 4820 ed
1272 4771 1405 4834 Oppiam,-
1423 4773 1518 4821 eodem.
1538 4771 1630 4822 Oa.-

322 4844 454 4906 acceptln
473 4843 535 4893 lect.
555 4855 625 4892 corr.
643 4840 672 4891 Μ
691 4841 844 4890 necessario
863 4839 973 4889 seclusit
991 4840 1142 4899 Ernestlus,
1173 4839 1457 4891 dalevltscnueutus.
1480 4865 1510 4877 -
1541 4843 1584 4890 31.
1603 4847 1633 4892 ut

323 4911 707 4976 aut1cututlt.autl.—
744 4909 788 4960 33.
807 4911 905 4960 celtum
922 4908 996 4960 bllll.
1035 4907 1080 4973 (Ut
1098 4924 1165 4970 nos,
1185 4911 1246 4958 Asc.
1268 4912 1321 4973 pr.)
1342 4937 1370 4948 -
1407 4913 1452 4960 sal
1471 4909 1569 4974 ecquid]
1588 4924 1634 4960 aare

324 4997 357 5034 aa
381 4984 443 5048 quid
467 4997 506 5046 pr.
533 4983 578 5041 Μ,
603 4995 629 5031 aa
647 4987 671 5031 ct
688 4981 751 5046 quld
767 4979 803 5030 ltl
821 4985 847 5029 et
865 4992 935 5029 corr.
954 4979 992 5029 Μ.
1012 5001 1041 5016 -·
1085 4988 1110 5029 et
1127 4980 1190 5043 quid
1207 4980 1281 5030 Mlll.
1310 5005 1335 5016 -
1371 4980 1415 5031 ³5.
1433 4979 1573 5045 benarnae
1592 4980 1630 5032 Μ·

324 5047 513 5117 (adseverem
531 5065 585 5114 mg.
606 5053 653 5108 Μ.)
672 5074 706 5089 -
727 5055 822 5103 uomet
841 5049 863 5099 Ι.
876 5075 903 5086 -
943 5049 990 5099 Gn.
1011 5048 1136 5100 Certatur
1155 5049 1175 5098 Ι.
