3662 5892
320 470 384 534 762
826 468 885 532 ΕΡ.
907 469 959 530 AB
982 465 1139 530 BBBTBB

321 626 381 692 lius
403 623 638 712 frangebantur.
680 623 825 691 Erectior
846 633 971 690 senatus
997 631 1078 696 erat,
1105 641 1170 687 non
1194 621 1355 686 seutustiis
1384 620 1486 686 solum
1513 624 1658 706 nostris,

321 719 376 786 sed
405 719 498 784 etiam
526 717 798 786 cohortationibus
827 717 989 784 excitatus.
1032 720 1107 782 Erat
1133 717 1166 782 in
1187 723 1297 782 senatu
1325 715 1399 780 satis
1418 715 1591 784 vehemens
1623 725 1662 784 et

321 835 395 879 acer
407 817 520 886 Pansa,
543 833 615 878 cum
636 812 668 878 in
689 822 812 878 ceteros
834 811 927 879 huius
948 811 1089 897 generis,
1110 819 1178 877 tum
1198 809 1335 876 maxime
1356 809 1389 875 iu
1410 829 1572 891 soceram;
1596 812 1660 878 cui

320 907 441 973 consuli
462 927 527 973 non
547 907 668 972 animus
690 904 729 971 ab
751 906 855 981 initio,
877 926 942 971 nou
961 903 1039 970 fides
1060 903 1101 970 ad
1122 913 1297 970 extremum
1320 901 1429 969 defuit.
1471 907 1503 969 2.
1524 906 1661 972 Bellum

190 1047 194 1060 ·
299 1000 361 1068 sad
382 1001 533 1068 Mutinam
561 999 747 1086 gerebatur,
776 999 854 1065 nihil
880 1008 916 1066 ut
936 999 969 1064 in
991 1002 1123 1066 Caesare
1144 996 1410 1084 reprehenderes,
1440 999 1588 1065 nonnulla
1617 999 1661 1064 in

320 1094 435 1161 Hirtio.
470 1095 572 1162 Huius
592 1095 667 1161 belli
688 1094 830 1168 fortuna,
852 1101 888 1159 ut
908 1092 941 1158 in
964 1091 1124 1166 secundis,
1146 1091 1246 1169 fluxa;
1268 1091 1355 1158 utin
1377 1091 1530 1169 adversis,
1551 1093 1658 1160 bona

320 1191 398 1252 Erat
412 1188 526 1254 victrix
542 1187 748 1276 respublica,
771 1187 869 1252 caesis
883 1187 1009 1252 Antonii
1024 1186 1139 1273 copiis,
1160 1185 1231 1271 ipso
1245 1186 1387 1272 expsrlso.
1422 1187 1514 1252 Bruti
1533 1187 1657 1254 deinde

319 1281 363 1346 ita
384 1282 482 1349 multa
501 1292 643 1369 peccata,
664 1290 700 1347 ut
720 1278 954 1367 quodammodo
976 1280 1107 1346 victoria
1130 1278 1291 1346 excideret
1311 1279 1504 1358 emauibus;
1524 1289 1659 1367 perter-

320 1374 415 1452 ritos,
441 1376 593 1450 inermes,
623 1376 745 1442 saucios
773 1395 838 1441 nou
859 1386 931 1440 sunt
957 1374 1058 1440 nostri
1079 1373 1175 1440 duces
1196 1373 1368 1460 persecuti;
1397 1373 1567 1460 datamque
1588 1379 1658 1440 Le·

286 1468 396 1556 rapido
423 1478 545 1557 tempus
567 1478 629 1546 est,
660 1471 693 1535 in
715 1489 779 1556 quo
805 1469 965 1535 levitatem
987 1467 1055 1534 eius
1083 1489 1177 1554 saepe
1198 1477 1392 1555 perspectam
1415 1467 1587 1534 maioribus
1615 1469 1653 1534 in

320 1563 410 1628 malis
432 1567 661 1651 experiremur.
698 1566 776 1629 Sunt
798 1563 955 1629 exercitus
976 1560 1054 1627 boni
1074 1562 1131 1628 sed
1151 1561 1248 1627 rudes
1270 1563 1359 1627 Bruti
1381 1571 1412 1628 et
1432 1561 1553 1640 Planci;
1575 1572 1654 1628 sunt

320 1653 500 1722 fidelissima
521 1666 553 1724 et
573 1657 712 1724 maxima
733 1657 851 1722 auxilia
871 1657 1042 1724 Gallorum.
1085 1661 1116 1722 3.
1139 1655 1202 1722 Sed
1225 1659 1389 1722 Caesarem
1410 1656 1489 1722 meis
1510 1657 1654 1724 consiliis

321 1749 422 1816 adhuc
442 1749 666 1836 gubernatum,
688 1751 850 1840 praeclara
871 1751 974 1838 ipsum
995 1751 1102 1818 indole
1124 1748 1363 1837 admirabilique
1380 1752 1566 1827 constantia,
1590 1753 1655 1817 ins-

320 1843 516 1931 probissimis
541 1847 654 1912 litteris
675 1844 801 1933 quidam
823 1844 1047 1933 fallacibusque
1067 1841 1292 1930 interpretibus
1321 1865 1358 1910 aa
1378 1846 1494 1912 nuntiis
1514 1846 1654 1931 impule-

286 1947 395 2004 rsruut
413 1939 447 2004 in
469 1960 557 2026 spem
585 1941 792 2006 certissimam
819 1940 1008 2006 consulatus.
1053 1938 1147 2017 Quod
1176 1938 1268 2004 simul
1297 1948 1390 2024 atquc
1412 1939 1513 2014 sensi,
1543 1960 1651 2025 neque

320 2050 381 2116 ego
402 2031 490 2098 illum
512 2033 671 2100 absentem
692 2034 804 2100 litteris
825 2055 958 2100 monere
978 2033 1098 2106 destiti,
1129 2053 1187 2098 uec
1208 2053 1356 2098 accusare
1378 2040 1558 2120 praesentes
1580 2032 1653 2098 eius

320 2127 528 2202 necessarios,
551 2129 607 2216 qui
629 2129 695 2194 eius
717 2128 880 2214 cupiditati
901 2127 1067 2212 suffragari
1088 2125 1289 2205 videbantur;
1317 2127 1429 2192 necin
1450 2135 1561 2192 senatu
1583 2147 1652 2192 sce-

319 2219 579 2288 leratissimorum
601 2223 806 2290 consiliorum
828 2223 930 2289 fontes
951 2222 1075 2308 aperire
1097 2220 1247 2287 dubitavi.
1290 2226 1354 2288 Nec
1373 2241 1453 2286 vero
1473 2221 1538 2286 ulla
1559 2221 1593 2286 in
1613 2242 1651 2286 re

320 2315 449 2380 memini
477 2327 531 2381 aut
557 2326 700 2383 senatum
729 2317 893 2383 meliorem
922 2327 977 2382 aul
998 2316 1212 2402 magistratus;
1245 2337 1405 2402 nunquam
1426 2315 1511 2384 enim
1539 2317 1571 2382 in
1594 2316 1652 2382 ho-

284 2426 400 2472 nonore
429 2409 685 2476 extraordinario
713 2412 849 2494 potentis
878 2409 1014 2477 hominis
1038 2410 1089 2475 vel
1114 2409 1325 2494 potentissimi
1344 2410 1449 2495 potius
1480 2445 1522 2458 -
1552 2431 1650 2497 quan·

321 2498 492 2586 doquidem
519 2503 658 2584 potentia
684 2503 746 2568 iam
774 2503 861 2568 invi
888 2504 990 2588 posita
1012 2513 1058 2568 est
1085 2512 1116 2568 et
1137 2505 1232 2569 armis
1260 2539 1300 2552 -
1330 2503 1458 2576 accidit,
1491 2513 1527 2570 ut
1554 2525 1650 2572 nemo

322 2592 466 2659 tribunus
489 2593 604 2679 plebis,
634 2618 728 2662 nemo
750 2597 811 2664 alio
833 2597 1032 2682 magistratu,
1064 2617 1157 2664 nemo
1178 2598 1319 2683 privatus
1340 2609 1452 2666 auctor
1473 2599 1650 2666 exsisteret.

323 2687 385 2754 Sed
406 2688 439 2754 in
453 2687 512 2753 hac
526 2691 698 2756 constantia
720 2701 813 2777 atque
827 2692 946 2757 virtute
965 2702 1034 2756 erat
1055 2700 1159 2757 tamen
1181 2691 1313 2758 sollicita
1329 2692 1448 2759 civitas.
1486 2694 1652 2762 llludimur

322 2781 422 2856 enim,
444 2786 557 2859 Brute,
580 2805 652 2850 cum
673 2785 809 2850 militum
832 2785 968 2861 deliciis,
991 2795 1058 2852 tum
1079 2785 1279 2872 imperatoris
1300 2786 1474 2852 insolentia.
1517 2793 1652 2856 Tantum

284 2875 455 2964 aquisque
477 2899 510 2943 se
532 2878 565 2943 in
586 2880 761 2965 republica
783 2901 877 2968 posse
899 2881 1051 2967 postulat,
1074 2890 1224 2967 quantum
1245 2879 1339 2946 hahet
1359 2881 1492 2958 virium;
1513 2903 1579 2948 non
1599 2903 1653 2950 ra·

321 2969 384 3044 tio,
412 2991 475 3036 non
497 2972 624 3051 modus,
645 2995 708 3039 non
731 2974 799 3049 lex,
827 2995 892 3040 uon
913 2995 997 3050 mos,
1019 2994 1083 3042 non
1105 2975 1243 3040 officium
1263 2976 1361 3048 valet,
1393 2997 1457 3042 nou
1478 2975 1650 3053 iudicium,

322 3083 386 3128 non
407 3064 596 3133 existimatio
618 3068 749 3141 civium,
771 3089 836 3134 uon
856 3069 1047 3154 posteritatis
1068 3068 1266 3134 verecundia.
1309 3073 1339 3140 l.
1360 3073 1446 3134 Haec
1468 3090 1528 3155 ego
1549 3071 1651 3138 multo

322 3169 393 3226 ante
421 3161 616 3246 prospiciens
645 3161 803 3247 fugiebam
826 3184 867 3228 ex
887 3162 974 3228 ltaha
995 3175 1078 3236 tum,
1107 3181 1178 3227 cum
1201 3183 1252 3226 me
1274 3171 1453 3228 vestrorum
1474 3163 1652 3230 edictorum

323 3252 404 3318 fama
419 3256 590 3321 revocavit.
625 3257 795 3323 Incitavisti
817 3278 895 3323 vero
916 3267 950 3322 tu
969 3278 1035 3332 me,
1058 3261 1172 3329 Brute,
1193 3255 1310 3322 Veliae.
1348 3258 1546 3343 Quamquam
1566 3263 1652 3324 euim

285 3361 313 3404 ³⁰
322 3345 466 3413 dolebam
489 3349 522 3415 in
544 3370 612 3415 eam
634 3371 686 3415 me
707 3350 819 3416 urbem
841 3351 905 3426 ire,
933 3372 1027 3437 quam
1049 3360 1084 3415 tu
1105 3348 1246 3434 fugeres,
1269 3349 1324 3435 qui
1346 3370 1413 3414 eam
1436 3349 1650 3428 liberavisses,

322 3440 409 3527 quod
428 3441 503 3507 mihi
533 3463 660 3530 quoque
690 3443 847 3530 quondam
875 3443 1046 3520 acciderat,
1077 3442 1220 3529 periculo
1249 3443 1361 3520 simili,
1391 3464 1467 3512 casn
1493 3446 1650 3522 tristiore;

321 3535 450 3620 perrexi
479 3545 584 3600 tamen
611 3542 804 3624 Romamque
833 3538 980 3624 perveni,
1011 3537 1161 3624 nulloque
1189 3537 1348 3624 praesidio
1377 3539 1531 3625 quatefeci
1555 3546 1652 3608 Anto·

322 3628 425 3703 nium,
448 3639 621 3716 contraque
644 3631 712 3696 eius
734 3653 821 3697 arma
842 3631 975 3697 nefanda
997 3631 1166 3718 praesidia,
1191 3652 1272 3717 quae
1287 3630 1391 3697 oblata
1411 3642 1484 3699 sunt
1498 3635 1650 3708 Caesaris,

322 3721 452 3787 consilio
481 3732 513 3786 et
540 3725 725 3790 auctoritate
748 3724 879 3791 firmavi.
925 3726 988 3803 Qui
1017 3728 1043 3790 si
1071 3725 1192 3791 steterit
1220 3726 1303 3792 idem
1331 3727 1471 3813 mihique
1492 3727 1650 3811 paruerit,

285 3829 313 3873 ss
322 3814 396 3879 satis
417 3814 563 3881 videmur
584 3816 722 3882 habituri
743 3819 901 3904 praesidii.
945 3820 1000 3884 Sin
1022 3829 1126 3884 eutem
1148 3818 1318 3905 impiorum
1348 3820 1476 3885 consilia
1505 3819 1576 3906 plus
1598 3841 1651 3884 va-

322 3907 438 3974 luerint
460 3931 554 3995 quam
576 3921 699 3987 nostra,
726 3923 780 3977 aut
800 3911 995 3977 imbecillitas
1017 3912 1126 3977 aetatis
1148 3932 1212 3976 non
1233 3914 1372 3998 potuerit
1392 3912 1578 3998 gravitatem
1600 3935 1651 3979 re-

322 4022 393 4067 rum
415 4002 588 4080 sustinere,
616 4027 687 4092 spes
709 4007 811 4072 omnis
833 4007 933 4074 estin
955 4015 996 4070 te.
1041 4004 1255 4084 Quamobrem
1278 4007 1403 4082 advola,
1427 4006 1577 4082 obsecro,
1605 4016 1651 4071 at·

322 4117 384 4182 quc
411 4118 481 4162 eam
506 4119 575 4165 rem
603 4101 775 4186 publicam,
804 4122 898 4188 quam
926 4099 1042 4166 virtute
1071 4110 1165 4187 atque
1192 4101 1288 4168 animi
1313 4099 1524 4187 magnitudine
1551 4103 1650 4184 magis

323 4210 417 4275 quam
438 4193 558 4258 eventis
577 4215 687 4260 rerum
710 4193 895 4270 liberavisti,
923 4194 1011 4260 exitu
1032 4193 1140 4260 libera.
1186 4195 1295 4261 Omnis
1316 4196 1457 4261 omnium
1478 4213 1650 4260 concursus

286 4300 313 4343 ro
323 4283 362 4348 ad
383 4293 414 4350 te
443 4285 569 4354 futurus
591 4297 647 4354 est.
691 4295 720 4355 5.
748 4294 884 4356 Hortare
911 4287 995 4354 idem
1025 4309 1086 4373 per
1113 4289 1232 4355 litteras
1254 4289 1405 4356 Cassium.
1449 4291 1527 4374 Spes
1554 4286 1650 4353 liber·

324 4379 393 4446 tatis
421 4402 576 4468 nusquam
604 4383 666 4449 uisi
691 4383 724 4448 in
745 4393 925 4450 vestrorum
948 4391 1123 4448 castrorum
1151 4383 1314 4471 principiis
1336 4393 1392 4448 est.
1434 4383 1558 4448 Firmos
1583 4402 1650 4448 om·

323 4471 399 4537 uino
421 4484 452 4540 et
468 4474 563 4541 duces
585 4475 735 4543 habemus
757 4478 795 4543 ab
818 4477 979 4545 occidente
994 4485 1026 4541 et
1039 4477 1208 4544 exercitus.
1242 4480 1312 4542 Boc
1333 4477 1539 4543 adolescentis
1560 4495 1651 4562 prae-

323 4565 436 4631 sidium
467 4569 613 4656 equidem
642 4571 744 4637 adhuc
771 4572 896 4639 firmum
924 4591 994 4636 esse
1015 4571 1154 4651 confido;
1186 4571 1242 4638 scd
1270 4572 1312 4636 ita
1333 4570 1423 4637 multi
1449 4568 1649 4644 labefactant,

674 4725 917 4734 *Ἣ

392 4806 420 4856 2.
438 4807 507 4858 Erat
522 4817 662 4872 praeterea
679 4813 709 4860 ia
728 4813 758 4861 B.
781 4839 810 4848 -
831 4813 856 4864 3.
877 4809 947 4876 cam]
967 4821 1024 4863 tam
1041 4813 1064 4862 l.
1086 4837 1116 4848 -
1136 4813 1163 4864 6.
1186 4817 1216 4862 at
1232 4814 1262 4861 ia
1281 4811 1407 4872 aduersis]
1426 4813 1467 4860 ito
1484 4813 1514 4862 ia
1532 4809 1650 4860 adversis

322 4876 356 4925 B.
385 4899 415 4912 -
453 4877 479 4927 7.
506 4881 625 4942 expulso.
653 4881 734 4932 Bruti
751 4883 846 4932 deinde
864 4884 930 4934 hili:
953 4883 1061 4944 eaprslso
1081 4897 1098 4932 a
1115 4883 1210 4933 Bruto.
1238 4881 1339 4932 Deinde
1357 4883 1402 4932 lli.
1439 4881 1495 4932 Cfr.
1515 4879 1649 4932 Tuustslli

324 4945 384 4995 Ois-
405 4960 431 5009 p.
451 4946 513 4997 232.
544 4975 570 4985 -
610 4952 636 5001 s.
664 4953 923 5010 praemissorum,
951 4955 1064 5002 inermos
1083 4953 1131 5004 Vh.
1162 4977 1192 4989 -
1228 4953 1271 5003 12.
1298 4960 1323 5002 et
1341 4954 1420 5003 etiam
1438 4953 1552 5002 mamma
1573 4951 1649 5001 1.-

323 5015 367 5064 24.
386 5013 455 5079 cam]
474 5022 531 5066 tam
548 5020 594 5070 at.
626 5048 652 5058 -
692 5023 735 5073 3⁰.
761 5020 851 5087 qaam]
870 5039 888 5073 a
906 5037 960 5087 qao
979 5024 1001 5073 l.
1032 5049 1061 5059 -
1099 5025 1142 5075 32.
1165 5025 1288 5086 perspexi
1307 5023 1338 5073 B.
1367 5046 1396 5063 ι·
1433 5023 1477 5074 33.
1504 5022 1650 5074 liberavisti

323 5084 387 5136 Bit:
407 5085 524 5136 liberasti
544 5089 588 5139 lli.
609 5117 640 5126 -
678 5093 721 5144 tt.
739 5091 892 5157 principiis]
910 5095 1052 5155 praesidiis
1072 5095 1101 5144 fl.
