3628 5876
586 426 1137 491 mmmmmmm
1443 403 1550 497 ma

183 583 361 671 legionibus
387 581 489 669 deque
510 583 594 668 agris
615 581 805 668 assignandis
825 582 867 650 ab
888 584 1031 672 utrisque
1052 589 1207 660 vestrum,
1235 584 1438 652 vehementer
1459 611 1508 653 aa·

183 678 314 746 sentior.
362 683 487 764 ltaque,
513 698 585 742 cum
617 677 744 764 quidam
776 677 815 742 de
844 678 972 763 collegis
1000 679 1114 746 nocuis
1136 678 1292 764 agrariam
1312 687 1507 747 curationem

184 774 383 860 ligurrirent,
407 772 580 838 disturbavi
593 793 669 837 rem
691 785 849 860 totamque
871 772 962 839 vobis
982 774 1135 860 integram
1156 780 1326 841 reservavi.
1369 776 1403 842 Si
1428 776 1505 862 quid

185 869 246 935 erit
265 869 418 938 occultius
439 878 485 941 et,
513 879 548 934 ut
569 868 694 942 scribis,
717 868 929 943 reconditum,
951 890 1094 936 meorum
1116 869 1252 957 aliquem
1272 871 1407 947 mittam,
1441 893 1505 959 quo

184 963 307 1030 fidelius
328 963 368 1029 ad
389 975 420 1030 te
440 965 561 1028 litterae
583 963 792 1048 perferantur.
834 962 939 1028 Pridie
960 968 1062 1030 Nonas
1084 963 1198 1030 lunias.
1515 987 1530 1024 ι

1264 1035 1305 1084 20

638 1124 739 1186 arn.
782 1123 831 1205 (A.
857 1127 889 1188 u.
912 1127 945 1188 c.
966 1123 1052 1206 ιιι.)

573 1237 614 1300 ιι.
637 1237 779 1300 alcano
802 1240 833 1301 s.
854 1240 891 1300 n.
913 1238 1114 1303 nanum.

272 1361 301 1422 l.
332 1359 408 1422 Cum
436 1353 538 1441 Appio
564 1353 693 1421 Claudio
721 1358 753 1421 C.
780 1359 814 1421 F.
842 1377 963 1422 summa
992 1357 1069 1422 mihi
1095 1357 1295 1426 necessitudo
1326 1372 1373 1427 est
1400 1361 1506 1427 multis
1590 1327 1618 1422 Ᾰ

184 1449 255 1516 eius
277 1449 387 1514 officiis
413 1454 444 1513 et
469 1453 548 1515 meis
574 1449 690 1515 mutuis
717 1450 894 1516 constituta.
951 1456 1026 1519 Peto
1048 1473 1067 1516 ιι
1091 1461 1122 1516 te
1144 1453 1298 1518 maiorem
1320 1454 1354 1520 ia
1375 1455 1503 1521 modum

184 1545 236 1611 vel
256 1542 456 1610 humanitatis
487 1550 560 1608 tuae
580 1544 630 1608 vel
652 1564 720 1608 mea
742 1565 853 1619 causa,
886 1553 922 1611 ut
943 1567 1015 1611 eum
1036 1547 1222 1613 auctoritate
1244 1557 1311 1621 tua,
1334 1569 1414 1634 quae
1437 1549 1506 1634 plu·
1519 1570 1544 1608 ιι

184 1638 302 1704 rimum
323 1637 421 1710 valet,
453 1645 671 1703 conservatum
698 1638 786 1703 velis.
839 1639 920 1705 Volo
948 1649 994 1717 te,
1024 1661 1094 1706 cum
1117 1641 1308 1707 fortissimus
1329 1641 1378 1707 vir
1400 1642 1506 1727 cogni·

185 1741 236 1798 tus
258 1733 314 1805 sis,
353 1731 447 1796 etiam
473 1731 749 1797 clementissimum
772 1733 955 1799 existimari.
1006 1739 1119 1820 llagno
1149 1733 1206 1800 tibi
1232 1736 1293 1800 erit
1319 1744 1505 1800 ornamento

184 1823 416 1890 nobilissimum
442 1825 670 1891 adolescentem
699 1825 852 1893 beneficio
883 1837 939 1894 tuo
966 1849 1035 1895 esse
1062 1829 1193 1897 salvum.
1250 1829 1346 1896 Cuius
1379 1829 1506 1915 quidem

185 1939 278 1984 causa
301 1918 361 1984 boc
382 1919 495 1984 melior
516 1916 609 1984 debet
630 1940 713 1994 esse,
749 1919 834 2007 quod
862 1921 976 2007 pictate
1006 1921 1157 1988 adductus
1184 1933 1314 2010 propter
1335 1924 1433 2009 patris
1454 1943 1507 1987 re-

185 2013 379 2080 stitutionem
409 2033 443 2078 sc
472 2033 543 2078 cum
572 2013 708 2079 Antonio
738 2014 910 2081 coniunxit.
967 2019 997 2080 2.
1034 2018 1141 2094 Quare
1171 2016 1229 2082 etsi
1257 2016 1361 2083 miuus
1397 2037 1505 2082 veram
1519 2038 1546 2078 n

185 2127 310 2172 causam
333 2105 479 2179 habebis,
515 2115 619 2172 tamen
649 2108 699 2172 vel
719 2105 916 2193 probabilem
938 2109 1076 2196 aliquam
1098 2109 1216 2196 poteris
1238 2109 1399 2177 iuducere.
1441 2115 1506 2176 Nu-

186 2207 236 2264 tus
250 2211 335 2298 puus
363 2209 466 2286 potest
493 2201 650 2266 hominem
673 2221 795 2267 summo
818 2201 889 2267 loco
909 2213 1031 2280 natum,
1066 2223 1188 2290 summo
1209 2203 1354 2288 ingenio,
1385 2226 1504 2296 summa
1612 2251 1623 2270 .

186 2293 320 2366 virtute,
343 2294 604 2360 officiosissimum
626 2303 789 2381 praeterea
810 2305 841 2360 et
861 2293 1091 2382 gratissimum,
1113 2289 1302 2362 incolumem
1324 2297 1357 2362 in
1379 2288 1502 2362 civitate

186 2387 335 2453 retinere.
392 2387 486 2465 Quod
507 2399 541 2453 ut
563 2388 672 2464 iacias,
704 2387 747 2453 itn
769 2409 787 2453 a
809 2401 839 2454 te
860 2400 948 2477 peto,
978 2399 1013 2456 ut
1033 2390 1155 2456 maiore
1177 2389 1281 2458 studio
1303 2391 1442 2477 magisve
1464 2413 1504 2456 ex

185 2480 292 2546 animo
312 2488 421 2567 petere
442 2502 505 2547 non
526 2483 655 2570 possim.
1517 2507 1545 2546 ιι

628 2626 744 2688 runi.
789 2621 838 2709 (a,
864 2629 897 2692 u.
920 2628 951 2691 o.
973 2625 1059 2710 ιιι.)

534 2705 558 2851 (
570 2740 608 2802 n.
629 2740 779 2804 annuus
801 2741 832 2804 ι.
855 2742 892 2804 n.
913 2742 955 2804 u.
978 2741 1172 2807 evcnnom.
1207 2710 1221 2835 l

273 2861 303 2922 1.
341 2860 405 2920 Nos
432 2854 484 2921 bic
512 2857 652 2922 valemus
672 2866 759 2922 recte
781 2866 828 2933 et,
868 2878 932 2945 quo
952 2859 1065 2924 melius
1086 2861 1264 2934 valeamus,
1301 2882 1430 2947 operam
1452 2861 1507 2926 da·

187 2948 302 3016 bimus.
355 2947 492 3034 Lepidus
523 2949 688 3016 commode
719 2950 811 3017 nobis
838 2952 953 3017 sentire
984 2951 1118 3018 videtur.
1177 2953 1270 3018 Omni
1303 2955 1417 3020 timore
1453 2952 1508 3018 de-

187 3044 292 3132 posito
319 3041 470 3108 debemus
499 3043 599 3109 libere
631 3044 678 3109 rei
706 3043 849 3130 publicae
881 3045 1056 3111 consulere.
1112 3045 1233 3123 Quodsi
1270 3047 1374 3112 omnia
1405 3055 1546 3112 essento

188 3137 303 3210 aliena,
327 3146 429 3201 tamen
449 3137 551 3203 tribus
568 3137 661 3203 tantis
680 3137 888 3214 exercitibus,
911 3139 1049 3226 propriis
1071 3139 1298 3225 reipublicae,
1321 3138 1507 3213 valentibus,

187 3256 336 3320 magnum
365 3234 504 3299 animum
533 3231 651 3296 babere
683 3230 835 3306 debebas,
871 3253 966 3320 quem
995 3243 1027 3298 et
1056 3255 1181 3320 semper
1204 3232 1339 3299 habuisti
1374 3243 1406 3299 et
1426 3255 1509 3300 nunc

188 3330 314 3396 lortuna
336 3327 502 3393 adiuvante
524 3346 639 3410 augere
661 3333 761 3412 potes.
815 3329 845 3391 2.
869 3329 958 3404 Quae
985 3326 1042 3392 tihi
1064 3327 1282 3414 superioribus
1305 3328 1417 3394 litteris
1438 3349 1509 3392 mea

188 3445 284 3489 manu
318 3420 444 3508 scripsi,
476 3417 615 3485 terrendi
643 3419 688 3484 tui
718 3440 811 3485 causa
839 3420 982 3486 homiues
1010 3421 1192 3507 loquuntur.
1237 3421 1269 3486 si
1295 3421 1419 3487 irermm
1441 3442 1506 3487 mo

188 3515 362 3590 morderis,
383 3515 529 3601 peream,
552 3514 630 3579 site
652 3533 781 3587 omnes,
810 3523 888 3600 quot
909 3523 996 3590 sunt,
1020 3523 1182 3581 conantem
1205 3515 1291 3601 loqui
1315 3516 1398 3581 serre
1420 3523 1546 3601 pote-³⁰

188 3619 272 3678 ιιιιιῑ.
315 3615 399 3695 Ego,
436 3606 493 3674 tibi
521 3618 557 3673 ut
582 3617 673 3674 antea
704 3607 834 3694 scripsi,
865 3609 941 3675 dum
961 3609 1040 3676 mibi
1061 3631 1080 3674 a
1100 3620 1132 3675 te
1153 3611 1275 3676 litterae
1297 3609 1440 3686 veniant,
1477 3607 1509 3674 in

189 3705 276 3772 ltalia
299 3703 459 3770 morabor.
502 3703 761 3779 111.llal.lun.,
783 3703 950 3790 Eporedia.

472 3929 479 3947 q
636 3842 1059 3930 ammnwm

399 3960 441 4022 u.
464 3958 607 4023 munao
630 3959 662 4022 s.
683 3962 721 4022 n.
742 3962 780 4021 n.
802 3958 933 4024 nnuro
955 3961 1034 4023 mv.
1057 3959 1142 4024 cos.
1164 3961 1293 4024 nnsro.

279 4083 308 4144 l.
337 4080 439 4142 Narro
460 4075 532 4142 tibi:
555 4086 646 4142 antea
667 4076 885 4143 subirascebar
905 4075 1049 4143 brevitati
1070 4086 1195 4143 tuarum
1215 4078 1407 4156 litterarum,
1429 4097 1548 4143 nuncu

192 4174 267 4240 mibi
294 4173 412 4259 loquax
443 4191 512 4236 esse
539 4170 668 4249 vidcor;
701 4180 731 4238 te
752 4173 849 4257 igitur
869 4170 1027 4237 imitabor.
1076 4174 1178 4249 Quam
1200 4172 1296 4238 multa
1318 4191 1411 4257 quam
1433 4191 1511 4256 pau-

192 4269 251 4334 cist
283 4271 327 4331 Te
359 4273 445 4331 recte
478 4264 584 4329 valere
613 4286 806 4352 operamque
836 4265 933 4337 dare,
968 4273 1004 4331 ut
1029 4266 1169 4352 quotidie
1192 4266 1320 4343 melius3
1356 4263 1509 4350 Lepidum

193 4357 357 4428 commode
379 4357 511 4436 sentire;
534 4356 635 4424 tribus
656 4359 848 4426 exercitibus
869 4359 993 4446 quidvis
1014 4381 1073 4425 nos
1094 4369 1243 4445 oportere
1265 4358 1432 4424 confidere.
1477 4357 1510 4421 Si
1645 4423 1648 4430 ,

192 4454 319 4522 timidus
341 4471 460 4527 essem,
483 4461 586 4517 tamen
606 4451 666 4518 ista
688 4453 819 4539 epistola
839 4461 882 4518 mt
903 4473 1029 4519 omnem
1050 4461 1168 4518 metum
1185 4451 1394 4518 abstersisses.
1438 4449 1509 4524 Sed,

192 4559 227 4616 ut
247 4567 374 4622 mones,
396 4544 519 4610 lrenum
541 4545 713 4623 momordi;
736 4547 850 4612 etenim
866 4551 920 4634 qui
942 4555 972 4613 te
993 4547 1115 4612 incluso
1136 4567 1261 4612 omnem
1283 4564 1371 4631 spem
1393 4543 1549 4608 habuc-tv

193 4644 251 4710 rim
274 4643 307 4708 in
329 4651 374 4715 te,
397 4638 473 4726 quid
493 4659 576 4704 nunc
596 4645 708 4725 putasl
736 4640 836 4727 Cupio
857 4640 919 4705 iam
941 4640 1077 4726 vigiliam
1099 4661 1211 4714 meam,
1233 4645 1347 4716 Brute,
1369 4636 1426 4703 tibi
1448 4646 1511 4702 tra·

194 4736 287 4808 dere,
317 4733 373 4798 sed
393 4732 449 4808 ita,
471 4741 566 4798 utne
587 4731 687 4798 desim
708 4737 898 4798 constantiae
924 4755 1025 4799 meae.
1068 4737 1099 4798 2.
1122 4732 1216 4811 Quod
1237 4731 1350 4798 scribis
1371 4731 1402 4796 in
1423 4731 1511 4796 ltalia

262 4941 384 4994 &nobis
403 4941 439 4990 Μ.
467 4965 501 4976 -·
537 4943 564 4992 5.
584 4940 738 4991 1ιιιιίιιιΜι
758 4942 828 4990 luenti
846 4943 875 4992 E.
910 4966 939 4978 -
978 4942 1137 4998 illaturum
1152 4940 1295 5003 potatu.
1316 4963 1345 4974 -
1382 4939 1425 4989 24.
1445 4951 1512 4988 cans·

195 5015 268 5066 mode
289 5013 365 5062 nobis
391 5011 452 5061 Vb:
479 5012 609 5062 cmnmode
635 5012 666 5062 de
690 5011 764 5062 nobis
786 5011 845 5060 ΜΕ.
881 5013 934 5063 Sed
961 5011 996 5062 cl.
1021 5013 1070 5075 Ep.
1096 5011 1138 5062 at.
1157 5007 1186 5073 ὃ.
1207 5011 1233 5062 l.
1257 5033 1285 5046 -
1321 5009 1365 5060 30.
1385 5015 1512 5074 quotquot

195 5093 255 5135 ιιιιιι
272 5079 431 5134 Cratander.
452 5107 481 5122 -·
519 5083 636 5156 poterint
655 5081 692 5134 ld.
714 5105 744 5118 -
775 5082 825 5156 ⁵39.
844 5083 881 5133 mi
900 5082 947 5136 ill:
966 5083 1030 5134 mtbt
1047 5083 1079 5136 ll.
