3628 5876
618 439 691 504 ΗΒ.
713 439 753 502 X.
795 439 854 502 ΕΡ.
879 439 927 504 ld.
951 439 1001 502 ld.
1025 439 1074 503 15.
1464 443 1525 506 1¹13

200 593 289 660 beas.
346 597 397 660 lle
418 601 491 660 tuae
516 591 675 678 dignitatis
701 616 764 662 non
786 593 881 661 modo
903 593 1057 660 fautorem
1080 593 1251 660 sedebam
1270 596 1525 684 amplificatorem

201 703 385 772 cognosces.
433 685 469 752 ld
494 707 567 752 cum
594 687 642 753 rei
667 685 825 774 publicae,
862 711 944 778 quae
968 689 1046 755 mibi
1064 689 1126 756 vita
1142 700 1189 755 est
1214 711 1284 756 mea
1308 691 1428 766 carior,
1447 701 1524 756 .tum

202 789 329 846 nostrae
349 779 572 846 necessitudini
601 779 717 847 debere
739 804 790 848 me
812 783 930 850 iudico.
971 787 1074 870 Atque
1102 783 1134 848 in
1156 783 1205 848 his
1224 784 1324 860 curis,
1352 805 1430 871 quas
1451 805 1526 850 cou-

201 873 258 940 tuli
280 874 322 940 ad
347 873 528 959 dignitatem
549 883 655 948 tuam,
675 875 745 963 cepi
764 897 907 962 magnam
927 876 1132 963 voluptatem,
1161 877 1247 964 quod
1268 876 1349 942 bene
1368 875 1524 960 cognitam

200 966 278 1032 mibi
307 974 342 1034 Τ.
366 968 497 1034 Munatii
526 969 734 1055 prudentiam
765 979 796 1036 et
819 970 913 1038 fidem
934 971 1034 1056 magia
1055 971 1147 1038 etiarn
1172 971 1320 1058 perspexi
1340 970 1371 1034 iu
1390 969 1459 1036 eiua
1478 969 1547 1036 ἐπι-ο

199 1059 344 1128 credibili
364 1082 440 1148 erga
460 1071 491 1128 te
512 1061 728 1130 benevolentia
761 1075 794 1130 et
814 1063 984 1150 diligentia.
1026 1085 1079 1131 111.
1100 1064 1174 1130 ldus
1194 1063 1325 1151 Apriles.

665 1229 1062 1316 mamucum

699 1347 1027 1412 mmmmmo

300 1469 330 1529 1.
352 1467 390 1530 Ut
409 1462 546 1550 primum
562 1473 700 1550 potestas
720 1464 790 1531 data
812 1475 859 1531 est
875 1465 1035 1552 augendae
1054 1464 1210 1551 dignitatis
1228 1474 1315 1540 tuae,
1336 1463 1414 1530 nibil
1434 1485 1526 1551 prae-

198 1559 320 1627 termisi
346 1557 378 1622 in
404 1566 434 1622 tc
464 1557 621 1634 ornando,
662 1557 748 1645 quod
770 1561 905 1646 positum
929 1569 1011 1626 esset
1034 1572 1088 1627 aut
1105 1561 1138 1624 in
1155 1560 1297 1646 praemio
1322 1559 1445 1624 rimatis
1471 1567 1525 1623 aut
1535 1580 1561 1618 n

199 1655 230 1718 in
252 1653 374 1720 bonore
400 1648 580 1717 verborum.
634 1650 669 1717 ld
695 1673 736 1717 ex
759 1653 828 1740 ipso
852 1667 977 1720 senatus
1001 1653 1145 1720 consulto
1166 1653 1286 1740 poteris
1313 1670 1521 1736 cognoscere3

198 1749 240 1814 ita
262 1747 346 1812 enim
367 1754 416 1812 est
438 1752 663 1832 perscriptum,
696 1756 730 1813 ut
748 1767 766 1811 a
790 1769 840 1812 me
861 1748 900 1814 do
921 1753 1038 1835 scripto
1060 1747 1141 1814 dicta
1163 1745 1314 1812 sententia
1339 1754 1406 1820 est,
1429 1765 1523 1832 quam

199 1851 327 1908 senatus
350 1840 498 1928 frequens
520 1852 645 1908 secutus
667 1852 714 1908 est
736 1863 859 1908 summo
876 1841 980 1907 studio
1002 1860 1179 1927 magnoque
1197 1859 1361 1904 consensu.
1403 1843 1433 1904 2.
1456 1842 1523 1923 Ego

198 1955 387 2022 quamquam
411 1955 451 2001 ex
478 1936 539 2001 tuis
558 1935 686 2011 litteris,
709 1936 881 2024 quas-mibi
907 1935 1037 2008 misisti,
1060 1953 1283 2022 perspexeram
1305 1943 1336 1998 te
1356 1933 1454 2018 magis
1475 1933 1524 1998 iu·

198 2029 283 2094 dicio
307 2028 463 2094 bonorum
486 2050 579 2115 quam
607 2029 782 2114 insignibus
811 2029 930 2116 gloriae
949 2028 1115 2104 delectari,
1137 2038 1241 2094 tamen
1262 2025 1521 2092 considerandum
1535 2048 1560 2088 ia

199 2121 291 2187 nobis
315 2121 506 2197 existimavi,
546 2123 666 2189 etiamsi
689 2132 723 2190 tu
749 2123 824 2189 nibil
848 2123 1036 2210 postulares,
1059 2119 1284 2209 quantumtibi
1306 2119 1521 2206 erepublica

198 2215 381 2281 deberetur.
433 2221 480 2282 lu
500 2228 649 2283 contexes
671 2228 811 2282 extrema
833 2237 904 2282 cum
926 2219 1045 2304 primis.
1096 2216 1159 2294 Qui
1182 2216 1264 2280 enim
1286 2219 1327 2280 M.
1353 2213 1521 2278 Antonium

201 2308 410 2395 oppresserit,
444 2309 471 2374 is
503 2309 619 2376 bellum
648 2311 826 2377 condecerit.
877 2316 985 2399 ltaque
1022 2316 1178 2377 Homerus
1211 2331 1273 2375 non
1308 2308 1435 2374 Aiacem
1464 2329 1522 2373 nec

198 2402 351 2467 Achillem
384 2402 439 2468 sed
462 2403 582 2470 Ulixem
605 2405 771 2492 appellavit
792 2413 1020 2494 πτολίπορθον.
1065 2406 1149 2473 Vale.

665 2573 1057 2658 namucum
1531 2584 1560 2629 a

681 2688 1053 2753 cmmmmms

286 2811 315 2873 1.
338 2809 364 2874 0
387 2815 506 2894 gratam
526 2806 639 2872 lamam
662 2805 759 2872 biduo
785 2818 856 2873 ante
876 2807 1040 2873 victoriam
1066 2807 1106 2873 de
1127 2805 1267 2872 subsidio
1290 2816 1361 2880 tuo,
1399 2805 1438 2871 de
1456 2814 1521 2872 stu-

200 2900 274 2975 dio,
312 2900 351 2966 de
373 2899 551 2976 celeritate,
589 2899 628 2966 de
659 2901 772 2982 copiisl
816 2907 917 2989 Atque
938 2901 1031 2966 etiam
1057 2900 1198 2966 hostibus
1219 2901 1297 2966 lusis
1322 2920 1393 2984 spes
1419 2899 1520 2965 omnis

200 2995 302 3060 estin
329 3003 370 3060 te.
423 2993 554 3079 Fugisse
576 2993 659 3058 enim
684 3016 724 3059 ex
746 2994 870 3080 proelio
892 2993 1059 3061 Mutinensi
1079 2993 1225 3059 dicuutur
1246 2993 1401 3059 notissimi
1426 2993 1521 3058 latro-
1616 3063 1622 3076 ,

201 3111 276 3154 num
296 3087 402 3153 duces.
456 3093 510 3152 Est
534 3097 719 3154 autemnon
739 3087 843 3152 miuus
865 3097 986 3173 gratum
1007 3096 1147 3152 extrema
1169 3087 1275 3153 delere
1304 3107 1397 3172 quam
1419 3087 1559 3172 primata

201 3180 370 3267 depellere.
412 3185 443 3247 2.
464 3181 616 3269 Equidem
638 3179 858 3267 exspectabam
879 3181 941 3246 iam
962 3190 1030 3246 tuas
1052 3182 1169 3246 litteras
1188 3179 1283 3268 idque
1305 3202 1376 3244 cum
1398 3177 1521 3260 multis3

201 3275 430 3362 sperabamque
452 3276 544 3342 etiam
564 3275 715 3362 Lepidum
742 3273 954 3361 reipublicae
979 3273 1173 3361 temporibus
1194 3274 1386 3340 admonitum
1417 3283 1521 3340 tecum

201 3379 326 3436 etcum
356 3392 391 3435 re
414 3369 539 3455 publica
559 3390 627 3435 esse
659 3367 823 3434 facturum.
877 3375 912 3435 ln
941 3369 1024 3435 illam
1050 3368 1146 3454 igitur
1170 3389 1277 3434 curam
1294 3365 1456 3440 incumbe,
1479 3366 1522 3430 mi

201 3463 330 3537 Plance,
367 3473 402 3530 ut
424 3485 462 3528 ne
485 3484 565 3551 quae
587 3463 717 3528 scintilla
745 3462 899 3528 teterrimi
933 3461 1007 3528 belli
1031 3463 1236 3550 relinquatur.
1289 3459 1382 3540 Quod
1413 3459 1439 3524 si
1461 3459 1522 3524 erit

203 3557 334 3632 lactum,
371 3565 401 3622 et
433 3579 500 3622 rem
539 3554 695 3644 publicam
723 3556 829 3623 divino
858 3556 1011 3623 beneficio
1040 3555 1182 3624 affeceris
1210 3566 1242 3621 ct
1269 3561 1336 3644 ipse
1363 3562 1558 3622 aetemamso

200 3651 334 3736 gloriam
356 3672 559 3740 consequere.
600 3655 639 3717 D.
662 3671 715 3717 111.
736 3656 814 3717 Non.
836 3651 908 3718 Mai.

674 3808 1105 3915 ramosum,

663 3926 1106 3991 mmmcmmm·

289 4044 396 4110 1.}1is
428 4042 540 4110 litteris
571 4043 711 4132 scriptis,
748 4067 828 4132 quae
861 4057 971 4133 postea
1006 4044 1192 4112 accidissent
1227 4043 1308 4112 scire
1337 4054 1368 4111 ta
1390 4045 1430 4111 ad
1452 4066 1522 4110 rem

201 4138 359 4226 publicam
395 4139 502 4226 putavi
534 4139 703 4225 pertinere.
757 4138 913 4206 Sedulitas
935 4161 1023 4216 mea,
1059 4147 1094 4206 ut
1112 4160 1226 4226 spero,
1260 4149 1291 4205 et
1316 4138 1394 4204 mibi
1419 4147 1451 4203 et
1474 4137 1561 4203 roias

203 4233 345 4320 publicae
377 4233 448 4300 tulit
472 4231 619 4298 fructum.
672 4237 811 4320 Namque
833 4232 965 4299 assiduis
986 4232 1185 4299 internuntiis
1214 4254 1284 4299 cum
1309 4233 1429 4321 Lepido
1451 4231 1522 4316 egi,

202 4336 254 4401 ut,
276 4326 393 4392 omissa
421 4327 507 4392 omni
530 4326 729 4392 contentione
749 4327 1011 4414 reconciliataque
1035 4326 1194 4394 voluntate
1216 4337 1343 4402 nostra,
1365 4324 1523 4392 communi

201 4419 333 4486 oonsilio
362 4419 410 4485 rei
445 4417 589 4506 publicae
616 4430 829 4498 succurreret3
865 4442 917 4496 se,
950 4420 1069 4486 liberos
1098 4418 1274 4507 urbemque
1301 4420 1401 4508 pluris
1431 4439 1524 4506 quam

202 4534 300 4578 ununa
320 4512 479 4599 perditum
497 4512 715 4602 abiectumque
735 4515 889 4581 latronem
911 4525 1049 4603 putaret;
1082 4515 1300 4602 obsequioque
1324 4533 1411 4587 meo,
1433 4510 1461 4578 si
1482 4511 1525 4578 ita

1466 4653 1522 4664 ...-

271 4733 298 4784 9.
316 4733 431 4794 primam
447 4731 512 4782 mibi
528 4739 645 4794 potastca
662 4733 747 4784 Godd.
766 4734 880 4798 altquot.
900 4735 949 4785 Vb.
963 4757 992 4770 -·
1013 4735 1055 4785 10.
1075 4741 1112 4784 eat
1130 4733 1167 4785 11.
1195 4757 1224 4770 -
1246 4733 1289 4783 15.
1308 4732 1524 4782 considerandum

202 4801 278 4852 noble
295 4803 344 4854 ld:
364 4803 580 4853 considerandum
597 4803 627 4853 11.
649 4829 677 4841 -
716 4805 761 4854 aa.
790 4804 889 4854 Utinam
907 4805 953 4856 M:
984 4805 1096 4870 Uipstani
1115 4803 1146 4854 a.
1174 4826 1205 4839 -·
1240 4803 1415 4865 plotiporttoo
1433 4803 1470 4852 Μ.
1493 4825 1523 4838 ·-

204 4873 247 4922 23.
269 4873 348 4935 Atqui
366 4873 415 4922 Vb.
437 4894 468 4908 -
504 4872 1013 4926 21.ω11ο1σ11;1ο1οα111.-
1050 4874 1260 4936 somersetam
1279 4873 1316 4922 111.
1339 4897 1367 4908 -
1405 4872 1449 4922 27.
1468 4885 1523 4934 rep.

204 4943 360 5004 temporibio
386 4943 422 4994 11.
444 4965 475 4978 -
511 4949 594 4994 tecum
621 4951 646 4994 at
672 4957 730 4994 cum
753 4957 781 4996 ra
797 4959 826 5008 p.
850 4957 902 4996 ma
923 4946 1057 5009 factunm
1080 4944 1213 4996 Oraltluaa
1246 4950 1326 4992 tactam
1344 4951 1367 4992 et
1386 4943 1454 5004 reip.
1473 4953 1525 4992 arsa

204 5013 334 5076 {moram
352 5012 399 5070 11,
433 5019 516 5062 amm
533 5015 572 5064 rat
595 5013 715 5076 publicus
744 5017 810 5066 autb
838 5028 891 5067 aisa
914 5017 1047 5078 {aetenam
1073 5015 1104 5065 11.
1136 5037 1167 5052 -
1213 5013 1258 5064 19.
1285 5027 1317 5062 aa
1335 5025 1401 5077 quea
1420 5027 1460 5076 pr.
1479 5011 1522 5062 M:

204 5095 372 5147 aeqaecorr.
391 5082 558 5148 mmm
577 5083 607 5133 11.
1214 5102 1218 5110 ’
