3680 5944
339 406 402 467 000
839 400 899 464 ΕΡ.
919 401 972 464 ΑΙ)
995 399 1169 465 ATTICUM

339 565 476 650 tiamqne
507 567 645 624 nostram
674 556 824 624 testificor
844 579 895 623 me
916 557 974 622 tibi
995 556 1190 645 praedixisse
1211 576 1315 644 neque
1336 566 1460 622 temere
1492 557 1723 630 monuisse,

338 657 408 732 sed,
444 663 609 742 postquam
632 656 794 719 Caesarem
824 653 1024 718 convenerim
1045 649 1292 737 sententiamque
1314 651 1396 727 eius,
1429 653 1569 740 qualis
1597 652 1721 718 sutura

338 758 420 816 esset
440 757 528 835 parta
550 747 701 822 victoria,
724 746 903 833 cognorim,
927 756 958 812 te
980 745 1148 811 certiorem
1169 744 1291 811 iecisse.
1347 747 1380 812 Si
1403 747 1610 811 existimas
1639 767 1722 809 ean-

337 844 408 909 dem
438 844 592 909 rationem
625 841 695 907 lore
726 841 851 908 Caesari
879 841 911 905 iu
941 839 1131 905 dimittendis
1153 840 1342 906 adversariis
1369 850 1400 905 et
1421 839 1716 906 condicionibus

315 937 488 1013 tierendis,
514 957 612 1002 erras.
669 935 749 1000 Nihil
777 935 836 1001 nisi
866 944 958 1000 atrox
987 943 1018 998 et
1039 955 1167 1000 saevum
1189 934 1305 1022 cogitat
1326 945 1418 1024 atque
1440 937 1566 1001 etiam
1596 935 1717 1020 loqui-

338 1044 399 1100 tur.
442 1036 543 1097 Iratus
573 1029 691 1095 senatui
714 1029 808 1107 exiit3
842 1028 892 1094 bis
913 1029 1191 1095 intercessionibus
1212 1030 1304 1116 plane
1324 1031 1472 1096 incitatus
1503 1041 1579 1096 est.
1636 1034 1712 1094 Non

332 1126 517 1193 mehercule
540 1125 599 1190 erit
620 1123 832 1210 deprecationi
855 1124 954 1192 locus.
998 1119 1172 1210 bsouare,
1195 1124 1221 1188 si
1243 1123 1299 1190 tibi
1322 1133 1374 1201 tu,
1397 1131 1422 1190 si
1440 1125 1546 1190 filius
1566 1123 1710 1194 unicus,

159 1205 174 1232 χ
223 1297 236 1314 .
339 1223 365 1287 si
387 1221 514 1294 domus,
537 1220 563 1286 si
585 1241 656 1306 spes
678 1230 749 1285 tuae
770 1220 910 1305 reliquae
933 1215 988 1282 tibi
1011 1239 1101 1310 carae
1123 1213 1217 1297 sunti
1241 1219 1267 1284 si
1289 1219 1406 1307 aliquid
1427 1218 1526 1306 apud
1559 1229 1597 1284 te
1623 1236 1704 1287 uos,

279 1371 285 1380 .
339 1317 366 1382 si
387 1315 437 1381 vir
458 1314 609 1400 optimus,
632 1335 730 1399 gener
750 1325 837 1387 tuus,
860 1313 1013 1387 valemus,
1037 1305 1171 1399 quorum
1193 1300 1349 1379 l‘ortuuam
1372 1334 1436 1379 non
1457 1312 1584 1378 debes
1615 1311 1705 1375 velle

210 1399 230 1475 e
318 1407 546 1482 tconturbare,
581 1417 616 1473 ut
638 1413 706 1473 eain
729 1428 867 1480 oausam,
904 1407 936 1471 in
958 1405 1047 1470 cuius
1069 1406 1198 1472 victoria
1222 1409 1303 1472 salus
1325 1420 1431 1473 nostra
1453 1418 1532 1482 est,
1581 1403 1700 1470 odisse

339 1513 393 1569 ant
425 1502 604 1589 relinquere
632 1523 782 1588 cogamur
807 1510 861 1567 aut
888 1500 1014 1585 impiam
1045 1500 1244 1586 cupiditatem
1274 1512 1383 1568 contra
1412 1504 1566 1569 salutem
1604 1513 1700 1567 tuam

339 1596 519 1662 habeamus.
575 1597 717 1682 Denique
743 1594 820 1662 illud
850 1594 967 1678 cogita,
1004 1594 1089 1681 quod
1117 1594 1254 1661 olionsae
1283 1596 1431 1662 fueritin
1452 1597 1521 1662 ista
1552 1605 1695 1662 cuncta-

339 1691 442 1764 tione,
476 1700 506 1754 te
528 1689 659 1756 subisse.
712 1695 800 1756 Nunc
821 1699 852 1756 tc
873 1697 980 1754 contra
1003 1689 1154 1754 victorem
1177 1689 1293 1765 lacere,
1321 1711 1413 1778 quem
1437 1690 1559 1757 dubiis
1585 1689 1694 1755 rebus

340 1783 464 1849 laedere
486 1785 629 1860 noluisti,
659 1794 691 1850 et
711 1786 752 1851 ad
773 1807 829 1852 eos
849 1784 972 1868 fugatos
994 1782 1159 1860 accedere,
1190 1807 1269 1872 qnos
1289 1785 1469 1852 resistentes
1492 1785 1607 1872 sequi
1631 1803 1690 1848 uo·

306 1879 454 1950 raineris.
477 1900 617 1944 summae
638 1879 785 1945 stultitiae
808 1887 864 1944 est.
906 1876 1005 1958 Vide,
1037 1899 1093 1952 ne,
1127 1878 1201 1944 dum
1222 1879 1318 1966 pudet
1339 1891 1370 1946 te
1391 1899 1508 1967 parum
1537 1879 1691 1964 optima-

341 1983 401 2038 tem
431 1995 516 2048 esse,
553 1995 664 2060 parum
693 1973 876 2060 diligenter,
914 1971 989 2058 quid
1016 1977 1168 2058 optimum
1197 1975 1258 2050 sit,
1292 1976 1397 2062 eligas.
1445 1977 1475 2038 0.
1515 1971 1629 2050 Quod
1658 1969 1688 2036 si
1789 1986 1793 2021 ³

340 2077 438 2134 totum
469 2067 524 2134 tibi
556 2067 747 2154 persuadere
774 2089 838 2133 non
867 2087 1010 2154 possum,
1046 2068 1175 2144 saltem,
1212 2068 1301 2144 dnm,
1339 2068 1413 2157 qnid
1439 2067 1478 2133 de
1501 2067 1685 2156 Hispaniis

339 2182 481 2246 agamus,
515 2163 628 2236 scitur,
667 2171 829 2248 exspecta;
866 2183 942 2248 quas
970 2161 1025 2226 tibi
1052 2163 1162 2228 nuntio
1188 2161 1323 2228 adventu
1345 2163 1485 2229 Caesaris
1508 2162 1595 2229 sore
1622 2181 1681 2226 no·
1789 2148 1795 2255 i

340 2265 429 2321 siras.
474 2258 575 2332 Quam
597 2256 650 2321 isti
671 2277 759 2342 spem
780 2254 913 2322 babeant
934 2256 1055 2322 amissis
1076 2257 1246 2343 Hispaniis,
1277 2257 1393 2323 nescio.
1444 2257 1545 2334 Quod
1572 2274 1680 2342 porro
1792 2262 1796 2271 '

303 2362 428 2415 ²⁰tnum
461 2349 626 2415 consilium
660 2350 700 2414 sit
726 2349 766 2415 ad
797 2349 978 2436 desperatos
1000 2349 1165 2426 accedere,
1202 2371 1265 2416 non
1287 2351 1500 2417 mediusfidius
1524 2349 1676 2438 reperio.

339 2447 370 2508 d.
401 2446 489 2518 Hoc,
526 2443 613 2529 quod
642 2453 674 2510 tu
702 2466 766 2510 non
793 2443 926 2510 dicendo
954 2444 1030 2509 mibi
1056 2443 1255 2530 significasti,
1292 2450 1407 2512 Caesar
1428 2446 1601 2524 andierat;
1641 2463 1677 2508 ac

341 2536 432 2601 simul
461 2545 554 2623 atque
582 2541 669 2604 Ilave
699 2538 775 2604 mihi
804 2539 899 2615 dixit,
932 2539 1056 2616 statim,
1093 2537 1169 2626 quid
1198 2539 1236 2604 de
1258 2549 1288 2605 te
1309 2540 1465 2616 audisset,
1502 2538 1672 2629 exposuit

340 2631 456 2717 Negavi
477 2653 528 2697 me
550 2633 644 2712 scire;
679 2644 780 2700 tamen
802 2633 841 2700 ab
864 2655 903 2699 eo
925 2633 1041 2720 petivi,
1063 2643 1099 2698 nt
1120 2634 1157 2699 ad
1180 2645 1210 2699 ts
1231 2633 1348 2700 litteras
1369 2636 1522 2708 mitteret,
1549 2633 1673 2722 quibus

340 2725 477 2791 maxime
503 2725 543 2791 ad
570 2727 796 2794 remanendum
823 2729 1014 2795 commoveri
1043 2749 1162 2816 posses.
1218 2735 1268 2796 Me
1290 2751 1397 2794 secum
1425 2728 1458 2794 in
1479 2728 1670 2815 Hispaniam
1789 2743 1791 2761 ³

304 2819 436 2886 seducit.
487 2823 581 2898 Nam,
614 2821 673 2886 nisi
696 2821 737 2888 ita
760 2821 892 2898 laceret,
926 2845 985 2909 ego
1006 2826 1112 2910 prius,
1148 2845 1241 2911 quarn
1264 2823 1301 2889 ad
1328 2823 1438 2890 urbem
1461 2825 1668 2894 accederem,
1788 2763 1793 2862 l

340 2912 520 3000 ubicunque
548 2935 651 2989 esses,
682 2915 720 2981 ad
743 2926 773 2981 te
794 2918 1060 3003 percucurrissem
1082 2929 1113 2984 et
1134 2919 1195 2984 boc
1222 2941 1240 2984 a
1262 2928 1292 2984 te
1313 2939 1462 3004 praesens
1484 2916 1669 2984 contendis·

341 3029 408 3074 sem
434 3018 528 3096 atque
557 3011 642 3076 omni
671 3009 701 3075 vi
732 3021 763 3077 te
785 3011 993 3078 retinuissem.
1037 3018 1066 3078 5.
1089 3013 1188 3079 Etiam
1210 3022 1303 3101 atquo
1325 3013 1434 3088 etiam,
1458 3015 1590 3085 Cicero,
1614 3029 1666 3074 co·
1788 3014 1789 3018 ’

341 3103 420 3190 gita,
443 3126 482 3169 ne
504 3114 535 3170 te
557 3113 689 3190 tuosque
711 3125 820 3172 omnes
841 3104 981 3172 funditus
1003 3115 1140 3181 evertas,
1162 3129 1201 3171 ne
1223 3117 1254 3171 te
1276 3107 1376 3172 sciens
1397 3106 1604 3193 prudensque
1627 3123 1665 3168 co

342 3197 504 3277 demittas,
537 3199 620 3264 unde
648 3200 766 3266 exitum
798 3199 885 3265 vides
906 3199 1025 3266 nullum
1052 3221 1129 3265 esse.
1185 3199 1306 3277 Quodsi
1336 3210 1367 3264 te
1389 3209 1441 3265 aut
1463 3220 1560 3265 voces
1583 3196 1663 3282 opti·

306 3315 333 3353 so
342 3293 471 3358 matium
500 3303 699 3359 commovent
730 3303 784 3360 aut
810 3293 1032 3359 nonnullorum
1061 3293 1221 3359 bominum
1250 3293 1445 3359 insolentiam
1468 3303 1499 3358 et
1520 3291 1663 3358 iactatio·
1785 3289 1789 3360 l

342 3407 414 3450 nean
435 3386 520 3451 ferre
543 3409 606 3452 non
627 3397 733 3473 potes,
756 3387 876 3473 eligas,
899 3408 1026 3460 censeo,
1053 3386 1180 3474 aliquod
1202 3386 1352 3473 oppidum
1373 3408 1505 3454 vacuum
1527 3407 1545 3452 a
1567 3384 1660 3456 bello,
1787 3396 1790 3467 l

343 3479 416 3546 dum
439 3480 516 3547 baec
538 3481 763 3556 decernuntur,
800 3501 880 3567 quae
901 3481 963 3546 iam
986 3488 1077 3546 erunt
1099 3481 1248 3547 coniecta.
1292 3481 1325 3546 ld
1349 3481 1374 3547 si
1395 3481 1523 3557 leceris,
1548 3491 1581 3546 et
1602 3495 1660 3562 ego

343 3585 374 3640 te
396 3574 552 3661 sapienter
572 3574 685 3640 iecisse
706 3573 852 3641 iudicabo
874 3583 905 3640 et
926 3577 1090 3640 Caesarem
1112 3596 1175 3640 non
1197 3574 1347 3641 offendes.

818 3745 1193 3824 mmmmm

309 3882 337 3922 ³³
828 3884 971 3951 CICERO
993 3887 1138 3951 ATTICO
1161 3886 1192 3950 S.

431 4024 459 4084 1.
481 4024 531 4085 Me
563 4037 707 4090 caecum,
741 4019 795 4104 qui
825 4015 901 4080 baec
921 4023 992 4080 ante
1014 4037 1077 4081 non
1099 4015 1248 4083 viderim!
1285 4017 1354 4084 Misi
1376 4018 1423 4090 ad,
1444 4027 1474 4084 te
1497 4019 1654 4105 epistolam

345 4113 481 4180 Antonii.
523 4112 561 4178 Ei
591 4133 662 4177 cnm
690 4131 750 4196 ego
777 4109 958 4196 saepissime
984 4109 1177 4196 scripsissem
1204 4111 1281 4177 nihil
1311 4133 1361 4178 me
1390 4121 1497 4178 contra
1520 4111 1653 4180 Caesaris

413 4335 440 4383 0.
459 4333 625 4383 convenirem
644 4346 683 4393 pr.
702 4330 740 4382 Μ.
762 4354 793 4366 -
817 4331 842 4380 il.
863 4331 1031 4393 cognoverim
1049 4331 1124 4380 Fam.
1144 4355 1176 4367 -
1194 4330 1222 4381 l·
1242 4329 1310 4392 {orte
1326 4331 1363 4382 Μ.
1385 4355 1416 4366 -
1436 4333 1545 4382 Caesari
1564 4334 1651 4382 llam:

346 4405 467 4456 Caesarie
476 4402 571 4453 111110.
581 4427 615 4441 -
633 4402 659 4451 c.
675 4403 729 4450 enit
740 4402 772 4459 n,
786 4402 876 4450 ecisttt
889 4400 910 4449 l.
927 4423 955 4432 ·-
975 4401 1001 4451 0.
1017 4401 1089 4450 nolu
1101 4401 1175 4450 Fam.
1189 4423 1218 4438 -
1238 4414 1352 4464 quorum
1363 4402 1555 4453 libatiam:
1570 4413 1654 4452 corun

346 4477 390 4527 lli.
410 4499 440 4512 -
458 4469 533 4535 cede]
551 4473 592 4520 uel
611 4485 650 4536 pr.
669 4472 707 4523 Μ.
727 4493 761 4506 -
789 4473 831 4520 10.
851 4472 941 4520 odiose
958 4484 999 4534 pr.
1018 4470 1056 4522 Μ.
1078 4497 1111 4508 -
1131 4472 1173 4521 10.
1194 4471 1265 4534 quod
1282 4471 1384 4533 defense
1403 4470 1503 4534 fuerint
1519 4473 1566 4532 Μ,
1597 4475 1653 4536 quot

346 4545 442 4609 offense
468 4544 570 4607 suerint
593 4557 648 4604 mg.
668 4543 713 4597 11.
742 4545 807 4602 quot
828 4541 950 4604 defensae
966 4539 1076 4602 [uerum
1093 4541 1124 4590 11.
1155 4564 1186 4576 -
1222 4544 1374 4591 comotione
1391 4544 1424 4593 11.
1443 4567 1478 4578 -
1497 4544 1539 4592 13.
1559 4544 1652 4593 meane

354 4615 428 4668 lllll.
447 4641 483 4652 —
516 4615 644 4663 victorem
660 4610 807 4660 Lambinus
820 4611 1015 4662 atScbuetaius
1034 4624 1095 4660 cum
1114 4611 1207 4662 Fam-a
1226 4613 1351 4661 uictorem
1370 4612 1508 4662 Caesarem
1525 4613 1652 4664 0111111.-

347 4688 391 4737 10.
417 4685 482 4748 qaid
507 4685 600 4734 Fam-a
629 4680 700 4745 quod
728 4680 826 4733 bssllli.
858 4705 885 4715 -
923 4682 966 4733 10.
988 4682 1059 4744 Quid
1076 4680 1151 4732 Μ111.
1181 4706 1212 4718 -
1248 4681 1292 4731 00.
1311 4680 1387 4745 bone]
1406 4683 1483 4732 babet
1502 4683 1541 4744 11,
1569 4681 1651 4732 babuit

348 4757 370 4806 1.
389 4781 424 4792 -·
458 4755 532 4819 quid]
551 4764 620 4817 quoe
637 4753 669 4801 11.
691 4776 722 4787 -
759 4749 889 4815 exposuit]
909 4754 1047 4814 esposuit
1064 4752 1095 4801 11.
1117 4773 1148 4787 -
1183 4751 1543 4803 0401001110-
1561 4755 1605 4804 05.
1622 4749 1652 4800 od

347 4826 438 4875 urbem
457 4838 538 4888 quom
564 4824 586 4872 l.
612 4846 644 4858 -
679 4821 724 4872 00.
748 4819 896 4882 ubicunque
919 4827 949 4870 tu
975 4821 1083 4871 asscel.
1112 4843 1138 4854 ··
1173 4825 1395 4884 percucurrissem
1413 4825 1456 4874 bie
1473 4827 1653 4886 percurrissem

348 4895 416 4946 11111.
438 4921 467 4934 -
505 4895 549 4944 08.
580 4905 612 4940 nc
640 4896 664 4940 te
690 4887 813 4954 tuosque]
840 4905 904 4940 nere
929 4896 1041 4954 tuosque
1068 4905 1108 4955 pr·
1134 4891 1171 4941 Μ.
1195 4915 1222 4926 -
1260 4906 1293 4942 ne
1311 4899 1336 4943 te
1353 4896 1437 4944 actem
1455 4897 1467 4945 1
1486 4909 1548 4946 cum
1567 4896 1651 4944 Fami

349 4979 394 5014 nec
411 4970 436 5014 te
452 4967 535 5015 sciens
551 4962 634 5014 111111.
656 4987 684 5000 ·-
722 4963 766 5013 00.
787 4962 907 5011 dimittes
926 4961 947 5012 1.
968 4987 1000 4998 -
1035 4957 1182 5024 amittet]
1202 4963 1296 5026 ipsil.
1317 4989 1347 5002 -·
1383 4965 1650 5032 0001000011.-

289 5095 295 5120 ,
349 5037 392 5087 37.
411 5033 457 5098 Ei]
474 5036 508 5084 m
525 5031 600 5085 unt.
637 5031 723 5088 (Corr.
742 5047 773 5082 ex
793 5033 837 5086 Y.)
