3662 5892
299 460 364 522 tat
644 457 702 519 ΕΡ.
723 457 776 519 AD
798 455 955 518 BRUTUM
976 455 1050 518 LlB.
1071 455 1097 516 1.
1139 454 1198 517 ΕΡ.
1223 453 1271 517 18.

300 616 390 704 sequi
411 615 600 681 noluerunt?
629 621 661 678 et
680 611 715 678 iu
736 632 799 699 quo
820 611 985 678 incolumis
1008 610 1195 698 imperator,
1225 609 1398 678 honoribus
1418 609 1661 698 amplissimis

300 711 495 797 fortunisque
523 705 684 781 maximis,
712 705 860 790 coniuge,
889 704 1013 780 liberis,
1044 704 1133 772 vobis
1160 704 1303 772 affinibus
1328 712 1481 780 ornatus,
1519 703 1660 772 bellum

299 804 347 874 rei
361 803 503 891 publicae
525 800 694 866 indixerit?
718 797 802 876 Quid
823 798 939 874 dicam,
962 799 994 864 in
1017 809 1102 866 tanto
1123 808 1248 866 senatus
1269 800 1439 887 populique
1466 819 1661 864 consensu

299 919 370 966 cum
396 906 514 964 tantum
542 893 677 959 resideat
705 894 786 958 intra
814 911 923 958 muros
944 894 1038 960 malit
1074 899 1104 960 3.
1133 893 1270 960 Maximo
1296 902 1415 968 autem,
1442 914 1534 960 cum
1569 892 1661 958 baec

274 989 489 1065 ascribebam,
512 988 670 1054 afficiebar
691 987 818 1063 dolore,
841 986 943 1073 quod,
966 1009 1037 1054 com
1059 1009 1109 1054 me
1131 1009 1190 1074 pro
1208 987 1439 1054 adolescentulo
1461 1009 1512 1054 ac
1539 1009 1659 1075 paene

297 1105 397 1172 puero
426 1105 477 1149 res
505 1082 628 1169 publica
657 1081 826 1167 accepisset
854 1081 981 1155 vadem,
1013 1083 1067 1148 vix
1097 1080 1242 1157 videbar,
1278 1081 1364 1169 quod
1393 1085 1657 1170 promiseram,

296 1187 454 1265 praestare
476 1197 578 1264 posse.
615 1181 669 1242 Est
690 1187 794 1242 autem
816 1175 944 1261 gravior
965 1186 997 1242 et
1015 1175 1172 1244 difficilior
1185 1177 1287 1242 animi
1309 1187 1340 1242 et
1362 1179 1557 1244 sententiae
1582 1199 1658 1242 ma-

296 1273 389 1338 ximis
417 1271 602 1357 praesertim
630 1271 663 1337 in
688 1269 784 1335 rebus
812 1291 872 1356 pro
899 1269 999 1335 altero
1027 1291 1121 1356 quam
1149 1263 1299 1357 manniae
1327 1268 1493 1355 obligatio.
1558 1274 1658 1336 Haec

297 1367 379 1432 enim
406 1366 485 1433 solvi
513 1375 616 1452 potest
645 1373 677 1430 et
703 1375 750 1430 est
779 1364 826 1428 rei
847 1362 1009 1430 familiaris
1036 1365 1155 1430 iactura
1186 1364 1372 1431 tolerabilis:
1400 1367 1447 1432 rei
1477 1365 1655 1453 publicae

261 1461 382 1550 wquod
410 1461 634 1549 spoponderis,
662 1458 926 1547 quemadmodum
954 1459 1073 1534 solvas,
1102 1461 1128 1527 si
1157 1461 1183 1526 is
1211 1460 1344 1547 dependi
1371 1459 1461 1525 facile
1491 1459 1654 1546 patitur,

295 1578 355 1644 pro
377 1577 440 1644 quo
463 1555 691 1642 spoponderis?
727 1558 758 1620 d.
790 1557 986 1641 Quamquam
1008 1563 1040 1619 et
1060 1554 1157 1631 bunc,
1186 1563 1222 1620 nt
1242 1576 1353 1642 spero,
1377 1553 1497 1620 tenebo
1524 1553 1654 1618 multis

295 1650 551 1738 repugnantibus.
594 1648 726 1715 Videtur
754 1649 837 1712 enim
860 1668 928 1712 esso
950 1647 1086 1724 indoles,
1118 1648 1173 1714 sed
1193 1647 1340 1714 flexibilis
1361 1657 1446 1715 aetas
1467 1648 1653 1736 multique

295 1745 334 1812 ad
350 1743 582 1830 depravandum
603 1743 719 1830 parati,
742 1743 812 1829 qui,
834 1741 1003 1828 splendore
1023 1741 1094 1808 falsi
1115 1741 1244 1808 honoris
1266 1741 1405 1818 obiecto,
1429 1742 1543 1808 aciem
1561 1741 1652 1808 boni

295 1839 411 1924 ingenii
432 1838 619 1924 praestringi
640 1857 733 1923 posse
755 1835 923 1902 confidunt.
960 1840 1069 1922 ltaque
1091 1835 1131 1902 ad
1145 1836 1285 1923 reliquos
1307 1836 1358 1901 bic
1379 1857 1515 1924 quoque
1543 1835 1652 1902 labor

263 1932 372 1998 omiti
394 1932 536 2008 accessit,
565 1943 600 1997 ut
622 1953 731 1997 omnes
759 1929 922 1995 adhibeam
945 1930 1102 1996 machinas
1131 1928 1170 1995 ad
1191 1930 1359 1996 tenendum
1379 1929 1648 2006 adolescentem,

295 2048 335 2094 ue
362 2025 475 2092 lamam
503 2025 633 2092 subeam
660 2025 854 2090 temeritatis.
900 2027 1096 2109 Quamquam
1125 2045 1206 2110 quae
1235 2025 1393 2092 temeritas
1416 2030 1485 2092 esti
1530 2025 1649 2110 Magis

296 2120 379 2186 enim
400 2120 502 2193 illum,
525 2141 585 2208 pro
607 2140 671 2207 quo
686 2119 858 2206 spopondi,
881 2139 974 2205 quam
996 2123 1163 2204 meipsum
1186 2118 1332 2205 obligavi.
1368 2123 1431 2184 Nec
1452 2140 1540 2185 vero
1557 2139 1646 2206 poe-

295 2215 396 2280 nitere
426 2223 529 2300 potest
555 2212 801 2300 rempublicam
830 2234 881 2278 mo
910 2233 968 2298 pro
991 2232 1031 2278 eo
1059 2212 1279 2298 spopondisse,
1308 2213 1362 2299 qui
1383 2212 1443 2279 luit
1469 2214 1504 2280 in
1532 2212 1645 2278 rebus

296 2308 441 2394 gerendis
463 2320 533 2378 cum
557 2329 614 2374 suo
636 2307 779 2392 ingenio,
810 2299 876 2372 tuin
899 2327 967 2373 mea
989 2305 1198 2392 promissione
1220 2307 1421 2373 constantior.
1464 2313 1494 2373 5.
1528 2309 1642 2376 araxi,

259 2409 367 2469 ²⁰mus
388 2414 491 2468 autem
513 2439 554 2450 —
576 2402 635 2468 nisi
658 2423 708 2466 me
730 2399 813 2465 sorte
835 2399 912 2464 tattit
934 2435 973 2448 -
995 2400 1028 2464 in
1050 2419 1086 2463 re
1107 2397 1231 2484 publica
1253 2400 1354 2468 nodus
1376 2410 1423 2466 est
1443 2401 1563 2488 inopia
1587 2399 1643 2466 rei

296 2496 504 2582 pecuniariae.
550 2493 770 2560 Obdurescunt
791 2491 875 2556 enim
905 2493 1003 2577 magis
1026 2493 1165 2578 quotidie
1187 2491 1262 2558 boni
1285 2495 1344 2560 viri
1372 2495 1412 2560 ad
1433 2516 1553 2562 vocem
1578 2494 1641 2562 tri-

297 2589 378 2666 buti;
401 2588 486 2677 quod
508 2609 549 2654 ex
562 2587 729 2654 centesima
751 2586 897 2651 collatum
912 2585 1086 2672 impudenti
1101 2608 1196 2653 censu
1215 2587 1416 2674 locupletium
1437 2589 1470 2654 in
1485 2589 1640 2656 duarum

297 2683 456 2768 legionum
477 2681 624 2769 praemiis
646 2701 739 2746 omne
760 2680 964 2746 consumitur.
1007 2679 1189 2767 Impendent
1216 2691 1320 2748 autem
1345 2681 1457 2748 infiniti
1479 2691 1638 2769 sumptus

298 2799 369 2843 cum
392 2777 423 2842 in
438 2777 496 2843 bos
511 2779 683 2850 exercituS,
707 2772 822 2861 quibus
844 2796 926 2840 nunc
941 2775 1154 2851 defendimur,
1177 2785 1243 2840 tum
1264 2797 1341 2843 vero
1362 2777 1395 2842 in
1411 2787 1510 2842 tuum.
1549 2783 1637 2842 Nam

262 2871 421 2938 aaCassius
442 2879 550 2936 noster
571 2868 695 2935 videtur
715 2889 808 2955 posse
830 2869 904 2934 satis
925 2877 1053 2936 ornatus
1075 2870 1193 2936 venire.
1237 2870 1297 2936 Sed
1319 2880 1349 2936 et
1371 2870 1448 2936 baec
1470 2881 1502 2937 et
1524 2871 1634 2938 multa

298 2963 357 3030 alia
379 2983 485 3028 coram
513 2963 622 3050 cupio,
652 2963 747 3050 idque
775 2964 1039 3050 quamprimum.
1082 2968 1111 3028 6.
1142 2967 1187 3028 Dc
1209 2965 1330 3031 sororis
1356 2973 1430 3030 tuae
1457 2963 1533 3031 liliis
1564 2985 1635 3032 non

299 3057 492 3142 exspectavi,
514 3062 626 3132 Brute,
649 3056 723 3121 dum
742 3053 908 3121 scriberes.
945 3057 1080 3123 Omnino
1102 3057 1169 3144 ipsa
1190 3067 1387 3146 tempora-
1403 3058 1522 3124 bellum
1539 3059 1634 3125 enim

299 3150 493 3217 ducetur-
514 3150 668 3238 integram
696 3148 752 3215 tibi
781 3170 905 3214 causam
933 3161 1105 3217 reservant.
1148 3151 1210 3218 Sed
1239 3173 1298 3238 ego
1327 3152 1524 3239 aprincipio
1553 3174 1633 3218 cum

299 3245 439 3312 divinare
461 3245 499 3310 de
514 3244 589 3310 belli
610 3245 810 3314 diuturnitate
825 3266 967 3332 possem,
991 3249 1033 3310 ita
1048 3265 1173 3310 causam
1195 3247 1245 3331 egi
1259 3267 1432 3332 puerorum
1453 3247 1486 3312 in
1501 3256 1630 3322 senatu,

264 3349 335 3404 scut
364 3349 395 3406 te
422 3338 560 3405 arbitror
587 3360 605 3403 e
627 3339 734 3406 matris
756 3339 866 3405 litteris
894 3337 1032 3424 potuisse
1055 3359 1255 3424 cognoscere.
1298 3345 1361 3406 Nec
1381 3361 1459 3407 vero
1484 3342 1552 3408 ulla
1575 3361 1631 3407 res

300 3433 362 3499 erit
382 3455 532 3520 unquam,
554 3433 587 3500 in
609 3455 670 3520 qua
691 3454 751 3519 ego
772 3454 836 3499 non
857 3432 907 3499 vel
928 3432 1009 3497 vitae
1031 3433 1171 3518 periculo
1193 3455 1231 3500 ea
1252 3433 1353 3500 dicam
1375 3457 1475 3522 eaque
1497 3436 1627 3510 faciam,

300 3547 381 3613 quae
403 3535 434 3592 te
456 3527 535 3592 velle
558 3547 700 3613 quaeque
722 3525 762 3594 ad
784 3537 818 3630 te
836 3526 995 3613 pertinere
1017 3524 1161 3594 arbitrer.
1205 3548 1252 3594 vr.
1274 3529 1401 3595 Kalend.
1425 3533 1511 3596 Sext.

371 3747 398 3797 2.
417 3747 493 3797 uobis
510 3746 532 3795 1.
559 3770 594 3781 -
630 3747 733 3796 orontis
751 3744 789 3796 Μ.
815 3769 848 3782 -
885 3745 927 3795 to.
946 3745 1051 3808 solvas,
1070 3747 1095 3794 ai
1111 3745 1177 3798 tiu:
1196 3747 1302 3810 colcos,
1321 3749 1374 3798 nist
1392 3749 1436 3800 111.
1466 3775 1494 3786 -
1533 3750 1628 3812 depro-

302 3817 378 3866 bandi
396 3817 427 3866 lt.
449 3842 477 3853 -
516 3817 559 3866 12.
579 3817 647 3868 euim
665 3829 717 3866 asae
734 3816 800 3868 ntae
820 3817 888 3865 enim
906 3815 934 3865 to
953 3827 982 3864 ao
1001 3829 1052 3866 esso
1069 3817 1114 3867 111.
1140 3842 1168 3853 -
1205 3817 1317 3883 indotos]
1337 3819 1407 3868 bouo
1424 3819 1528 3869 indotos
1545 3821 1570 3871 1.
1593 3841 1625 3855 -·

302 3887 345 3937 st.
362 3887 510 3949 perstringi
528 3886 549 3936 1.
580 3909 611 3921 -
648 3888 691 3937 17.
716 3899 757 3936 ms
775 3888 861 3945 ipsum
879 3885 997 3949 obtipovi
1014 3885 1081 3937 Mil:
1100 3898 1140 3934 me
1158 3886 1273 3952 obligavi
1290 3890 1334 3940 tu.
1366 3914 1396 3925 -
1433 3891 1476 3940 to.
1496 3889 1627 3956 quandia

302 3957 334 4007 n.
356 3983 385 3994 -
414 3953 483 4019 erem]
503 3960 557 4005 tum
575 3955 621 4006 nt.
643 3983 671 3994 -
703 3956 747 4006 21.
768 3955 961 4006 obsurdescunt
979 3969 1040 4004 oum
1059 3956 1182 4007 Munatio
1200 3963 1227 4008 et
1244 3959 1377 4010 lambino
1396 3959 1499 4012 malim.
1528 3959 1626 4012 On.-

302 4028 347 4077 22.
367 4026 534 4088 locupletium
552 4026 630 4076 nint:
650 4026 809 4089 locupletum
827 4025 856 4075 ti.
876 4051 909 4062 -
928 4025 972 4076 24.
992 4023 1060 4088 cum]
1075 4031 1130 4075 tum
1147 4027 1171 4076 1.
1190 4051 1223 4065 -
1241 4029 1284 4080 27.
1304 4031 1363 4092 ipso
1381 4030 1447 4080 MR:
1467 4032 1522 4082 tom
1539 4030 1622 4081 113.-

302 4097 347 4148 28.
374 4097 422 4146 tibi
447 4111 502 4147 om.
522 4096 553 4146 n.
583 4120 614 4132 ·-
652 4098 694 4148 22.
724 4095 899 4146 diuturnitate
913 4107 1018 4159 possum
1042 4097 1098 4149 ttss:
1128 4095 1304 4149 diuturnitate
1321 4113 1376 4151 ooo
1390 4113 1495 4162 possem
1522 4101 1568 4152 111.
1592 4123 1622 4136 -

304 4168 347 4218 32.
375 4167 495 4217 arbitror
520 4166 548 4228 1,
577 4166 730 4218 arbitrabor
757 4167 914 4218 Cratander.
944 4191 976 4202 -
1014 4181 1051 4215 vr.
1080 4165 1119 4217 Vb
1138 4165 1176 4232 (et
1194 4167 1251 4225 ln:
1283 4171 1352 4221 t'uts.
1376 4183 1412 4220 vr.
1432 4171 1498 4222 utu.

1803 4191 1808 4228 l
