3628 5876
665 426 739 492 ΜΒ.
759 429 830 494 xli.
871 429 931 494 aa.
954 429 1004 492 15.
1432 437 1495 502 210

165 603 247 672 que,
280 583 368 670 quod
388 603 461 650 cum
482 582 538 658 iis,
571 587 613 650 Μ
642 585 812 661 Marcello,
848 589 918 654 Ser.
941 585 1079 672 Sulpicio
1100 607 1181 656 coss.
1202 600 1389 660 renovatum
1411 605 1494 675 erat;

167 699 233 766 quo
262 678 445 745 iuraverant
472 677 586 745 Rhodii
616 679 744 745 eosdem
772 677 878 745 hostes
907 699 941 745 se
968 679 1146 758 babituros,
1183 705 1264 770 quos
1286 689 1317 752 S.
1339 691 1372 754 P.
1395 692 1434 769 Q.
1456 696 1493 758 n.

169 777 260 854 Quae
280 794 333 840 res
354 795 413 840 nos
434 774 636 840 vehementer
656 774 776 841 fefellit
818 780 951 841 Tantum
972 776 1056 841 euim
1078 776 1170 853 afuit,
1199 789 1235 846 ut
1256 779 1383 848 illorum
1404 803 1495 870 prae·

167 869 251 935 sidio
273 879 412 934 nostram
433 867 630 935 firmaremus
652 869 801 942 classem,
823 877 860 935 nt
880 869 973 935 etiam
994 891 1012 934 a
1034 870 1165 937 Rhodiis
1179 871 1275 948 urbe,
1297 888 1409 962 portu,
1434 889 1496 945 sta·

167 963 270 1037 done,
292 983 373 1049 quae
388 971 477 1028 extra
490 962 603 1029 urbem
615 972 677 1038 est,
693 974 887 1038 commeatu,
902 985 982 1051 aqua
993 963 1129 1051 denique
1141 966 1385 1052 prohiberentur
1395 973 1519 1038 nostris

168 1057 296 1130 milites,
312 1076 371 1121 uos
383 1056 437 1122 vix
448 1057 507 1142 ipsi
518 1057 648 1143 singulis
663 1078 735 1122 cum
743 1057 907 1143 navigiolis
922 1058 1145 1143 reciperemur.
1169 1063 1270 1138 Quam
1280 1063 1494 1150 indignitatem

168 1150 477 1238 deminutionemque
506 1151 677 1218 maiestatis
709 1173 772 1218 non
799 1152 901 1218 solum
929 1152 1009 1218 iuris
1038 1155 1138 1220 nostri
1167 1154 1223 1220 sed
1251 1155 1343 1223 etiam
1368 1159 1496 1245 imperii

167 1241 365 1332 populilqua]
387 1243 519 1310 Romani
540 1244 659 1311 idcirco
681 1245 824 1320 tulimus,
847 1244 932 1332 quod
952 1247 1132 1334 interceptis
1155 1247 1265 1314 litteris
1286 1271 1496 1336 cognoramus

166 1338 376 1414 Dolabellam,
399 1338 426 1404 si
450 1338 648 1425 desperasset
669 1339 709 1406 de
731 1344 820 1428 Syria
836 1342 1057 1428 Aegyptoque,
1080 1340 1166 1428 quod
1183 1362 1311 1410 necesse
1326 1354 1394 1411 erat
1414 1345 1494 1424 lieri,

166 1433 200 1498 in
222 1454 318 1499 naves
345 1453 418 1498 cum
446 1433 592 1500 omnibus
620 1434 686 1500 suis
707 1432 881 1500 latronibus
907 1443 1001 1520 atque
1022 1435 1108 1500 omni
1129 1435 1262 1522 pecunia
1283 1440 1532 1516 conscenderem

166 1549 238 1592 esse
258 1537 402 1613 paratum
423 1525 607 1614 Italiamque
627 1537 749 1615 petere;
771 1526 890 1593 idcirco
912 1527 1006 1593 etiam
1036 1549 1132 1595 naves
1153 1531 1336 1606 onerarias,
1359 1555 1493 1621 quarum

166 1619 273 1686 minor
299 1621 384 1688 nulla
412 1631 480 1686 erat
501 1621 598 1688 duum
619 1621 740 1687 milium
767 1621 971 1708 ampborttm,
994 1633 1167 1690 contractas
1188 1625 1222 1690 in
1243 1627 1337 1714 Lycia
1358 1650 1376 1694 a
1398 1629 1496 1696 classe

166 1714 235 1780 eius
256 1712 406 1780 obsideri.
449 1720 479 1781 3.
501 1715 602 1782 liuius
623 1715 671 1780 rei
693 1720 822 1791 timore,
851 1725 957 1803 patres
978 1718 1160 1804 conscripti,
1183 1721 1342 1806 percitus,
1363 1721 1495 1790 iniurias

165 1808 291 1895 perpeti
312 1817 434 1874 etcum
456 1809 643 1875 contumelia
665 1814 758 1875 etium
779 1817 886 1874 nostra
907 1809 1111 1896 omniaprins
1132 1815 1271 1898 experiri
1286 1815 1392 1882 malui.
1434 1822 1496 1882 lta·

167 1923 230 1990 que
253 1902 294 1967 ad
315 1901 442 1969 illomm
463 1903 656 1970 voluntatem
676 1900 875 1968 introductus
901 1903 934 1968 iu
957 1902 1068 1969 urbem
1089 1915 1121 1971 et
1144 1907 1178 1971 in
1199 1917 1341 1974 senatum
1363 1931 1532 1987 eorum,n

166 2017 262 2084 mam
284 1995 520 2081 diligentissime
541 1996 647 2084 potui,
671 2016 795 2062 causam
817 1995 1024 2082 reipublicae
1049 1998 1115 2084 egi,
1138 2001 1375 2088 periculumque
1391 2024 1494 2079 omne,

166 2090 254 2178 quod
275 2090 428 2165 instaret,
456 2090 483 2156 si
513 2090 566 2156 ille
586 2091 667 2157 latro
689 2111 761 2156 cum
783 2090 848 2156 suis
876 2089 1022 2158 omnibus
1044 2113 1138 2159 naves
1160 2094 1408 2170 conscendisset,
1438 2118 1495 2162 ex-

165 2184 270 2272 posui.
314 2183 454 2252 Rhodios
475 2193 580 2251 autem
595 2194 678 2251 tanta
692 2185 725 2250 in
740 2183 893 2270 pravitate
908 2175 1129 2262 animadverti,
1151 2197 1187 2253 ut
1208 2208 1317 2254 omnes
1339 2189 1496 2256 firmiores

165 2287 314 2367 putarent
342 2299 436 2365 quam
464 2276 582 2356 bonos;
617 2285 653 2344 ut
679 2277 759 2344 banc
784 2276 985 2344 concordiam
1014 2288 1046 2344 et
1066 2281 1332 2368 conspirationem
1354 2283 1495 2349 ornnium

167 2373 315 2441 ordinum
336 2370 377 2436 ad
398 2371 624 2437 defendendam
645 2371 820 2438 libertatem
835 2393 991 2459 propense
1012 2395 1076 2441 aon
1097 2375 1263 2442 crederent
1277 2396 1346 2442 esse
1360 2377 1532 2458 factumne

165 2477 202 2534 ut
222 2465 405 2554 patientiam
437 2473 564 2532 senatus
596 2474 628 2532 et
648 2465 760 2553 optimi
782 2465 934 2553 cuiusque
955 2486 1083 2533 manere
1105 2469 1282 2535 etiamnunc
1302 2469 1497 2538 confiderent

166 2581 226 2627 nec
247 2559 387 2646 potuisse
408 2558 526 2626 audere
548 2565 737 2646 quemqnam
758 2558 957 2626 Dolabellam·
981 2559 1103 2628 bostem
1123 2562 1280 2643 indicare;
1302 2575 1337 2631 nt
1357 2565 1496 2653 denique

167 2654 291 2730 omnia,
314 2674 395 2740 quae
416 2651 554 2740 improbi
577 2651 747 2740 lingebant,
769 2654 869 2740 magis
891 2675 966 2721 vera
988 2656 1203 2724 existimarent
1218 2679 1312 2746 quam
1323 2680 1404 2745 quae
1418 2681 1495 2726 vere

165 2749 249 2816 iacta
281 2756 371 2814 erant
399 2756 431 2813 et
466 2769 484 2813 a
511 2746 603 2814 nobis
624 2746 827 2813 docebantur.
869 2753 901 2814 t.
924 2751 994 2828 Qua
1014 2759 1120 2815 menta
1142 2750 1237 2816 etiam
1258 2761 1329 2818 aute
1350 2763 1494 2820 nostmm

166 2845 336 2911 adventum
356 2851 429 2929 post
449 2841 599 2908 uehonti
620 2841 868 2926 indignissimam
890 2840 1017 2909 caedem
1039 2853 1206 2930 ceteraque
1227 2853 1273 2910 tot
1294 2854 1420 2932 tamque
1441 2867 1532 2914 neu

166 2937 254 3006 laria·
267 2936 408 3002 facinora
429 2934 521 3002 binae
542 2935 704 3022 protectae
732 2943 821 3001 erant
841 2934 881 3000 ad
901 2934 1094 3002 Dolabellam
1115 2937 1286 3022 legationes
1306 2959 1434 3014 eorum,
1464 2949 1496 3007 et

167 3030 296 3118 quidem
317 3050 402 3096 novo
423 3029 585 3116 exemplo,
607 3039 716 3095 contra
736 3029 822 3113 leges
837 3028 998 3114 ipsorum,
1020 3028 1259 3118 prohibentibus
1273 3031 1329 3108 iis,
1352 3034 1406 3120 qui
1427 3041 1495 3100 tum

167 3125 367 3211 magistratus
388 3122 548 3208 gerebant
604 3126 706 3198 llaec,
740 3121 807 3188 sive
828 3121 944 3187 timore
970 3162 1013 3174 -
1045 3132 1081 3188 ut
1101 3123 1241 3190 dicdtaut
1263 3160 1302 3172 —
1333 3125 1373 3192 de
1394 3127 1494 3212 agris,

167 3239 249 3307 quos
269 3217 304 3284 in
325 3216 496 3282 continenti
519 3214 650 3290 babent,
686 3215 751 3281 sive
772 3213 901 3289 tumre,
930 3213 998 3280 sive
1019 3215 1206 3302 †patientia
1226 3237 1416 3304 paucorum,
1440 3220 1495 3308 qui

167 3324 201 3380 et
220 3321 311 3378 antea
332 3312 401 3398 pari
422 3310 610 3377 contumelia
642 3309 728 3376 viros
760 3308 950 3374 clarissimos
979 3308 1148 3378 affecerant
1176 3319 1207 3376 et
1234 3333 1318 3378 nunc
1338 3314 1532 3382 maximosac

167 3406 368 3491 magistratus
389 3414 533 3491 gerentes
554 3405 641 3470 nullo
660 3403 806 3490 exemplo
828 3424 930 3489 neque
951 3412 1059 3470 nostra
1080 3413 1239 3492 exparte,
1262 3425 1364 3493 neque
1386 3416 1495 3473 nostro

167 3499 395 3588 praesentium,
418 3519 520 3586 neque
550 3498 726 3564 imminenti
753 3497 860 3563 ltaliae
894 3495 1032 3585 urbique
1053 3507 1180 3565 nostrae
1201 3499 1362 3587 periculo,
1394 3501 1422 3567 si
1441 3502 1495 3568 ille

166 3593 326 3683 parricida
347 3613 418 3658 cum
440 3593 505 3658 suis
526 3591 715 3667 latronibus,
744 3590 893 3665 navibus,
916 3612 957 3656 ex
977 3591 1051 3657 Asia
1073 3593 1227 3681 Syriaque
1248 3593 1412 3679 expulsus,
1434 3600 1495 3661 lta-

167 3690 241 3756 liam
262 3687 406 3775 petisset,
428 3685 549 3752 mederi
570 3707 642 3751 cum
663 3685 755 3752 facile
776 3693 917 3771 possent,
939 3685 1119 3752 voluerunt.
1163 3691 1193 3752 5.
1216 3687 1378 3754 Nonnullis
1400 3690 1493 3757 etiam

167 3782 230 3870 ipsi
262 3781 462 3867 magistratus
489 3777 657 3846 veniebant
686 3779 720 3844 in
748 3777 958 3863 suspicionem
991 3777 1161 3846 detinuisse
1197 3801 1255 3846 nos
1284 3790 1317 3846 et
1337 3781 1530 3851 demoretis

167 3897 254 3950 esse,
293 3874 367 3941 dum
398 3873 505 3940 classis
533 3871 714 3939 Dolabellae
740 3871 859 3940 certior
884 3871 976 3940 fieret
1003 3873 1042 3939 de
1071 3871 1208 3938 adventu
1228 3881 1347 3940 nosue.
1393 3879 1495 3954 Quam

168 3969 381 4056 suspicionem
400 3975 587 4034 consecutae
621 3987 674 4033 res
704 3967 824 4054 aliquot
849 3976 1020 4046 auxerrmt3
1053 3967 1190 4032 maxime
1218 3967 1304 4053 quod
1326 3969 1430 4037 subito
1453 3993 1495 4038 ex

169 4063 264 4152 Lycia
296 4067 370 4128 Sex.
398 4062 516 4128 Marius
547 4070 579 4127 et
605 4063 638 4128 C.
659 4060 774 4136 Titius,
795 4059 890 4145 legati
910 4058 1105 4137 Dolabellae,
1128 4081 1146 4126 a
1167 4061 1264 4127 classe
1285 4060 1497 4132 discesserunt

169 4157 305 4244 nanque
330 4156 424 4240 longa
455 4154 665 4242 profugerunt
696 4154 850 4219 onerariis
870 4153 1002 4230 relictis,
1030 4154 1063 4221 iu
1091 4153 1206 4240 quibus
1227 4155 1409 4241 colligendis
1431 4179 1495 4224 nou

169 4250 334 4316 minimum
362 4249 513 4338 temporis
547 4247 728 4335 laborisque
760 4257 1026 4334 consumpserant
1081 4253 1191 4335 ltaque
1222 4268 1294 4314 cum
1321 4247 1360 4314 ab
1383 4250 1532 4322 Rhodon

241 4454 268 4503 1.
295 4453 329 4502 its
347 4451 452 4502 Alduse
483 4452 523 4501 bis
539 4452 599 4503 ΜΕ.
621 4475 652 4488 -
671 4463 737 4501 cosa.
756 4462 811 4498 om.
830 4447 868 4498 Μ.
900 4471 932 4485 ·-
968 4447 995 4500 3.
1014 4447 1147 4513 31131111.
1167 4468 1201 4486 ··
1236 4447 1263 4498 ’1.
1283 4446 1495 4496 minutiem·

170 4538 217 4589 que
233 4525 382 4574 maiestatis
398 4537 453 4572 non
469 4523 552 4571 roiam
570 4522 637 4571 turis
653 4521 738 4571 nostri
756 4520 800 4568 red
816 4519 896 4568 etium
913 4519 1017 4581 imperii
1032 4519 1175 4584 populique
1187 4519 1301 4568 Romani
1318 4515 1363 4567 M:
1382 4515 1495 4564 dimino-

170 4596 332 4658 tionesque,
359 4607 414 4642 aaa
430 4592 514 4643 rotam
530 4593 597 4642 iuris
614 4592 713 4651 nmtri,
737 4589 783 4639 sed
809 4589 890 4638 etium
916 4589 1063 4639 maiestatis
1087 4589 1238 4652 imperiique
1261 4585 1356 4651 popuii
1383 4583 1495 4634 Romani

171 4665 201 4716 li.
230 4661 291 4728 (que
315 4661 381 4713 secl.
409 4658 551 4725 Orstttur.)
583 4684 614 4697 -
658 4661 685 4712 3.
704 4659 875 4724 aegyptiaque
892 4658 930 4710 Μ.
962 4681 991 4694 -
1029 4657 1072 4708 17.
1091 4661 1145 4708 sois
1162 4659 1280 4708 cmntbru
1297 4657 1340 4707 M:
1377 4653 1495 4704 omnibus

169 4736 223 4784 sats
241 4734 272 4784 u.
295 4757 324 4770 -
344 4732 387 4783 13.
407 4739 486 4783 tactu
501 4733 638 4796 musitata
655 4731 677 4780 D
695 4735 723 4781 et
739 4729 800 4779 cod.
820 4727 907 4790 Ltpn,
926 4733 1006 4778 tantu
1022 4729 1223 4792 importunitate
1239 4725 1354 4779 Drasdd.
1373 4725 1400 4775 1.
1414 4723 1441 4774 3.
1463 4745 1494 4760 ·-

170 4804 215 4854 27.
233 4805 274 4853 su
294 4803 332 4855 Μ.
352 4829 385 4840 -
419 4803 463 4852 28.
484 4803 603 4852 timorem
620 4800 656 4851 Μ.
679 4823 709 4836 -
745 4799 790 4848 uti.
807 4799 941 4859 patentia
957 4797 1003 4850 tt:
1031 4800 1232 4861 potentiacum
1250 4797 1365 4859 Egnatio
1383 4793 1420 4851 E,
1447 4795 1496 4843 ian·

169 4875 291 4936 potentia
320 4873 435 4923 Arcens.
464 4886 504 4936 pr.
537 4872 609 4935 quod
634 4871 729 4934 probat
755 4866 884 4918 Orattius.
913 4891 944 4904 -
980 4867 1025 4917 31.
1056 4876 1149 4920 nostru
1169 4869 1213 4919 M:
1232 4875 1321 4918 oestro
1339 4878 1400 4916 cum
1420 4864 1442 4914 l.
1462 4865 1492 4914 p,

172 4942 311 4994 Groaorto
328 4943 359 4994 E.
377 4968 412 4978 —
430 4943 474 4992 32.
490 4943 668 5004 promentium
684 4939 731 4990 m:
749 4939 884 5001 momenti
902 4937 1050 4989 Ernestius.
1072 4961 1103 4976 -
1122 4938 1167 4990 es.
1185 4937 1324 4989 cunarum
1343 4937 1397 4986 duo
1414 4933 1494 4985 codd.

172 5013 306 5074 uenatu,
338 5013 398 5063 cod.
418 5013 544 5074 Magdeb.
563 5018 591 5062 et
608 5009 775 5062 Cratander:
804 5008 1022 5061 ποιων-3111113.
1055 5031 1086 5046 -
1122 5009 1167 5061 85.
1185 5009 1336 5060 demmotm
1353 5004 1492 5058 Guelferb.

173 5097 215 5146 pr.
234 5109 269 5119 -
304 5081 348 5133 lt).
367 5087 580 5146 consumpserunt
598 5081 635 5132 Μ.
