<?xml version="1.0" encoding="UTF-8"?>
<!DOCTYPE html PUBLIC "-//W3C//DTD XHTML 1.0 Transitional//EN"
    "http://www.w3.org/TR/xhtml1/DTD/xhtml1-transitional.dtd">
<html xmlns="http://www.w3.org/1999/xhtml" xml:lang="en" lang="en">
 <head>
  <title>
</title>
<meta http-equiv="Content-Type" content="text/html;charset=utf-8" />
  <meta name='ocr-system' content='tesseract 3.04.00' />
  <meta name='ocr-capabilities' content='ocr_page ocr_carea ocr_par ocr_line ocrx_word'/>
</head>
<body>
  <div class='ocr_page' id='page_1' title='image "./mtulliiciceroni06baitgoog_0325.png"; bbox 0 0 3662 5908; ppageno 0'>
   <div class='ocr_carea' id='block_1_1' title="bbox 312 365 1204 468">
    <p class='ocr_par' dir='ltr' id='par_1_1' title="bbox 312 365 1204 468">
     <span class='ocr_line' id='line_1_1' title="bbox 312 365 1204 468; baseline 0 0"><span class='ocrx_word' id='word_1_1' title='bbox 312 405 374 468; x_wconf 79' lang='lat' dir='ltr'>aaa</span> <span class='ocrx_word' id='word_1_2' title='bbox 742 365 1017 468; x_wconf 82' lang='lat' dir='ltr'>srrsronsnon</span> <span class='ocrx_word' id='word_1_3' title='bbox 1039 407 1091 468; x_wconf 79' lang='lat' dir='ltr'>so</span> <span class='ocrx_word' id='word_1_4' title='bbox 1114 405 1204 468; x_wconf 78' lang='lat' dir='ltr'>san.</span> 
     </span>
    </p>
   </div>
   <div class='ocr_carea' id='block_1_2' title="bbox 284 559 1637 1209">
    <p class='ocr_par' dir='ltr' id='par_1_2' title="bbox 284 559 1637 1209">
     <span class='ocr_line' id='line_1_2' title="bbox 309 559 1637 738; baseline 0.002 -19"><span class='ocrx_word' id='word_1_5' title='bbox 309 569 645 721; x_wconf 69' lang='lat' dir='ltr'>⁰tlt.‘¹t&#39;.t..lt</span> <span class='ocrx_word' id='word_1_6' title='bbox 660 559 1240 738; x_wconf 55' lang='lat' dir='ltr'>llttttttttafflfttlt</span> <span class='ocrx_word' id='word_1_7' title='bbox 1256 560 1637 722; x_wconf 61' lang='lat' dir='ltr'>,ttffirdttltt</span> 
     </span>
     <span class='ocr_line' id='line_1_3' title="bbox 308 746 1637 834; baseline 0 -20"><span class='ocrx_word' id='word_1_8' title='bbox 308 748 383 814; x_wconf 90' lang='lat' dir='ltr'>dicii</span> <span class='ocrx_word' id='word_1_9' title='bbox 409 787 450 800; x_wconf 89' lang='lat'>-</span> <span class='ocrx_word' id='word_1_10' title='bbox 479 769 521 813; x_wconf 85' lang='lat' dir='ltr'>ex</span> <span class='ocrx_word' id='word_1_11' title='bbox 549 769 589 815; x_wconf 89' lang='lat' dir='ltr'>eo</span> <span class='ocrx_word' id='word_1_12' title='bbox 615 757 739 814; x_wconf 88' lang='lat' dir='ltr'>senatus</span> <span class='ocrx_word' id='word_1_13' title='bbox 761 747 925 824; x_wconf 88' lang='lat' dir='ltr'>consulto,</span> <span class='ocrx_word' id='word_1_14' title='bbox 959 747 1045 834; x_wconf 90' lang='lat' dir='ltr'>qnod</span> <span class='ocrx_word' id='word_1_15' title='bbox 1066 747 1098 813; x_wconf 95' lang='lat' dir='ltr'>in</span> <span class='ocrx_word' id='word_1_16' title='bbox 1121 746 1253 813; x_wconf 88' lang='lat' dir='ltr'>heredes</span> <span class='ocrx_word' id='word_1_17' title='bbox 1275 752 1308 815; x_wconf 89' lang='lat' dir='ltr'>C.</span> <span class='ocrx_word' id='word_1_18' title='bbox 1340 748 1497 817; x_wconf 91' lang='lat' dir='ltr'>Vennonii</span> <span class='ocrx_word' id='word_1_19' title='bbox 1518 747 1637 815; x_wconf 87' lang='lat' dir='ltr'>factum</span> 
     </span>
     <span class='ocr_line' id='line_1_4' title="bbox 308 840 1636 929; baseline 0.002 -21"><span class='ocrx_word' id='word_1_20' title='bbox 308 852 370 917; x_wconf 87' lang='lat' dir='ltr'>est,</span> <span class='ocrx_word' id='word_1_21' title='bbox 393 841 563 909; x_wconf 78' lang='lat' dir='ltr'>Caerelliae</span> <span class='ocrx_word' id='word_1_22' title='bbox 583 840 815 908; x_wconf 79' lang='lat' dir='ltr'><strong>commodandi..</strong></span> <span class='ocrx_word' id='word_1_23' title='bbox 853 840 890 907; x_wconf 93' lang='lat' dir='ltr'>ld</span> <span class='ocrx_word' id='word_1_24' title='bbox 911 850 1035 908; x_wconf 86' lang='lat' dir='ltr'>senatus</span> <span class='ocrx_word' id='word_1_25' title='bbox 1057 842 1233 907; x_wconf 90' lang='lat' dir='ltr'>consultum</span> <span class='ocrx_word' id='word_1_26' title='bbox 1254 851 1289 909; x_wconf 92' lang='lat' dir='ltr'>tu</span> <span class='ocrx_word' id='word_1_27' title='bbox 1312 840 1559 928; x_wconf 80' lang='lat' dir='ltr'>interpretabere</span> <span class='ocrx_word' id='word_1_28' title='bbox 1574 863 1636 929; x_wconf 88' lang='lat' dir='ltr'>pro</span> 
     </span>
     <span class='ocr_line' id='line_1_5' title="bbox 284 934 1635 1024; baseline -0.001 -22"><span class='ocrx_word' id='word_1_29' title='bbox 284 944 360 1002; x_wconf 85' lang='lat' dir='ltr'>etua</span> <span class='ocrx_word' id='word_1_30' title='bbox 381 937 542 1023; x_wconf 90' lang='lat' dir='ltr'>sapientia.</span> <span class='ocrx_word' id='word_1_31' title='bbox 586 935 658 1001; x_wconf 89' lang='lat' dir='ltr'>Scio</span> <span class='ocrx_word' id='word_1_32' title='bbox 679 935 763 1000; x_wconf 90' lang='lat' dir='ltr'>enim</span> <span class='ocrx_word' id='word_1_33' title='bbox 783 935 851 1001; x_wconf 88' lang='lat' dir='ltr'>eins</span> <span class='ocrx_word' id='word_1_34' title='bbox 872 934 993 1001; x_wconf 89' lang='lat' dir='ltr'>ordinis</span> <span class='ocrx_word' id='word_1_35' title='bbox 1011 935 1227 1001; x_wconf 89' lang='lat' dir='ltr'>anctoritatem</span> <span class='ocrx_word' id='word_1_36' title='bbox 1242 957 1367 1022; x_wconf 85' lang='lat' dir='ltr'>semper</span> <span class='ocrx_word' id='word_1_37' title='bbox 1382 935 1466 1024; x_wconf 89' lang='lat' dir='ltr'>apud</span> <span class='ocrx_word' id='word_1_38' title='bbox 1482 944 1512 1001; x_wconf 88' lang='lat' dir='ltr'>te</span> <span class='ocrx_word' id='word_1_39' title='bbox 1527 937 1635 1023; x_wconf 84' lang='lat' dir='ltr'>magni</span> 
     </span>
     <span class='ocr_line' id='line_1_6' title="bbox 307 1028 1635 1118; baseline 0.003 -24"><span class='ocrx_word' id='word_1_40' title='bbox 307 1030 415 1096; x_wconf 89' lang='lat' dir='ltr'>fnisse.</span> <span class='ocrx_word' id='word_1_41' title='bbox 468 1028 561 1108; x_wconf 89' lang='lat' dir='ltr'>Quod</span> <span class='ocrx_word' id='word_1_42' title='bbox 594 1030 751 1116; x_wconf 89' lang='lat' dir='ltr'>reliquum</span> <span class='ocrx_word' id='word_1_43' title='bbox 772 1037 836 1103; x_wconf 88' lang='lat' dir='ltr'>est,</span> <span class='ocrx_word' id='word_1_44' title='bbox 872 1029 918 1094; x_wconf 90' lang='lat' dir='ltr'>sic</span> <span class='ocrx_word' id='word_1_45' title='bbox 938 1029 1031 1094; x_wconf 86' lang='lat' dir='ltr'>velim</span> <span class='ocrx_word' id='word_1_46' title='bbox 1053 1028 1232 1104; x_wconf 80' lang='lat' dir='ltr'>existimes,</span> <span class='ocrx_word' id='word_1_47' title='bbox 1268 1029 1507 1118; x_wconf 77' lang='lat' dir='ltr'>quibuscunque</span> <span class='ocrx_word' id='word_1_48' title='bbox 1537 1029 1635 1098; x_wconf 85' lang='lat' dir='ltr'>rebus</span> 
     </span>
     <span class='ocr_line' id='line_1_7' title="bbox 307 1121 1449 1209; baseline -0.001 -20"><span class='ocrx_word' id='word_1_49' title='bbox 307 1122 479 1190; x_wconf 76' lang='lat' dir='ltr'>Caerelliae</span> <span class='ocrx_word' id='word_1_50' title='bbox 499 1121 633 1209; x_wconf 84' lang='lat' dir='ltr'>benIgne</span> <span class='ocrx_word' id='word_1_51' title='bbox 654 1122 785 1198; x_wconf 90' lang='lat' dir='ltr'>feceris,</span> <span class='ocrx_word' id='word_1_52' title='bbox 808 1123 885 1190; x_wconf 90' lang='lat' dir='ltr'>mihi</span> <span class='ocrx_word' id='word_1_53' title='bbox 906 1133 938 1189; x_wconf 91' lang='lat' dir='ltr'>te</span> <span class='ocrx_word' id='word_1_54' title='bbox 958 1123 1170 1209; x_wconf 88' lang='lat' dir='ltr'>gratissimum</span> <span class='ocrx_word' id='word_1_55' title='bbox 1192 1144 1260 1189; x_wconf 89' lang='lat' dir='ltr'>esse</span> <span class='ocrx_word' id='word_1_56' title='bbox 1281 1122 1449 1190; x_wconf 87' lang='lat' dir='ltr'>facturum.</span> 
     </span>
    </p>
   </div>
   <div class='ocr_carea' id='block_1_3' title="bbox 729 1282 1195 1364">
    <p class='ocr_par' dir='ltr' id='par_1_3' title="bbox 729 1282 1195 1364">
     <span class='ocr_line' id='line_1_8' title="bbox 729 1282 1195 1364; baseline -0.002 -16"><span class='ocrx_word' id='word_1_57' title='bbox 729 1285 872 1348; x_wconf 75' lang='lat' dir='ltr'>arran.</span> <span class='ocrx_word' id='word_1_58' title='bbox 915 1282 968 1363; x_wconf 78' lang='lat' dir='ltr'>(A.</span> <span class='ocrx_word' id='word_1_59' title='bbox 995 1284 1027 1347; x_wconf 88' lang='lat' dir='ltr'>a.</span> <span class='ocrx_word' id='word_1_60' title='bbox 1051 1285 1083 1348; x_wconf 83' lang='lat' dir='ltr'>o.</span> <span class='ocrx_word' id='word_1_61' title='bbox 1105 1285 1195 1364; x_wconf 75' lang='grc' dir='ltr'><strong>τοο.)</strong></span> 
     </span>
    </p>
   </div>
   <div class='ocr_carea' id='block_1_4' title="bbox 607 1405 1321 1482">
    <p class='ocr_par' dir='ltr' id='par_1_4' title="bbox 607 1405 1321 1482">
     <span class='ocr_line' id='line_1_9' title="bbox 607 1405 1321 1482; baseline 0 -12"><span class='ocrx_word' id='word_1_62' title='bbox 607 1409 647 1470; x_wconf 87' lang='grc' dir='ltr'>Μ.</span> <span class='ocrx_word' id='word_1_63' title='bbox 671 1406 813 1470; x_wconf 83' lang='lat' dir='ltr'>CICERO</span> <span class='ocrx_word' id='word_1_64' title='bbox 837 1405 1079 1482; x_wconf 75' lang='lat' dir='ltr'>Q.1³111L1e1³0</span> <span class='ocrx_word' id='word_1_65' title='bbox 1102 1405 1267 1470; x_wconf 90' lang='lat' dir='ltr'>PROCOS.</span> <span class='ocrx_word' id='word_1_66' title='bbox 1290 1408 1321 1470; x_wconf 91' lang='lat' dir='ltr'>S.</span> 
     </span>
    </p>
   </div>
   <div class='ocr_carea' id='block_1_5' title="bbox 154 1515 1632 2915">
    <p class='ocr_par' dir='ltr' id='par_1_5' title="bbox 272 1515 1632 1604">
     <span class='ocr_line' id='line_1_10' title="bbox 272 1515 1632 1604; baseline -0.001 -18"><span class='ocrx_word' id='word_1_67' title='bbox 272 1547 297 1588; x_wconf 86' lang='lat' dir='ltr'>m</span> <span class='ocrx_word' id='word_1_68' title='bbox 394 1522 420 1583; x_wconf 98' lang='grc'><strong>1.</strong></span> <span class='ocrx_word' id='word_1_69' title='bbox 445 1518 593 1584; x_wconf 79' lang='lat' dir='ltr'>Gratulor</span> <span class='ocrx_word' id='word_1_70' title='bbox 621 1515 696 1592; x_wconf 93' lang='lat' dir='ltr'>tibi,</span> <span class='ocrx_word' id='word_1_71' title='bbox 733 1515 819 1602; x_wconf 94' lang='lat' dir='ltr'>quod</span> <span class='ocrx_word' id='word_1_72' title='bbox 847 1537 886 1580; x_wconf 85' lang='lat' dir='ltr'>ex</span> <span class='ocrx_word' id='word_1_73' title='bbox 921 1515 1082 1602; x_wconf 80' lang='lat' dir='ltr'>provincia</span> <span class='ocrx_word' id='word_1_74' title='bbox 1106 1515 1227 1580; x_wconf 90' lang='lat' dir='ltr'>salvum</span> <span class='ocrx_word' id='word_1_75' title='bbox 1256 1527 1287 1582; x_wconf 89' lang='lat' dir='ltr'>te</span> <span class='ocrx_word' id='word_1_76' title='bbox 1313 1515 1354 1582; x_wconf 91' lang='lat' dir='ltr'>ad</span> <span class='ocrx_word' id='word_1_77' title='bbox 1374 1527 1446 1583; x_wconf 91' lang='lat' dir='ltr'>tuos</span> <span class='ocrx_word' id='word_1_78' title='bbox 1467 1519 1632 1604; x_wconf 86' lang='lat' dir='ltr'>recepisti,</span> 
     </span>
    </p>

    <p class='ocr_par' dir='ltr' id='par_1_6' title="bbox 306 1609 1632 1700">
     <span class='ocr_line' id='line_1_11' title="bbox 306 1609 1632 1700; baseline 0.001 -23"><span class='ocrx_word' id='word_1_79' title='bbox 306 1612 455 1678; x_wconf 88' lang='lat' dir='ltr'>incolumi</span> <span class='ocrx_word' id='word_1_80' title='bbox 477 1611 559 1676; x_wconf 91' lang='lat' dir='ltr'>fama</span> <span class='ocrx_word' id='word_1_81' title='bbox 592 1621 623 1676; x_wconf 93' lang='lat' dir='ltr'>et</span> <span class='ocrx_word' id='word_1_82' title='bbox 650 1631 686 1675; x_wconf 87' lang='lat' dir='ltr'>re</span> <span class='ocrx_word' id='word_1_83' title='bbox 715 1609 848 1696; x_wconf 87' lang='lat' dir='ltr'>publica.</span> <span class='ocrx_word' id='word_1_84' title='bbox 892 1609 1049 1690; x_wconf 85' lang='lat' dir='ltr'>†Quodsi</span> <span class='ocrx_word' id='word_1_85' title='bbox 1071 1615 1207 1675; x_wconf 90' lang='lat' dir='ltr'>Rornae:</span> <span class='ocrx_word' id='word_1_86' title='bbox 1236 1619 1267 1674; x_wconf 88' lang='lat' dir='ltr'>te</span> <span class='ocrx_word' id='word_1_87' title='bbox 1288 1610 1436 1676; x_wconf 88' lang='lat' dir='ltr'>vidissem</span> <span class='ocrx_word' id='word_1_88' title='bbox 1461 1631 1632 1700; x_wconf 90' lang='lat' dir='ltr'>coramque</span> 
     </span>
    </p>

    <p class='ocr_par' dir='ltr' id='par_1_7' title="bbox 177 1702 1631 1792">
     <span class='ocr_line' id='line_1_12' title="bbox 177 1702 1631 1792; baseline 0.001 -22"><span class='ocrx_word' id='word_1_89' title='bbox 177 1702 185 1720; x_wconf 89' lang='lat'><em>&#39;</em></span> <span class='ocrx_word' id='word_1_90' title='bbox 305 1706 420 1790; x_wconf 76' lang='lat' dir='ltr'>gratias</span> <span class='ocrx_word' id='word_1_91' title='bbox 451 1704 602 1790; x_wconf 88' lang='lat' dir='ltr'>egissem,</span> <span class='ocrx_word' id='word_1_92' title='bbox 639 1705 724 1792; x_wconf 92' lang='lat' dir='ltr'>quod</span> <span class='ocrx_word' id='word_1_93' title='bbox 751 1703 808 1769; x_wconf 91' lang='lat' dir='ltr'>tibi</span> <span class='ocrx_word' id='word_1_94' title='bbox 835 1708 870 1769; x_wconf 88' lang='lat' dir='ltr'>L.</span> <span class='ocrx_word' id='word_1_95' title='bbox 891 1703 1056 1790; x_wconf 76' lang='lat' dir='ltr'>Egnatius,</span> <span class='ocrx_word' id='word_1_96' title='bbox 1092 1703 1354 1770; x_wconf 88' lang='lat' dir='ltr'>familiarissimus</span> <span class='ocrx_word' id='word_1_97' title='bbox 1384 1726 1473 1772; x_wconf 88' lang='lat' dir='ltr'>meus</span> <span class='ocrx_word' id='word_1_98' title='bbox 1504 1705 1631 1784; x_wconf 87' lang='lat' dir='ltr'>absens,</span> 
     </span>
    </p>

    <p class='ocr_par' dir='ltr' id='par_1_8' title="bbox 305 1797 1632 1886">
     <span class='ocr_line' id='line_1_13' title="bbox 305 1797 1632 1886; baseline 0.002 -23"><span class='ocrx_word' id='word_1_99' title='bbox 305 1802 339 1864; x_wconf 90' lang='lat' dir='ltr'>L.</span> <span class='ocrx_word' id='word_1_100' title='bbox 362 1799 483 1885; x_wconf 92' lang='lat' dir='ltr'>Oppius</span> <span class='ocrx_word' id='word_1_101' title='bbox 504 1819 654 1886; x_wconf 90' lang='lat' dir='ltr'>praesens</span> <span class='ocrx_word' id='word_1_102' title='bbox 676 1819 770 1864; x_wconf 86' lang='lat' dir='ltr'>curae</span> <span class='ocrx_word' id='word_1_103' title='bbox 792 1797 911 1863; x_wconf 89' lang='lat' dir='ltr'>fuisset.</span> <span class='ocrx_word' id='word_1_104' title='bbox 963 1801 993 1863; x_wconf 76' lang='lat'>2.</span> <span class='ocrx_word' id='word_1_105' title='bbox 1029 1801 1107 1864; x_wconf 92' lang='lat' dir='ltr'>Cum</span> <span class='ocrx_word' id='word_1_106' title='bbox 1127 1798 1291 1884; x_wconf 82' lang='lat' dir='ltr'>Antipatro</span> <span class='ocrx_word' id='word_1_107' title='bbox 1312 1797 1469 1874; x_wconf 86' lang='lat' dir='ltr'>Derbete(</span> <span class='ocrx_word' id='word_1_108' title='bbox 1470 1799 1547 1866; x_wconf 91' lang='lat' dir='ltr'>mihi</span> <span class='ocrx_word' id='word_1_109' title='bbox 1568 1821 1632 1866; x_wconf 92' lang='lat' dir='ltr'>non</span> 
     </span>
    </p>

    <p class='ocr_par' dir='ltr' id='par_1_9' title="bbox 154 1890 1632 1980">
     <span class='ocr_line' id='line_1_14' title="bbox 154 1890 1632 1980; baseline 0.001 -23"><span class='ocrx_word' id='word_1_110' title='bbox 154 1901 222 1980; x_wconf 48' lang='grc' dir='ltr'>..ῥυ</span> <span class='ocrx_word' id='word_1_111' title='bbox 305 1891 407 1958; x_wconf 92' lang='lat' dir='ltr'>solum</span> <span class='ocrx_word' id='word_1_112' title='bbox 440 1893 626 1979; x_wconf 87' lang='lat' dir='ltr'>hospitium,</span> <span class='ocrx_word' id='word_1_113' title='bbox 659 1913 770 1958; x_wconf 84' lang='lat' dir='ltr'>verum</span> <span class='ocrx_word' id='word_1_114' title='bbox 798 1892 891 1957; x_wconf 91' lang='lat' dir='ltr'>etiam</span> <span class='ocrx_word' id='word_1_115' title='bbox 921 1912 1043 1957; x_wconf 91' lang='lat' dir='ltr'>summa</span> <span class='ocrx_word' id='word_1_116' title='bbox 1078 1890 1272 1956; x_wconf 85' lang='lat' dir='ltr'>familiaritas</span> <span class='ocrx_word' id='word_1_117' title='bbox 1302 1891 1486 1980; x_wconf 63' lang='lat' dir='ltr'>intercedit)</span> <span class='ocrx_word' id='word_1_118' title='bbox 1536 1893 1573 1957; x_wconf 90' lang='lat' dir='ltr'>Ei</span> <span class='ocrx_word' id='word_1_119' title='bbox 1601 1905 1632 1959; x_wconf 88' lang='lat' dir='ltr'>te</span> 
     </span>
    </p>

    <p class='ocr_par' dir='ltr' id='par_1_10' title="bbox 270 1985 1632 2072">
     <span class='ocr_line' id='line_1_15' title="bbox 270 1985 1632 2072; baseline 0.001 -20"><span class='ocrx_word' id='word_1_120' title='bbox 270 1986 506 2052; x_wconf 76' lang='lat' dir='ltr'>revebementer</span> <span class='ocrx_word' id='word_1_121' title='bbox 526 1986 740 2052; x_wconf 85' lang='lat' dir='ltr'>succensuisse</span> <span class='ocrx_word' id='word_1_122' title='bbox 762 1985 868 2051; x_wconf 88' lang='lat' dir='ltr'>andivi</span> <span class='ocrx_word' id='word_1_123' title='bbox 889 1994 920 2050; x_wconf 91' lang='lat' dir='ltr'>et</span> <span class='ocrx_word' id='word_1_124' title='bbox 942 1986 1072 2052; x_wconf 89' lang='lat' dir='ltr'>moleste</span> <span class='ocrx_word' id='word_1_125' title='bbox 1094 1985 1161 2051; x_wconf 92' lang='lat' dir='ltr'>tuli.</span> <span class='ocrx_word' id='word_1_126' title='bbox 1209 1991 1257 2051; x_wconf 89' lang='lat' dir='ltr'>De</span> <span class='ocrx_word' id='word_1_127' title='bbox 1278 2005 1314 2051; x_wconf 85' lang='lat' dir='ltr'>re</span> <span class='ocrx_word' id='word_1_128' title='bbox 1335 1986 1413 2052; x_wconf 90' lang='lat' dir='ltr'>nibil</span> <span class='ocrx_word' id='word_1_129' title='bbox 1433 2006 1562 2072; x_wconf 88' lang='lat' dir='ltr'>possum</span> <span class='ocrx_word' id='word_1_130' title='bbox 1584 1987 1632 2054; x_wconf 92' lang='lat' dir='ltr'>in·</span> 
     </span>
    </p>

    <p class='ocr_par' dir='ltr' id='par_1_11' title="bbox 200 2063 1631 2167">
     <span class='ocr_line' id='line_1_16' title="bbox 200 2063 1631 2167; baseline 0.001 -22"><span class='ocrx_word' id='word_1_131' title='bbox 200 2063 226 2156; x_wconf 51' lang='lat'>,1²</span> <span class='ocrx_word' id='word_1_132' title='bbox 304 2080 425 2160; x_wconf 88' lang='lat' dir='ltr'>dicarc;</span> <span class='ocrx_word' id='word_1_133' title='bbox 454 2081 514 2146; x_wconf 90' lang='lat' dir='ltr'>nisi</span> <span class='ocrx_word' id='word_1_134' title='bbox 536 2081 613 2146; x_wconf 94' lang='lat' dir='ltr'>illud</span> <span class='ocrx_word' id='word_1_135' title='bbox 633 2080 711 2146; x_wconf 91' lang='lat' dir='ltr'>mibi</span> <span class='ocrx_word' id='word_1_136' title='bbox 731 2078 923 2167; x_wconf 84' lang='lat' dir='ltr'>persuadeo,</span> <span class='ocrx_word' id='word_1_137' title='bbox 951 2087 997 2154; x_wconf 89' lang='lat' dir='ltr'>te,</span> <span class='ocrx_word' id='word_1_138' title='bbox 1020 2079 1113 2144; x_wconf 89' lang='lat' dir='ltr'>talem</span> <span class='ocrx_word' id='word_1_139' title='bbox 1134 2079 1255 2164; x_wconf 73' lang='lat' dir='ltr'>dnum,</span> <span class='ocrx_word' id='word_1_140' title='bbox 1276 2078 1355 2145; x_wconf 90' lang='lat' dir='ltr'>nihil</span> <span class='ocrx_word' id='word_1_141' title='bbox 1372 2089 1489 2146; x_wconf 89' lang='lat' dir='ltr'>temere</span> <span class='ocrx_word' id='word_1_142' title='bbox 1509 2078 1631 2147; x_wconf 85' lang='lat' dir='ltr'>fecisse.</span> 
     </span>
    </p>

    <p class='ocr_par' dir='ltr' id='par_1_12' title="bbox 303 2174 1632 2261">
     <span class='ocr_line' id='line_1_17' title="bbox 303 2174 1632 2261; baseline 0.002 -22"><span class='ocrx_word' id='word_1_143' title='bbox 303 2183 329 2239; x_wconf 83' lang='grc'><strong>,1</strong></span> <span class='ocrx_word' id='word_1_144' title='bbox 350 2184 381 2239; x_wconf 90' lang='lat' dir='ltr'>te</span> <span class='ocrx_word' id='word_1_145' title='bbox 403 2184 507 2240; x_wconf 91' lang='lat' dir='ltr'>antem</span> <span class='ocrx_word' id='word_1_146' title='bbox 530 2196 589 2261; x_wconf 91' lang='lat' dir='ltr'>pro</span> <span class='ocrx_word' id='word_1_147' title='bbox 618 2185 725 2241; x_wconf 81' lang='lat' dir='ltr'>vetere</span> <span class='ocrx_word' id='word_1_148' title='bbox 746 2184 852 2240; x_wconf 89' lang='lat' dir='ltr'>nostra</span> <span class='ocrx_word' id='word_1_149' title='bbox 875 2174 1105 2240; x_wconf 87' lang='lat' dir='ltr'>necessitudine</span> <span class='ocrx_word' id='word_1_150' title='bbox 1127 2175 1221 2239; x_wconf 90' lang='lat' dir='ltr'>etiam</span> <span class='ocrx_word' id='word_1_151' title='bbox 1244 2183 1337 2260; x_wconf 71' lang='lat' dir='ltr'>atqoe</span> <span class='ocrx_word' id='word_1_152' title='bbox 1362 2175 1454 2239; x_wconf 90' lang='lat' dir='ltr'>etiam</span> <span class='ocrx_word' id='word_1_153' title='bbox 1475 2183 1567 2260; x_wconf 93' lang='lat' dir='ltr'>peto,</span> <span class='ocrx_word' id='word_1_154' title='bbox 1596 2185 1632 2242; x_wconf 93' lang='lat' dir='ltr'>ut</span> 
     </span>
    </p>

    <p class='ocr_par' dir='ltr' id='par_1_13' title="bbox 303 2267 1631 2357">
     <span class='ocr_line' id='line_1_18' title="bbox 303 2267 1631 2357; baseline 0.002 -24"><span class='ocrx_word' id='word_1_155' title='bbox 303 2267 371 2333; x_wconf 88' lang='lat' dir='ltr'>eius</span> <span class='ocrx_word' id='word_1_156' title='bbox 392 2267 490 2343; x_wconf 90' lang='lat' dir='ltr'>lilios,</span> <span class='ocrx_word' id='word_1_157' title='bbox 523 2273 577 2357; x_wconf 93' lang='lat' dir='ltr'>qui</span> <span class='ocrx_word' id='word_1_158' title='bbox 604 2273 711 2334; x_wconf 90' lang='lat' dir='ltr'>intua</span> <span class='ocrx_word' id='word_1_159' title='bbox 739 2275 891 2354; x_wconf 88' lang='lat' dir='ltr'>potestate</span> <span class='ocrx_word' id='word_1_160' title='bbox 912 2277 999 2343; x_wconf 90' lang='lat' dir='ltr'>sunt,</span> <span class='ocrx_word' id='word_1_161' title='bbox 1036 2267 1112 2333; x_wconf 91' lang='lat' dir='ltr'>mibi</span> <span class='ocrx_word' id='word_1_162' title='bbox 1132 2267 1330 2354; x_wconf 90' lang='lat' dir='ltr'>potissimum</span> <span class='ocrx_word' id='word_1_163' title='bbox 1352 2268 1533 2346; x_wconf 85' lang='lat' dir='ltr'>condones;</span> <span class='ocrx_word' id='word_1_164' title='bbox 1570 2268 1631 2335; x_wconf 91' lang='lat' dir='ltr'>nisi</span> 
     </span>
    </p>

    <p class='ocr_par' dir='ltr' id='par_1_14' title="bbox 304 2359 1631 2447">
     <span class='ocr_line' id='line_1_19' title="bbox 304 2359 1631 2447; baseline 0.002 -21"><span class='ocrx_word' id='word_1_165' title='bbox 304 2359 378 2447; x_wconf 90' lang='lat' dir='ltr'>quid</span> <span class='ocrx_word' id='word_1_166' title='bbox 401 2361 561 2426; x_wconf 81' lang='lat' dir='ltr'>existimas</span> <span class='ocrx_word' id='word_1_167' title='bbox 583 2361 616 2426; x_wconf 92' lang='lat' dir='ltr'>in</span> <span class='ocrx_word' id='word_1_168' title='bbox 638 2382 674 2426; x_wconf 89' lang='lat' dir='ltr'>ea</span> <span class='ocrx_word' id='word_1_169' title='bbox 696 2382 732 2427; x_wconf 91' lang='lat' dir='ltr'>re</span> <span class='ocrx_word' id='word_1_170' title='bbox 753 2361 866 2426; x_wconf 83' lang='lat' dir='ltr'>violari</span> <span class='ocrx_word' id='word_1_171' title='bbox 889 2361 1151 2426; x_wconf 84' lang='lat' dir='ltr'>existimationem</span> <span class='ocrx_word' id='word_1_172' title='bbox 1173 2370 1268 2428; x_wconf 90' lang='lat' dir='ltr'>tuam.</span> <span class='ocrx_word' id='word_1_173' title='bbox 1313 2359 1407 2439; x_wconf 89' lang='lat' dir='ltr'>Quod</span> <span class='ocrx_word' id='word_1_174' title='bbox 1430 2381 1490 2445; x_wconf 88' lang='lat' dir='ltr'>ego</span> <span class='ocrx_word' id='word_1_175' title='bbox 1504 2362 1532 2428; x_wconf 85' lang='lat' dir='ltr'>si</span> <span class='ocrx_word' id='word_1_176' title='bbox 1547 2360 1631 2428; x_wconf 88' lang='lat' dir='ltr'>arbi·-</span> 
     </span>
    </p>

    <p class='ocr_par' dir='ltr' id='par_1_15' title="bbox 268 2454 1630 2541">
     <span class='ocr_line' id='line_1_20' title="bbox 268 2454 1630 2541; baseline 0.003 -23"><span class='ocrx_word' id='word_1_177' title='bbox 268 2467 420 2528; x_wconf 82' lang='lat' dir='ltr'>eotrarer,</span> <span class='ocrx_word' id='word_1_178' title='bbox 453 2475 612 2541; x_wconf 89' lang='lat' dir='ltr'>nunquam</span> <span class='ocrx_word' id='word_1_179' title='bbox 636 2463 668 2520; x_wconf 90' lang='lat' dir='ltr'>te</span> <span class='ocrx_word' id='word_1_180' title='bbox 689 2475 852 2541; x_wconf 79' lang='lat' dir='ltr'>rogarem,</span> <span class='ocrx_word' id='word_1_181' title='bbox 888 2454 1033 2541; x_wconf 77' lang='lat' dir='ltr'>inibique</span> <span class='ocrx_word' id='word_1_182' title='bbox 1054 2464 1108 2520; x_wconf 92' lang='lat' dir='ltr'>tna</span> <span class='ocrx_word' id='word_1_183' title='bbox 1128 2454 1210 2520; x_wconf 89' lang='lat' dir='ltr'>fama</span> <span class='ocrx_word' id='word_1_184' title='bbox 1231 2455 1331 2521; x_wconf 93' lang='lat' dir='ltr'>multo</span> <span class='ocrx_word' id='word_1_185' title='bbox 1352 2455 1512 2541; x_wconf 85' lang='lat' dir='ltr'>antiquior</span> <span class='ocrx_word' id='word_1_186' title='bbox 1532 2465 1630 2532; x_wconf 88' lang='lat' dir='ltr'>esset,</span> 
     </span>
    </p>

    <p class='ocr_par' dir='ltr' id='par_1_16' title="bbox 303 2547 1631 2635">
     <span class='ocr_line' id='line_1_21' title="bbox 303 2547 1631 2635; baseline 0.002 -23"><span class='ocrx_word' id='word_1_187' title='bbox 303 2569 396 2634; x_wconf 90' lang='lat' dir='ltr'>qnam</span> <span class='ocrx_word' id='word_1_188' title='bbox 422 2547 475 2613; x_wconf 90' lang='lat' dir='ltr'>illa</span> <span class='ocrx_word' id='word_1_189' title='bbox 503 2548 701 2614; x_wconf 90' lang='lat' dir='ltr'>necessitudo</span> <span class='ocrx_word' id='word_1_190' title='bbox 733 2560 791 2615; x_wconf 90' lang='lat' dir='ltr'>est.</span> <span class='ocrx_word' id='word_1_191' title='bbox 846 2549 908 2614; x_wconf 89' lang='lat' dir='ltr'>Sed</span> <span class='ocrx_word' id='word_1_192' title='bbox 929 2548 1006 2614; x_wconf 92' lang='lat' dir='ltr'>mihi</span> <span class='ocrx_word' id='word_1_193' title='bbox 1027 2554 1069 2615; x_wconf 91' lang='lat' dir='ltr'>ita</span> <span class='ocrx_word' id='word_1_194' title='bbox 1090 2548 1266 2635; x_wconf 90' lang='lat' dir='ltr'>persuadeo</span> <span class='ocrx_word' id='word_1_195' title='bbox 1288 2581 1327 2594; x_wconf 87' lang='lat'>-</span> <span class='ocrx_word' id='word_1_196' title='bbox 1350 2558 1453 2635; x_wconf 88' lang='lat' dir='ltr'>potest</span> <span class='ocrx_word' id='word_1_197' title='bbox 1473 2547 1560 2622; x_wconf 87' lang='lat' dir='ltr'>fieri,</span> <span class='ocrx_word' id='word_1_198' title='bbox 1596 2559 1631 2616; x_wconf 94' lang='lat' dir='ltr'>nt</span> 
     </span>
    </p>

    <p class='ocr_par' dir='ltr' id='par_1_17' title="bbox 303 2640 1629 2729">
     <span class='ocr_line' id='line_1_22' title="bbox 303 2640 1629 2729; baseline 0.001 -23"><span class='ocrx_word' id='word_1_199' title='bbox 303 2640 394 2706; x_wconf 91' lang='lat' dir='ltr'>fallar</span> <span class='ocrx_word' id='word_1_200' title='bbox 415 2677 472 2714; x_wconf 86' lang='lat'>-,</span> <span class='ocrx_word' id='word_1_201' title='bbox 505 2664 574 2707; x_wconf 87' lang='lat' dir='ltr'>earn</span> <span class='ocrx_word' id='word_1_202' title='bbox 602 2664 671 2708; x_wconf 91' lang='lat' dir='ltr'>rem</span> <span class='ocrx_word' id='word_1_203' title='bbox 701 2642 786 2709; x_wconf 90' lang='lat' dir='ltr'>laudi</span> <span class='ocrx_word' id='word_1_204' title='bbox 812 2641 870 2708; x_wconf 91' lang='lat' dir='ltr'>tibi</span> <span class='ocrx_word' id='word_1_205' title='bbox 898 2641 1003 2729; x_wconf 92' lang='lat' dir='ltr'>potius</span> <span class='ocrx_word' id='word_1_206' title='bbox 1038 2663 1132 2729; x_wconf 94' lang='lat' dir='ltr'>quam</span> <span class='ocrx_word' id='word_1_207' title='bbox 1163 2642 1387 2729; x_wconf 79' lang='lat' dir='ltr'>vituperationi</span> <span class='ocrx_word' id='word_1_208' title='bbox 1416 2641 1495 2708; x_wconf 92' lang='lat' dir='ltr'>fore.</span> <span class='ocrx_word' id='word_1_209' title='bbox 1547 2641 1629 2721; x_wconf 89' lang='lat' dir='ltr'>Quid</span> 
     </span>
    </p>

    <p class='ocr_par' dir='ltr' id='par_1_18' title="bbox 302 2734 1628 2915">
     <span class='ocr_line' id='line_1_23' title="bbox 302 2734 1628 2825; baseline 0.002 -26"><span class='ocrx_word' id='word_1_210' title='bbox 302 2734 370 2800; x_wconf 88' lang='lat' dir='ltr'>lieri</span> <span class='ocrx_word' id='word_1_211' title='bbox 398 2736 498 2822; x_wconf 93' lang='lat' dir='ltr'>possit</span> <span class='ocrx_word' id='word_1_212' title='bbox 529 2749 559 2802; x_wconf 90' lang='lat' dir='ltr'>et</span> <span class='ocrx_word' id='word_1_213' title='bbox 588 2735 665 2825; x_wconf 92' lang='lat' dir='ltr'>qnid</span> <span class='ocrx_word' id='word_1_214' title='bbox 686 2758 755 2802; x_wconf 90' lang='lat' dir='ltr'>mea</span> <span class='ocrx_word' id='word_1_215' title='bbox 777 2757 869 2802; x_wconf 88' lang='lat' dir='ltr'>eausa</span> <span class='ocrx_word' id='word_1_216' title='bbox 890 2736 996 2802; x_wconf 88' lang='lat' dir='ltr'>facere</span> <span class='ocrx_word' id='word_1_217' title='bbox 1017 2737 1119 2823; x_wconf 90' lang='lat' dir='ltr'>possis</span> <span class='ocrx_word' id='word_1_218' title='bbox 1141 2773 1182 2784; x_wconf 92' lang='lat'>-·</span> <span class='ocrx_word' id='word_1_219' title='bbox 1205 2759 1291 2812; x_wconf 86' lang='lat' dir='ltr'>narn,</span> <span class='ocrx_word' id='word_1_220' title='bbox 1327 2735 1403 2823; x_wconf 91' lang='lat' dir='ltr'>quin</span> <span class='ocrx_word' id='word_1_221' title='bbox 1436 2737 1528 2810; x_wconf 84' lang='lat' dir='ltr'>ralis,</span> <span class='ocrx_word' id='word_1_222' title='bbox 1565 2756 1628 2801; x_wconf 90' lang='lat' dir='ltr'>non</span> 
     </span>
     <span class='ocr_line' id='line_1_24' title="bbox 303 2828 1442 2915; baseline 0.002 -21"><span class='ocrx_word' id='word_1_223' title='bbox 303 2828 413 2895; x_wconf 92' lang='lat' dir='ltr'>dubito</span> <span class='ocrx_word' id='word_1_224' title='bbox 439 2867 489 2904; x_wconf 93' lang='lat'>-,</span> <span class='ocrx_word' id='word_1_225' title='bbox 512 2830 622 2906; x_wconf 83' lang='lat' dir='ltr'>velim,</span> <span class='ocrx_word' id='word_1_226' title='bbox 645 2831 671 2897; x_wconf 88' lang='lat' dir='ltr'>si</span> <span class='ocrx_word' id='word_1_227' title='bbox 694 2829 752 2897; x_wconf 91' lang='lat' dir='ltr'>tibi</span> <span class='ocrx_word' id='word_1_228' title='bbox 773 2851 868 2915; x_wconf 86' lang='lat' dir='ltr'>grave</span> <span class='ocrx_word' id='word_1_229' title='bbox 890 2851 953 2896; x_wconf 93' lang='lat' dir='ltr'>non</span> <span class='ocrx_word' id='word_1_230' title='bbox 975 2830 1051 2903; x_wconf 92' lang='lat' dir='ltr'>erit,</span> <span class='ocrx_word' id='word_1_231' title='bbox 1075 2832 1244 2897; x_wconf 90' lang='lat' dir='ltr'>certiorem</span> <span class='ocrx_word' id='word_1_232' title='bbox 1265 2851 1316 2896; x_wconf 93' lang='lat' dir='ltr'>me</span> <span class='ocrx_word' id='word_1_233' title='bbox 1337 2831 1442 2896; x_wconf 89' lang='lat' dir='ltr'>facias.</span> 
     </span>
    </p>
   </div>
   <div class='ocr_carea' id='block_1_6' title="bbox 264 2973 1191 3057">
    <p class='ocr_par' dir='ltr' id='par_1_19' title="bbox 264 2973 1191 3057">
     <span class='ocr_line' id='line_1_25' title="bbox 264 2973 1191 3057; baseline -0.002 -20"><span class='ocrx_word' id='word_1_234' title='bbox 264 2979 292 3018; x_wconf 72' lang='lat'>¹⁵</span> <span class='ocrx_word' id='word_1_235' title='bbox 739 2974 875 3038; x_wconf 71' lang='lat' dir='ltr'>arms.</span> <span class='ocrx_word' id='word_1_236' title='bbox 919 2974 968 3057; x_wconf 74' lang='lat' dir='ltr'>(A.</span> <span class='ocrx_word' id='word_1_237' title='bbox 994 2974 1026 3037; x_wconf 84' lang='lat' dir='ltr'>a.</span> <span class='ocrx_word' id='word_1_238' title='bbox 1051 2977 1083 3038; x_wconf 83' lang='lat' dir='ltr'>a.</span> <span class='ocrx_word' id='word_1_239' title='bbox 1105 2973 1191 3057; x_wconf 83' lang='lat' dir='ltr'>aas.)</span> 
     </span>
    </p>
   </div>
   <div class='ocr_carea' id='block_1_7' title="bbox 604 3095 1323 3172">
    <p class='ocr_par' dir='ltr' id='par_1_20' title="bbox 604 3095 1323 3172">
     <span class='ocr_line' id='line_1_26' title="bbox 604 3095 1323 3172; baseline -0.003 -12"><span class='ocrx_word' id='word_1_240' title='bbox 604 3098 646 3160; x_wconf 86' lang='grc'>11.</span> <span class='ocrx_word' id='word_1_241' title='bbox 669 3097 812 3160; x_wconf 86' lang='lat' dir='ltr'>CICERO</span> <span class='ocrx_word' id='word_1_242' title='bbox 836 3096 874 3172; x_wconf 87' lang='lat' dir='ltr'>Q.</span> <span class='ocrx_word' id='word_1_243' title='bbox 896 3097 1079 3159; x_wconf 84' lang='lat' dir='ltr'>PHILIPPO</span> <span class='ocrx_word' id='word_1_244' title='bbox 1101 3095 1268 3160; x_wconf 87' lang='lat' dir='ltr'>PROCOS.</span> <span class='ocrx_word' id='word_1_245' title='bbox 1292 3097 1323 3159; x_wconf 90' lang='lat' dir='ltr'>S.</span> 
     </span>
    </p>
   </div>
   <div class='ocr_carea' id='block_1_8' title="bbox 165 3205 1629 3948">
    <p class='ocr_par' dir='ltr' id='par_1_21' title="bbox 165 3205 1629 3857">
     <span class='ocr_line' id='line_1_27' title="bbox 383 3205 1629 3293; baseline 0 -22"><span class='ocrx_word' id='word_1_246' title='bbox 383 3207 449 3272; x_wconf 87' lang='lat' dir='ltr'>Etsi</span> <span class='ocrx_word' id='word_1_247' title='bbox 479 3227 542 3272; x_wconf 92' lang='lat' dir='ltr'>non</span> <span class='ocrx_word' id='word_1_248' title='bbox 568 3205 679 3272; x_wconf 92' lang='lat' dir='ltr'>dubito</span> <span class='ocrx_word' id='word_1_249' title='bbox 707 3227 767 3293; x_wconf 94' lang='lat' dir='ltr'>pro</span> <span class='ocrx_word' id='word_1_250' title='bbox 798 3215 851 3272; x_wconf 89' lang='lat' dir='ltr'>tua</span> <span class='ocrx_word' id='word_1_251' title='bbox 871 3206 904 3271; x_wconf 91' lang='lat' dir='ltr'>in</span> <span class='ocrx_word' id='word_1_252' title='bbox 926 3227 977 3272; x_wconf 91' lang='lat' dir='ltr'>me</span> <span class='ocrx_word' id='word_1_253' title='bbox 999 3205 1199 3271; x_wconf 84' lang='lat' dir='ltr'>observantia</span> <span class='ocrx_word' id='word_1_254' title='bbox 1221 3225 1343 3292; x_wconf 92' lang='lat' dir='ltr'>proque</span> <span class='ocrx_word' id='word_1_255' title='bbox 1365 3214 1472 3271; x_wconf 90' lang='lat' dir='ltr'>nostra</span> <span class='ocrx_word' id='word_1_256' title='bbox 1493 3207 1629 3272; x_wconf 88' lang='lat' dir='ltr'>necessi-</span> 
     </span>
     <span class='ocr_line' id='line_1_28' title="bbox 299 3297 1628 3388; baseline 0.002 -25"><span class='ocrx_word' id='word_1_257' title='bbox 299 3297 424 3374; x_wconf 87' lang='lat' dir='ltr'>tudine,</span> <span class='ocrx_word' id='word_1_258' title='bbox 447 3300 524 3386; x_wconf 92' lang='lat' dir='ltr'>quin</span> <span class='ocrx_word' id='word_1_259' title='bbox 539 3299 842 3367; x_wconf 88' lang='lat' dir='ltr'>commendationem</span> <span class='ocrx_word' id='word_1_260' title='bbox 857 3319 959 3366; x_wconf 91' lang='lat' dir='ltr'>meam</span> <span class='ocrx_word' id='word_1_261' title='bbox 975 3299 1127 3365; x_wconf 89' lang='lat' dir='ltr'>memoria</span> <span class='ocrx_word' id='word_1_262' title='bbox 1142 3307 1265 3373; x_wconf 91' lang='lat' dir='ltr'>teneas,</span> <span class='ocrx_word' id='word_1_263' title='bbox 1293 3307 1397 3363; x_wconf 91' lang='lat' dir='ltr'>tamen</span> <span class='ocrx_word' id='word_1_264' title='bbox 1413 3303 1506 3365; x_wconf 90' lang='lat' dir='ltr'>etiam</span> <span class='ocrx_word' id='word_1_265' title='bbox 1534 3309 1628 3388; x_wconf 91' lang='lat' dir='ltr'>atque</span> 
     </span>
     <span class='ocr_line' id='line_1_29' title="bbox 165 3377 1628 3492; baseline 0.004 -38"><span class='ocrx_word' id='word_1_266' title='bbox 165 3377 195 3492; x_wconf 47' lang='grc' dir='ltr'>(ις’</span> <span class='ocrx_word' id='word_1_267' title='bbox 299 3391 393 3458; x_wconf 88' lang='lat' dir='ltr'>etiam</span> <span class='ocrx_word' id='word_1_268' title='bbox 429 3392 563 3460; x_wconf 88' lang='lat' dir='ltr'>eundem</span> <span class='ocrx_word' id='word_1_269' title='bbox 592 3393 650 3459; x_wconf 92' lang='lat' dir='ltr'>tibi</span> <span class='ocrx_word' id='word_1_270' title='bbox 679 3399 714 3460; x_wconf 86' lang='lat' dir='ltr'>L.</span> <span class='ocrx_word' id='word_1_271' title='bbox 748 3395 898 3482; x_wconf 92' lang='lat' dir='ltr'>Oppium,</span> <span class='ocrx_word' id='word_1_272' title='bbox 935 3392 1121 3486; x_wconf 80' lang='lat' dir='ltr'>familiarem</span> <span class='ocrx_word' id='word_1_273' title='bbox 1150 3413 1256 3459; x_wconf 88' lang='lat' dir='ltr'>meum</span> <span class='ocrx_word' id='word_1_274' title='bbox 1283 3403 1494 3478; x_wconf 86' lang='lat' dir='ltr'>praesentem,</span> <span class='ocrx_word' id='word_1_275' title='bbox 1531 3403 1563 3460; x_wconf 86' lang='lat' dir='ltr'>et</span> <span class='ocrx_word' id='word_1_276' title='bbox 1593 3398 1628 3460; x_wconf 91' lang='lat' dir='ltr'>L.</span> 
     </span>
     <span class='ocr_line' id='line_1_30' title="bbox 263 3485 1627 3579; baseline 0.002 -30"><span class='ocrx_word' id='word_1_277' title='bbox 263 3485 437 3570; x_wconf 78' lang='lat' dir='ltr'>aaEgnatii,</span> <span class='ocrx_word' id='word_1_278' title='bbox 459 3486 695 3553; x_wconf 77' lang='lat' dir='ltr'>familiarissimi</span> <span class='ocrx_word' id='word_1_279' title='bbox 717 3488 793 3563; x_wconf 92' lang='lat' dir='ltr'>mei,</span> <span class='ocrx_word' id='word_1_280' title='bbox 817 3486 955 3553; x_wconf 89' lang='lat' dir='ltr'>absentis</span> <span class='ocrx_word' id='word_1_281' title='bbox 969 3488 1095 3573; x_wconf 90' lang='lat' dir='ltr'>negotia</span> <span class='ocrx_word' id='word_1_282' title='bbox 1110 3485 1306 3552; x_wconf 90' lang='lat' dir='ltr'>commendo.</span> <span class='ocrx_word' id='word_1_283' title='bbox 1348 3485 1537 3579; x_wconf 60' lang='lat' dir='ltr'>Tantqmibi</span> <span class='ocrx_word' id='word_1_284' title='bbox 1555 3507 1627 3553; x_wconf 89' lang='lat' dir='ltr'>cum</span> 
     </span>
     <span class='ocr_line' id='line_1_31' title="bbox 191 3579 1627 3673; baseline 0.004 -32"><span class='ocrx_word' id='word_1_285' title='bbox 191 3586 266 3654; x_wconf 52' lang='grc' dir='ltr'>,φ</span> <span class='ocrx_word' id='word_1_286' title='bbox 301 3597 340 3642; x_wconf 91' lang='lat' dir='ltr'>eo</span> <span class='ocrx_word' id='word_1_287' title='bbox 362 3579 559 3646; x_wconf 88' lang='lat' dir='ltr'>necessitudo</span> <span class='ocrx_word' id='word_1_288' title='bbox 580 3591 628 3670; x_wconf 72' lang='lat' dir='ltr'>pst</span> <span class='ocrx_word' id='word_1_289' title='bbox 649 3581 922 3673; x_wconf 74' lang='lat' dir='ltr'>familiaritasque)</span> <span class='ocrx_word' id='word_1_290' title='bbox 944 3589 994 3656; x_wconf 90' lang='lat' dir='ltr'>ut,</span> <span class='ocrx_word' id='word_1_291' title='bbox 1016 3581 1044 3646; x_wconf 89' lang='lat' dir='ltr'>si</span> <span class='ocrx_word' id='word_1_292' title='bbox 1064 3601 1134 3646; x_wconf 88' lang='lat' dir='ltr'>mea</span> <span class='ocrx_word' id='word_1_293' title='bbox 1156 3601 1207 3647; x_wconf 90' lang='lat' dir='ltr'>res</span> <span class='ocrx_word' id='word_1_294' title='bbox 1229 3590 1325 3656; x_wconf 89' lang='lat' dir='ltr'>esset,</span> <span class='ocrx_word' id='word_1_295' title='bbox 1348 3600 1410 3646; x_wconf 94' lang='lat' dir='ltr'>non</span> <span class='ocrx_word' id='word_1_296' title='bbox 1426 3587 1523 3668; x_wconf 89' lang='lat' dir='ltr'>magis</span> <span class='ocrx_word' id='word_1_297' title='bbox 1539 3580 1627 3647; x_wconf 91' lang='lat' dir='ltr'>labo-</span> 
     </span>
     <span class='ocr_line' id='line_1_32' title="bbox 300 3673 1627 3761; baseline 0.004 -25"><span class='ocrx_word' id='word_1_298' title='bbox 300 3691 415 3736; x_wconf 89' lang='lat' dir='ltr'>rarem.</span> <span class='ocrx_word' id='word_1_299' title='bbox 458 3676 660 3761; x_wconf 89' lang='lat' dir='ltr'>Quapropter</span> <span class='ocrx_word' id='word_1_300' title='bbox 680 3675 892 3760; x_wconf 88' lang='lat' dir='ltr'>gratissimum</span> <span class='ocrx_word' id='word_1_301' title='bbox 913 3673 991 3740; x_wconf 91' lang='lat' dir='ltr'>mihi</span> <span class='ocrx_word' id='word_1_302' title='bbox 1011 3673 1140 3747; x_wconf 88' lang='lat' dir='ltr'>feceris,</span> <span class='ocrx_word' id='word_1_303' title='bbox 1163 3677 1188 3740; x_wconf 90' lang='lat' dir='ltr'>si</span> <span class='ocrx_word' id='word_1_304' title='bbox 1207 3674 1347 3749; x_wconf 89' lang='lat' dir='ltr'>curaris,</span> <span class='ocrx_word' id='word_1_305' title='bbox 1370 3683 1406 3740; x_wconf 92' lang='lat' dir='ltr'>nt</span> <span class='ocrx_word' id='word_1_306' title='bbox 1426 3674 1453 3740; x_wconf 90' lang='lat' dir='ltr'>is</span> <span class='ocrx_word' id='word_1_307' title='bbox 1474 3673 1627 3760; x_wconf 89' lang='lat' dir='ltr'>intelligat</span> 
     </span>
     <span class='ocr_line' id='line_1_33' title="bbox 300 3766 1627 3857; baseline 0.003 -27"><span class='ocrx_word' id='word_1_308' title='bbox 300 3787 350 3830; x_wconf 93' lang='lat' dir='ltr'>me</span> <span class='ocrx_word' id='word_1_309' title='bbox 372 3787 391 3832; x_wconf 91' lang='lat' dir='ltr'>a</span> <span class='ocrx_word' id='word_1_310' title='bbox 412 3775 442 3832; x_wconf 89' lang='lat' dir='ltr'>te</span> <span class='ocrx_word' id='word_1_311' title='bbox 465 3775 583 3833; x_wconf 90' lang='lat' dir='ltr'>tantum</span> <span class='ocrx_word' id='word_1_312' title='bbox 605 3770 719 3842; x_wconf 92' lang='lat' dir='ltr'>amari,</span> <span class='ocrx_word' id='word_1_313' title='bbox 743 3779 893 3857; x_wconf 77' lang='lat' dir='ltr'>quamum</span> <span class='ocrx_word' id='word_1_314' title='bbox 915 3768 983 3855; x_wconf 88' lang='lat' dir='ltr'>ipse</span> <span class='ocrx_word' id='word_1_315' title='bbox 1005 3768 1163 3836; x_wconf 83' lang='lat' dir='ltr'>existimo.</span> <span class='ocrx_word' id='word_1_316' title='bbox 1205 3771 1279 3834; x_wconf 85' lang='lat' dir='ltr'>Hoc</span> <span class='ocrx_word' id='word_1_317' title='bbox 1295 3767 1373 3833; x_wconf 92' lang='lat' dir='ltr'>mihi</span> <span class='ocrx_word' id='word_1_318' title='bbox 1388 3771 1507 3854; x_wconf 78' lang='lat' dir='ltr'>greum</span> <span class='ocrx_word' id='word_1_319' title='bbox 1521 3766 1627 3834; x_wconf 89' lang='lat' dir='ltr'>facere</span> 
     </span>
    </p>

    <p class='ocr_par' dir='ltr' id='par_1_22' title="bbox 300 3859 1195 3948">
     <span class='ocr_line' id='line_1_34' title="bbox 300 3859 1195 3948; baseline 0.001 -23"><span class='ocrx_word' id='word_1_320' title='bbox 300 3859 377 3925; x_wconf 89' lang='lat' dir='ltr'>nibil</span> <span class='ocrx_word' id='word_1_321' title='bbox 398 3869 504 3946; x_wconf 88' lang='lat' dir='ltr'>potes;</span> <span class='ocrx_word' id='word_1_322' title='bbox 527 3861 621 3944; x_wconf 91' lang='lat' dir='ltr'>idque</span> <span class='ocrx_word' id='word_1_323' title='bbox 643 3872 678 3927; x_wconf 91' lang='lat' dir='ltr'>nt</span> <span class='ocrx_word' id='word_1_324' title='bbox 698 3862 806 3936; x_wconf 84' lang='lat' dir='ltr'>facias,</span> <span class='ocrx_word' id='word_1_325' title='bbox 831 3871 861 3928; x_wconf 93' lang='lat' dir='ltr'>te</span> <span class='ocrx_word' id='word_1_326' title='bbox 883 3861 1085 3928; x_wconf 88' lang='lat' dir='ltr'>vehementer</span> <span class='ocrx_word' id='word_1_327' title='bbox 1105 3882 1195 3948; x_wconf 91' lang='lat' dir='ltr'>rogo.</span> 
     </span>
    </p>
   </div>
   <div class='ocr_carea' id='block_1_9' title="bbox 263 4001 1187 4082">
    <p class='ocr_par' dir='ltr' id='par_1_23' title="bbox 263 4001 1187 4082">
     <span class='ocr_line' id='line_1_35' title="bbox 263 4001 1187 4082; baseline -0.001 -14"><span class='ocrx_word' id='word_1_328' title='bbox 263 4029 291 4070; x_wconf 83' lang='lat' dir='ltr'>sa</span> <span class='ocrx_word' id='word_1_329' title='bbox 750 4005 868 4068; x_wconf 80' lang='lat' dir='ltr'><strong>LXXV.</strong></span> <span class='ocrx_word' id='word_1_330' title='bbox 911 4001 962 4082; x_wconf 77' lang='lat' dir='ltr'>(A.</span> <span class='ocrx_word' id='word_1_331' title='bbox 989 4007 1021 4068; x_wconf 84' lang='lat' dir='ltr'>ll.</span> <span class='ocrx_word' id='word_1_332' title='bbox 1044 4005 1076 4070; x_wconf 83' lang='lat' dir='ltr'>C.</span> <span class='ocrx_word' id='word_1_333' title='bbox 1098 4006 1187 4080; x_wconf 78' lang='lat'><strong>⁷02.)</strong></span> 
     </span>
    </p>
   </div>
   <div class='ocr_carea' id='block_1_10' title="bbox 559 4125 1360 4191">
    <p class='ocr_par' dir='ltr' id='par_1_24' title="bbox 559 4125 1360 4191">
     <span class='ocr_line' id='line_1_36' title="bbox 559 4125 1360 4191; baseline 0.001 -2"><span class='ocrx_word' id='word_1_334' title='bbox 559 4127 600 4190; x_wconf 88' lang='lat' dir='ltr'>M.</span> <span class='ocrx_word' id='word_1_335' title='bbox 623 4125 767 4190; x_wconf 84' lang='lat' dir='ltr'>CICERO</span> <span class='ocrx_word' id='word_1_336' title='bbox 788 4128 824 4191; x_wconf 82' lang='grc' dir='ltr'>Τ.</span> <span class='ocrx_word' id='word_1_337' title='bbox 846 4127 953 4190; x_wconf 85' lang='lat' dir='ltr'>TITIO</span> <span class='ocrx_word' id='word_1_338' title='bbox 975 4129 1011 4190; x_wconf 81' lang='grc' dir='ltr'>Τ.</span> <span class='ocrx_word' id='word_1_339' title='bbox 1031 4130 1065 4190; x_wconf 84' lang='lat' dir='ltr'>F.</span> <span class='ocrx_word' id='word_1_340' title='bbox 1088 4125 1246 4190; x_wconf 75' lang='lat' dir='ltr'>musto</span> <span class='ocrx_word' id='word_1_341' title='bbox 1269 4127 1301 4190; x_wconf 89' lang='lat' dir='ltr'>S.</span> <span class='ocrx_word' id='word_1_342' title='bbox 1323 4129 1360 4190; x_wconf 89' lang='lat' dir='ltr'>D.</span> 
     </span>
    </p>
   </div>
   <div class='ocr_carea' id='block_1_11' title="bbox 177 4235 1625 4510">
    <p class='ocr_par' dir='ltr' id='par_1_25' title="bbox 177 4235 1625 4510">
     <span class='ocr_line' id='line_1_37' title="bbox 385 4235 1625 4323; baseline 0 -23"><span class='ocrx_word' id='word_1_343' title='bbox 385 4239 413 4301; x_wconf 89' lang='lat'>1.</span> <span class='ocrx_word' id='word_1_344' title='bbox 447 4236 512 4300; x_wconf 90' lang='lat' dir='ltr'>Etsi</span> <span class='ocrx_word' id='word_1_345' title='bbox 539 4257 602 4302; x_wconf 92' lang='lat' dir='ltr'>non</span> <span class='ocrx_word' id='word_1_346' title='bbox 630 4235 756 4311; x_wconf 91' lang='lat' dir='ltr'>dubito,</span> <span class='ocrx_word' id='word_1_347' title='bbox 787 4236 863 4323; x_wconf 91' lang='lat' dir='ltr'>quin</span> <span class='ocrx_word' id='word_1_348' title='bbox 894 4235 977 4323; x_wconf 91' lang='lat' dir='ltr'>apud</span> <span class='ocrx_word' id='word_1_349' title='bbox 1005 4248 1035 4303; x_wconf 93' lang='lat' dir='ltr'>te</span> <span class='ocrx_word' id='word_1_350' title='bbox 1065 4255 1134 4301; x_wconf 91' lang='lat' dir='ltr'>mea</span> <span class='ocrx_word' id='word_1_351' title='bbox 1163 4235 1392 4302; x_wconf 89' lang='lat' dir='ltr'>commendatio</span> <span class='ocrx_word' id='word_1_352' title='bbox 1422 4236 1525 4322; x_wconf 87' lang='lat' dir='ltr'>prima</span> <span class='ocrx_word' id='word_1_353' title='bbox 1550 4239 1625 4301; x_wconf 89' lang='lat' dir='ltr'>satis</span> 
     </span>
     <span class='ocr_line' id='line_1_38' title="bbox 177 4328 1625 4422; baseline -0.003 -23"><span class='ocrx_word' id='word_1_354' title='bbox 177 4379 193 4422; x_wconf 52' lang='lat'>‚3</span> <span class='ocrx_word' id='word_1_355' title='bbox 298 4329 413 4404; x_wconf 82' lang='lat' dir='ltr'>valeat,</span> <span class='ocrx_word' id='word_1_356' title='bbox 435 4338 539 4393; x_wconf 91' lang='lat' dir='ltr'>tamen</span> <span class='ocrx_word' id='word_1_357' title='bbox 561 4329 723 4416; x_wconf 87' lang='lat' dir='ltr'>obsequor</span> <span class='ocrx_word' id='word_1_358' title='bbox 742 4328 862 4394; x_wconf 91' lang='lat' dir='ltr'>bomini</span> <span class='ocrx_word' id='word_1_359' title='bbox 883 4328 1143 4403; x_wconf 88' lang='lat' dir='ltr'>familiarissimo,</span> <span class='ocrx_word' id='word_1_360' title='bbox 1176 4331 1209 4395; x_wconf 94' lang='lat' dir='ltr'>C.</span> <span class='ocrx_word' id='word_1_361' title='bbox 1232 4329 1364 4394; x_wconf 81' lang='lat' dir='ltr'>Avianio</span> <span class='ocrx_word' id='word_1_362' title='bbox 1386 4328 1512 4406; x_wconf 84' lang='lat' dir='ltr'>Flacco,</span> <span class='ocrx_word' id='word_1_363' title='bbox 1536 4329 1625 4395; x_wconf 88' lang='lat' dir='ltr'>anius</span> 
     </span>
     <span class='ocr_line' id='line_1_39' title="bbox 298 4420 1625 4510; baseline 0 -22"><span class='ocrx_word' id='word_1_364' title='bbox 298 4443 391 4489; x_wconf 91' lang='lat' dir='ltr'>causa</span> <span class='ocrx_word' id='word_1_365' title='bbox 412 4423 517 4488; x_wconf 88' lang='lat' dir='ltr'>omnia</span> <span class='ocrx_word' id='word_1_366' title='bbox 538 4443 608 4488; x_wconf 88' lang='lat' dir='ltr'>cunr</span> <span class='ocrx_word' id='word_1_367' title='bbox 631 4424 742 4509; x_wconf 89' lang='lat' dir='ltr'>cupio,</span> <span class='ocrx_word' id='word_1_368' title='bbox 770 4433 836 4490; x_wconf 89' lang='lat' dir='ltr'>tum</span> <span class='ocrx_word' id='word_1_369' title='bbox 858 4422 1036 4489; x_wconf 89' lang='lat' dir='ltr'>mehercule</span> <span class='ocrx_word' id='word_1_370' title='bbox 1058 4423 1152 4489; x_wconf 90' lang='lat' dir='ltr'>etiam</span> <span class='ocrx_word' id='word_1_371' title='bbox 1174 4420 1286 4488; x_wconf 91' lang='lat' dir='ltr'>debeo.</span> <span class='ocrx_word' id='word_1_372' title='bbox 1326 4427 1374 4487; x_wconf 88' lang='lat' dir='ltr'>De</span> <span class='ocrx_word' id='word_1_373' title='bbox 1399 4443 1464 4510; x_wconf 94' lang='lat' dir='ltr'>quo</span> <span class='ocrx_word' id='word_1_374' title='bbox 1482 4431 1513 4489; x_wconf 91' lang='lat' dir='ltr'>et</span> <span class='ocrx_word' id='word_1_375' title='bbox 1532 4443 1625 4509; x_wconf 89' lang='lat' dir='ltr'>prae·</span> 
     </span>
    </p>
   </div>
   <div class='ocr_carea' id='block_1_12' title="bbox 299 4639 1625 5114">
    <p class='ocr_par' dir='ltr' id='par_1_26' title="bbox 299 4639 1625 5114">
     <span class='ocr_line' id='line_1_40' title="bbox 370 4639 1625 4705; baseline 0 -13"><span class='ocrx_word' id='word_1_376' title='bbox 370 4642 397 4692; x_wconf 80' lang='grc'><strong>1.</strong></span> <span class='ocrx_word' id='word_1_377' title='bbox 421 4643 515 4693; x_wconf 79' lang='lat' dir='ltr'>tutest</span> <span class='ocrx_word' id='word_1_378' title='bbox 533 4639 580 4692; x_wconf 79' lang='lat' dir='ltr'>ltl:</span> <span class='ocrx_word' id='word_1_379' title='bbox 607 4648 643 4692; x_wconf 85' lang='lat' dir='ltr'>eet</span> <span class='ocrx_word' id='word_1_380' title='bbox 663 4644 702 4692; x_wconf 83' lang='lat' dir='ltr'>tut</span> <span class='ocrx_word' id='word_1_381' title='bbox 720 4639 751 4692; x_wconf 82' lang='lat' dir='ltr'>R.</span> <span class='ocrx_word' id='word_1_382' title='bbox 783 4667 813 4678; x_wconf 95' lang='lat'>-</span> <span class='ocrx_word' id='word_1_383' title='bbox 849 4643 876 4693; x_wconf 78' lang='grc'>4.</span> <span class='ocrx_word' id='word_1_384' title='bbox 895 4641 1093 4693; x_wconf 80' lang='lat' dir='ltr'>commendandi</span> <span class='ocrx_word' id='word_1_385' title='bbox 1117 4641 1156 4694; x_wconf 81' lang='grc' dir='ltr'>Μ.</span> <span class='ocrx_word' id='word_1_386' title='bbox 1185 4665 1216 4680; x_wconf 94' lang='grc'>-</span> <span class='ocrx_word' id='word_1_387' title='bbox 1252 4643 1296 4694; x_wconf 95' lang='grc'>11.</span> <span class='ocrx_word' id='word_1_388' title='bbox 1317 4641 1414 4705; x_wconf 66' lang='lat' dir='ltr'>madet</span> <span class='ocrx_word' id='word_1_389' title='bbox 1433 4643 1625 4694; x_wconf 85' lang='lat' dir='ltr'>Ramaeteot·</span> 
     </span>
     <span class='ocr_line' id='line_1_41' title="bbox 299 4710 1625 4778; baseline 0.001 -16"><span class='ocrx_word' id='word_1_390' title='bbox 299 4713 393 4763; x_wconf 79' lang='lat' dir='ltr'>aurem</span> <span class='ocrx_word' id='word_1_391' title='bbox 418 4712 620 4776; x_wconf 66' lang='lat' dir='ltr'>coaequent:</span> <span class='ocrx_word' id='word_1_392' title='bbox 653 4713 751 4775; x_wconf 80' lang='lat' dir='ltr'>Quodsi</span> <span class='ocrx_word' id='word_1_393' title='bbox 777 4713 872 4763; x_wconf 80' lang='lat' dir='ltr'>Itomae</span> <span class='ocrx_word' id='word_1_394' title='bbox 903 4719 928 4763; x_wconf 85' lang='lat' dir='ltr'>te</span> <span class='ocrx_word' id='word_1_395' title='bbox 954 4713 1091 4773; x_wconf 60' lang='lat' dir='ltr'>uadem,</span> <span class='ocrx_word' id='word_1_396' title='bbox 1120 4710 1265 4774; x_wconf 73' lang='lat' dir='ltr'>cerseuil,</span> <span class='ocrx_word' id='word_1_397' title='bbox 1293 4713 1391 4776; x_wconf 64' lang='lat' dir='ltr'>Quoad</span> <span class='ocrx_word' id='word_1_398' title='bbox 1409 4715 1504 4763; x_wconf 81' lang='lat' dir='ltr'>Roseae</span> <span class='ocrx_word' id='word_1_399' title='bbox 1521 4715 1625 4778; x_wconf 70' lang='lat' dir='ltr'>petum</span> 
     </span>
     <span class='ocr_line' id='line_1_42' title="bbox 301 4779 1625 4848; baseline 0 -16"><span class='ocrx_word' id='word_1_400' title='bbox 301 4779 405 4844; x_wconf 83' lang='lat' dir='ltr'>(malim</span> <span class='ocrx_word' id='word_1_401' title='bbox 424 4784 573 4848; x_wconf 70' lang='lat' dir='ltr'>adsumens.</span> <span class='ocrx_word' id='word_1_402' title='bbox 593 4781 672 4841; x_wconf 71' lang='lat' dir='ltr'>On),</span> <span class='ocrx_word' id='word_1_403' title='bbox 692 4789 716 4832; x_wconf 88' lang='lat' dir='ltr'>te</span> <span class='ocrx_word' id='word_1_404' title='bbox 733 4783 853 4834; x_wconf 79' lang='lat' dir='ltr'>uidissem</span> <span class='ocrx_word' id='word_1_405' title='bbox 871 4797 1008 4847; x_wconf 83' lang='lat' dir='ltr'>coramque</span> <span class='ocrx_word' id='word_1_406' title='bbox 1025 4782 1121 4833; x_wconf 82' lang='lat' dir='ltr'>Dresd.</span> <span class='ocrx_word' id='word_1_407' title='bbox 1141 4783 1245 4833; x_wconf 85' lang='lat' dir='ltr'>tertiae·</span> <span class='ocrx_word' id='word_1_408' title='bbox 1266 4808 1295 4820; x_wconf 95' lang='lat'><em>-</em></span> <span class='ocrx_word' id='word_1_409' title='bbox 1334 4783 1377 4833; x_wconf 80' lang='grc'><strong>13.</strong></span> <span class='ocrx_word' id='word_1_410' title='bbox 1401 4785 1453 4832; x_wconf 77' lang='lat' dir='ltr'>nist</span> <span class='ocrx_word' id='word_1_411' title='bbox 1470 4783 1540 4846; x_wconf 81' lang='lat' dir='ltr'>quod</span> <span class='ocrx_word' id='word_1_412' title='bbox 1557 4783 1625 4833; x_wconf 77' lang='lat' dir='ltr'>suaa</span> 
     </span>
     <span class='ocr_line' id='line_1_43' title="bbox 300 4851 1621 4916; baseline -0.002 -15"><span class='ocrx_word' id='word_1_413' title='bbox 300 4858 411 4902; x_wconf 90' lang='lat' dir='ltr'>anctore</span> <span class='ocrx_word' id='word_1_414' title='bbox 441 4852 564 4902; x_wconf 85' lang='lat' dir='ltr'>Ernestio</span> <span class='ocrx_word' id='word_1_415' title='bbox 589 4851 741 4902; x_wconf 76' lang='lat' dir='ltr'>snutraim.</span> <span class='ocrx_word' id='word_1_416' title='bbox 765 4875 790 4886; x_wconf 90' lang='lat'>-</span> <span class='ocrx_word' id='word_1_417' title='bbox 827 4854 972 4916; x_wconf 78' lang='lat' dir='ltr'>persuadeo</span> <span class='ocrx_word' id='word_1_418' title='bbox 990 4852 1035 4904; x_wconf 78' lang='lat' dir='ltr'>Ma</span> <span class='ocrx_word' id='word_1_419' title='bbox 1067 4859 1134 4903; x_wconf 84' lang='lat' dir='ltr'>certe</span> <span class='ocrx_word' id='word_1_420' title='bbox 1154 4853 1301 4915; x_wconf 79' lang='lat' dir='ltr'>persuadeo</span> <span class='ocrx_word' id='word_1_421' title='bbox 1319 4853 1350 4902; x_wconf 85' lang='lat' dir='ltr'>E.</span> <span class='ocrx_word' id='word_1_422' title='bbox 1383 4875 1414 4889; x_wconf 91' lang='lat'>-·</span> <span class='ocrx_word' id='word_1_423' title='bbox 1460 4853 1503 4902; x_wconf 78' lang='lat'>17.</span> <span class='ocrx_word' id='word_1_424' title='bbox 1527 4855 1621 4904; x_wconf 72' lang='lat' dir='ltr'>dom.</span> 
     </span>
     <span class='ocr_line' id='line_1_44' title="bbox 299 4919 1623 4987; baseline 0 -15"><span class='ocrx_word' id='word_1_425' title='bbox 299 4922 336 4972; x_wconf 82' lang='lat' dir='ltr'>nt.</span> <span class='ocrx_word' id='word_1_426' title='bbox 355 4947 388 4959; x_wconf 90' lang='lat'><em>-</em></span> <span class='ocrx_word' id='word_1_427' title='bbox 424 4922 468 4972; x_wconf 74' lang='grc'><strong>11.</strong></span> <span class='ocrx_word' id='word_1_428' title='bbox 487 4923 687 4985; x_wconf 77' lang='lat' dir='ltr'>vituperationis</span> <span class='ocrx_word' id='word_1_429' title='bbox 704 4922 743 4972; x_wconf 91' lang='grc'>11.</span> <span class='ocrx_word' id='word_1_430' title='bbox 763 4942 795 4959; x_wconf 91' lang='grc'><strong>-</strong></span> <span class='ocrx_word' id='word_1_431' title='bbox 831 4919 1093 4986; x_wconf 56' lang='lat' dir='ltr'>supersaperent</span> <span class='ocrx_word' id='word_1_432' title='bbox 1112 4921 1149 4974; x_wconf 90' lang='grc'>11.</span> <span class='ocrx_word' id='word_1_433' title='bbox 1170 4945 1200 4958; x_wconf 89' lang='grc'>-</span> <span class='ocrx_word' id='word_1_434' title='bbox 1221 4919 1376 4987; x_wconf 76' lang='lat' dir='ltr'>quta]quid</span> <span class='ocrx_word' id='word_1_435' title='bbox 1394 4923 1431 4972; x_wconf 89' lang='grc'>11.</span> <span class='ocrx_word' id='word_1_436' title='bbox 1451 4947 1481 4958; x_wconf 89' lang='lat'>-·</span> <span class='ocrx_word' id='word_1_437' title='bbox 1520 4923 1563 4974; x_wconf 82' lang='grc'><strong>31.</strong></span> <span class='ocrx_word' id='word_1_438' title='bbox 1583 4923 1623 4972; x_wconf 79' lang='lat' dir='ltr'>td·</span> 
     </span>
     <span class='ocr_line' id='line_1_45' title="bbox 299 4991 1621 5057; baseline 0.001 -15"><span class='ocrx_word' id='word_1_439' title='bbox 299 5004 347 5054; x_wconf 84' lang='lat' dir='ltr'>que</span> <span class='ocrx_word' id='word_1_440' title='bbox 363 4991 408 5042; x_wconf 78' lang='lat' dir='ltr'>bla</span> <span class='ocrx_word' id='word_1_441' title='bbox 428 4993 519 5057; x_wconf 84' lang='lat' dir='ltr'>Itaque</span> <span class='ocrx_word' id='word_1_442' title='bbox 531 4991 647 5044; x_wconf 80' lang='lat' dir='ltr'>Ernestii</span> <span class='ocrx_word' id='word_1_443' title='bbox 656 5005 765 5056; x_wconf 85' lang='lat' dir='ltr'>operae.</span> <span class='ocrx_word' id='word_1_444' title='bbox 790 5015 817 5028; x_wconf 89' lang='lat'>·-</span> <span class='ocrx_word' id='word_1_445' title='bbox 839 4993 882 5044; x_wconf 84' lang='grc'>33.</span> <span class='ocrx_word' id='word_1_446' title='bbox 903 4994 1014 5044; x_wconf 71' lang='lat' dir='ltr'>somata</span> <span class='ocrx_word' id='word_1_447' title='bbox 1031 4992 1078 5044; x_wconf 83' lang='lat' dir='ltr'>M:</span> <span class='ocrx_word' id='word_1_448' title='bbox 1098 4993 1199 5043; x_wconf 76' lang='lat' dir='ltr'>Aetam</span> <span class='ocrx_word' id='word_1_449' title='bbox 1218 4993 1248 5043; x_wconf 85' lang='lat' dir='ltr'>E.</span> <span class='ocrx_word' id='word_1_450' title='bbox 1263 4995 1327 5043; x_wconf 87' lang='lat' dir='ltr'>item</span> <span class='ocrx_word' id='word_1_451' title='bbox 1341 5007 1367 5056; x_wconf 93' lang='lat' dir='ltr'>p.</span> <span class='ocrx_word' id='word_1_452' title='bbox 1382 4993 1442 5044; x_wconf 76' lang='grc'><strong>133.</strong></span> <span class='ocrx_word' id='word_1_453' title='bbox 1462 5007 1487 5044; x_wconf 87' lang='lat' dir='ltr'>e.</span> <span class='ocrx_word' id='word_1_454' title='bbox 1507 4995 1533 5046; x_wconf 79' lang='lat'>5.</span> <span class='ocrx_word' id='word_1_455' title='bbox 1544 4992 1570 5043; x_wconf 84' lang='grc'>3.</span> <span class='ocrx_word' id='word_1_456' title='bbox 1588 5015 1621 5030; x_wconf 82' lang='lat'><em>-</em></span> 
     </span>
     <span class='ocr_line' id='line_1_46' title="bbox 299 5061 606 5114; baseline -0.01 -2"><span class='ocrx_word' id='word_1_457' title='bbox 299 5061 343 5112; x_wconf 80' lang='grc'>33.</span> <span class='ocrx_word' id='word_1_458' title='bbox 362 5075 419 5111; x_wconf 84' lang='lat' dir='ltr'>eum</span> <span class='ocrx_word' id='word_1_459' title='bbox 437 5061 484 5114; x_wconf 84' lang='lat' dir='ltr'>bl:</span> <span class='ocrx_word' id='word_1_460' title='bbox 505 5069 559 5112; x_wconf 84' lang='lat' dir='ltr'>tum</span> <span class='ocrx_word' id='word_1_461' title='bbox 578 5062 606 5112; x_wconf 83' lang='lat' dir='ltr'>ll.</span> 
     </span>
    </p>
   </div>
   <div class='ocr_carea' id='block_1_13' title="bbox 0 0 1836 5908">
    <p class='ocr_par' dir='ltr' id='par_1_27' title="bbox 0 0 1836 5908">
     <span class='ocr_line' id='line_1_47' title="bbox 0 0 1836 5908; baseline 0 2"><span class='ocrx_word' id='word_1_462' title='bbox 0 0 1836 5908; x_wconf 95' lang='lat' dir='ltr'> </span> 
     </span>
    </p>
   </div>
  </div>
 </body>
</html>
