3662 5908
350 485 412 547 244
782 481 1054 546 eetsrotanim
1075 485 1127 546 AI)
1150 485 1240 547 EAM.

346 661 405 728 pro
428 645 550 730 Lysone
571 639 671 724 magis
693 659 788 726 quam
808 659 867 726 pro
890 637 1035 704 omnibus
1058 638 1216 716 scribere,
1239 638 1398 706 bominem
1413 661 1481 707 esse
1496 644 1673 719 neminem,

346 734 561 821 quiunquam
582 733 773 799 mentionem
802 733 848 797 tui
876 733 942 797 sine
975 741 1027 798 tua
1056 754 1176 798 summa
1205 733 1296 800 laude
1317 734 1437 801 fecerit.
1490 741 1572 824 Lyso
1593 759 1674 802 vero

345 850 417 894 eum
439 849 562 893 meeum
583 848 682 914 prope
705 825 846 912 quotidie
862 836 944 892 esset
958 848 1081 912 unaque
1102 829 1239 904 viveret,
1262 850 1324 893 non
1341 829 1458 905 solum,
1480 830 1554 916 quia
1570 829 1674 896 liben-

345 933 394 990 ter
420 943 471 988 me
499 922 608 987 audire
629 918 857 996 arbitrabatur,
888 920 943 986 sed
966 921 1040 1005 quia
1062 920 1210 987 libentius
1231 921 1298 1007 ipse
1327 923 1531 1010 loquebatur,
1564 925 1673 990 omnia

322 1017 421 1082 smibi
443 1026 495 1084 tua
511 1023 541 1080 et
555 1015 634 1080 facta
651 1024 682 1080 et
696 1015 777 1081 dicta
796 1013 951 1080 laudabat.
985 1020 1005 1080 3
1025 1019 1228 1103 Quapropter
1238 1017 1295 1080 etsi
1312 1037 1329 1079 a
1344 1026 1373 1082 te
1392 1018 1434 1082 ita
1448 1019 1611 1093 tractatur,
1636 1029 1672 1085 ui

345 1112 406 1177 iam
428 1132 490 1176 non
513 1108 671 1175 desideret
692 1108 994 1174 commendationem
1016 1130 1116 1174 meam
1138 1110 1271 1196 unisque
1293 1131 1327 1174 se
1342 1111 1454 1176 litteris
1468 1111 1547 1176 meis
1562 1111 1669 1177 omnia

344 1213 544 1270 consecutum
573 1210 673 1290 putet,
707 1213 809 1268 tamen
830 1223 849 1266 a
871 1211 900 1266 te
922 1211 997 1289 peto
1018 1201 1049 1267 in
1071 1203 1225 1270 maiorem
1248 1202 1395 1278 modum,
1423 1213 1458 1270 ut
1480 1225 1552 1269 enm
1574 1205 1668 1270 etiam

343 1309 437 1386 atque
458 1299 550 1364 etiam
573 1296 634 1382 tuis
648 1295 774 1371 officiis,
798 1295 984 1362 liberalitate
1001 1297 1217 1383 complectare.
1260 1297 1438 1363 scriberem
1460 1297 1499 1363 ad
1521 1307 1565 1372 te,
1589 1321 1669 1386 qua·

343 1393 380 1458 lis
403 1392 452 1458 vir
473 1400 570 1465 esset,
593 1399 627 1456 ut
648 1391 865 1478 superioribus
886 1390 998 1457 litteris
1020 1388 1173 1467 feceram,
1195 1391 1255 1458 nisi
1277 1393 1422 1459 eumiam
1441 1393 1665 1481 perseipsum

308 1484 399 1553 utibi
420 1486 494 1552 satis
515 1506 583 1552 esse
605 1494 712 1552 notum
734 1485 916 1551 arbitrarer.

799 1629 891 1690 xrs.
935 1624 984 1710 (s.
1010 1630 1042 1693 u.
1065 1631 1096 1693 e.
1119 1629 1204 1712 ros.)

818 1751 961 1815 CICERO
985 1750 1129 1815 SERVIO
1152 1753 1183 1814 S.

423 1869 630 1949 Hagesaretus
653 1861 853 1934 Larissaeus,
876 1861 995 1947 magnis
1016 1861 1095 1927 meis
1116 1859 1276 1927 beneficiis
1297 1870 1425 1928 ornatus
1446 1863 1479 1928 iu
1501 1865 1663 1931 consulatu

339 1978 427 2032 meo,
450 1978 572 2024 memor
594 1965 625 2022 et
646 1965 755 2042 gratus
774 1955 834 2021 fuit
856 1975 969 2042 meque
987 1965 1096 2041 postea
1110 1954 1346 2042 diligentissime
1364 1955 1469 2022 coluit.
1512 1962 1590 2023 Eum
1605 1957 1662 2024 tibi

236 2122 241 2133 ,
304 2077 328 2118 n
339 2073 451 2137 magno
474 2072 570 2138 opere
593 2047 796 2125 commendo,
818 2056 854 2114 ut
874 2056 905 2113 et
926 2047 1079 2136 hospitem
1102 2070 1207 2114 meum
1230 2058 1261 2114 et
1280 2048 1465 2142 familiarem
1487 2060 1518 2115 et
1539 2061 1662 2138 gratum

224 2152 239 2216 t
339 2143 495 2232 bominem
524 2154 555 2208 et
581 2143 686 2208 virum
716 2141 833 2208 bonum
863 2151 894 2207 et
921 2142 1094 2229 principem
1116 2142 1250 2208 civitatis
1272 2163 1346 2208 suae
1366 2139 1400 2207 'et
1421 2152 1472 2208 tna
1494 2144 1660 2211 necessitu-

337 2237 410 2303 dine
439 2235 666 2322 dignissimum.
715 2239 899 2321 Pergratum
932 2235 1010 2300 mibi
1037 2235 1164 2310 leceris,
1201 2235 1228 2301 si
1255 2235 1380 2300 dederis
1401 2257 1544 2323 operam,
1578 2239 1660 2304 ntis

337 2331 486 2416 intelligat
508 2329 586 2395 banc
607 2351 708 2394 meam
730 2328 1030 2396 commendationem
1053 2350 1199 2414 maguum
1214 2330 1297 2416 apud
1319 2340 1349 2395 te
1363 2331 1486 2417 pondus
1503 2331 1660 2400 babuisse.

788 2471 897 2534 XXVI.
940 2469 990 2551 (A.
1016 2473 1047 2534 ll.
1071 2473 1103 2535 C.
1125 2473 1212 2557 708.)

298 2628 326 2670 ω
813 2592 956 2659 CICERO
980 2594 1123 2658 SERVIO
1146 2595 1177 2657 S.

421 2709 448 2771 1.
469 2709 510 2770 L.
532 2702 700 2770 Mescinius
722 2724 759 2768 ea
780 2724 902 2770 meeum
925 2703 1151 2770 necessitudine
1172 2703 1357 2772 coniunctus
1378 2715 1441 2780 est,
1473 2706 1558 2794 quod
1581 2709 1656 2776 mibi

333 2810 482 2888 quaestor
513 2797 583 2862 fuit.
639 2797 701 2863 Sed
729 2797 808 2863 banc
839 2818 978 2873 eausam,
1008 2819 1102 2883 quam
1129 2819 1203 2884 ego,
1231 2808 1266 2864 ut
1291 2821 1311 2864 a
1341 2798 1513 2866 maioribus
1534 2804 1656 2891 accepi,

333 2915 458 2981 semper
478 2914 606 2980 gravem
629 2889 723 2968 duxi,
753 2890 827 2958 fecit
848 2893 965 2958 virtute
988 2902 1018 2958 et
1040 2891 1227 2960 humanitate
1255 2915 1311 2958 sua
1334 2893 1507 2960 iustiorem.
1550 2901 1657 2984 ltaque

332 3009 372 3054 eo
394 2987 438 3054 sie
458 2996 547 3062 utor,
578 2995 614 3052 ut
634 3006 692 3052 nee
715 2985 900 3053 familiarius
928 2985 993 3052 ullo
1021 3007 1080 3051 neo
1107 2985 1274 3052 lubentius.
1322 2991 1352 3052 Is
1374 3009 1561 3076 quamquam
1583 3012 1657 3058 con-

294 3081 429 3147 solidare
450 3078 618 3147 videbatur
638 3088 669 3146 te
691 3101 747 3145 sua
768 3101 878 3156 causa,
901 3101 982 3167 quae
1004 3079 1133 3146 honeste
1154 3101 1281 3167 posses,
1303 3077 1449 3147 lubenter
1470 3103 1538 3150 esso
1560 3083 1656 3150 factu-

332 3197 423 3250 rum,
461 3195 605 3260 magnum
635 3195 703 3240 esse
729 3182 831 3239 tamen
859 3175 996 3260 speravit
1015 3174 1108 3260 'apud
1130 3183 1159 3239 te
1182 3196 1266 3238 meas
1288 3195 1415 3261 quoque
1437 3175 1554 3242 litteras
1576 3199 1654 3263 pon-

333 3269 390 3336 dus
420 3269 589 3336 babIturas.
641 3267 677 3333 Id
698 3288 769 3332 cum
791 3268 859 3358 ipse
878 3268 920 3334 ita
940 3267 1113 3343 iudicabat,
1143 3277 1209 3333 tum
1231 3288 1290 3354 pro
1317 3267 1465 3334 familiari
1486 3281 1651 3337 consuetu·

332 3362 405 3429 dine
427 3383 519 3450 saepe
542 3383 583 3428 ex
605 3383 655 3428 me
677 3360 834 3433 audierat,
864 3383 959 3448 quam
981 3361 1084 3426 suavis
1107 3372 1188 3426 esset
1209 3361 1292 3427 inter
1314 3383 1371 3428 nos
1394 3371 1425 3428 et
1446 3375 1559 3450 quanta
1581 3386 1655 3430 con·

332 3457 459 3524 iunctio.
513 3461 544 3522 2.
572 3459 647 3521 Peto
669 3455 765 3539 igitur
786 3475 805 3518 a
826 3463 873 3528 te,
896 3462 982 3520 tanto
1004 3455 1121 3520 seilicet
1142 3454 1266 3530 studio,
1294 3463 1411 3541 quanto
1432 3457 1578 3544 intelligis
1600 3459 1654 3524 de-

295 3549 408 3616 nubere
442 3569 492 3615 me
519 3559 628 3636 petere
655 3569 714 3634 pro
742 3547 868 3614 bomine
898 3557 959 3611 tam
981 3546 1058 3612 mibi
1079 3549 1258 3614 necessario
1279 3559 1310 3614 et
1332 3558 1393 3614 tam
1415 3548 1581 3625 familiari,
1619 3563 1653 3618 ut

332 3644 399 3710 eius
421 3642 571 3728 negotia,
605 3663 684 3728 quae
707 3651 779 3706 sunt
801 3641 833 3705 in
854 3639 983 3714 Aebaia,
1016 3662 1056 3705 ex
1078 3662 1132 3717 eo,
1161 3641 1247 3729 quod
1269 3641 1360 3709 heres
1383 3651 1430 3708 est
1450 3648 1490 3710 M.
1512 3645 1651 3722 Hindio,

332 3735 422 3825 fratri
450 3737 524 3822 suoj,
563 3737 617 3823 qui
644 3735 693 3801 Eli
721 3734 896 3820 negotiatus
925 3743 987 3808 est,
1021 3736 1158 3821 explices
1191 3745 1222 3801 et
1251 3737 1400 3822 expedias
1428 3759 1499 3803 enm
1530 3739 1600 3806 iure
1622 3747 1653 3804 et

208 3813 248 3923 σῃ
331 3827 498 3916 potestate,
521 3851 614 3916 quam
636 3828 748 3903 babes,
773 3837 838 3894 tum
860 3828 953 3894 etiam
976 3830 1159 3895 auctoritate
1181 3839 1212 3895 et
1233 3830 1364 3896 consilio
1387 3841 1452 3920 tuo.
1496 3833 1547 3898 Sic
1568 3833 1652 3900 enim

332 3923 591 4010 praescripsimus
612 3923 666 3997 iis,
689 3919 804 4009 quibus
827 3942 862 3986 ea
885 3922 1008 4006 negotia
1030 3923 1261 4000 mandavimus,
1284 3933 1319 3990 ut
1340 3913 1485 3991 omnibus
1500 3932 1531 3992 in
1546 3925 1651 4000 rebus,

294 4042 321 4082 ss
331 4036 411 4103 quae
425 4015 456 4080 in
468 4016 605 4104 aliquam
617 4014 863 4082 controversiam
876 4024 1072 4092 vocarentur,
1089 4027 1118 4082 te
1129 4017 1249 4084 arbitro
1260 4027 1299 4094 et,
1316 4017 1400 4106 quod
1415 4020 1581 4087 commodo
1597 4035 1652 4088 tuo

337 4109 407 4178 lieri
422 4119 543 4196 posset,
567 4118 597 4176 te
612 4109 819 4197 disceptatore
836 4119 1007 4175 uterentur.
1043 4108 1077 4175 Id
1095 4119 1130 4176 ut
1150 4109 1279 4178 bonoris
1295 4113 1356 4177 mei
1377 4133 1469 4178 causa
1487 4113 1651 4199 suscipias,

337 4207 539 4274 vehementer
555 4214 585 4271 te
597 4205 690 4270 etiam
706 4214 798 4290 atque
813 4202 904 4270 etiam
919 4225 1010 4289 rogo.
1052 4207 1082 4268 3.
1103 4204 1183 4270 Illud
1197 4215 1377 4292 praeterea,
1400 4212 1427 4272 si
1439 4228 1501 4272 non
1515 4208 1652 4273 alienum

334 4311 386 4369 tua
407 4301 556 4387 dignitate
587 4295 710 4386 putabis
733 4319 818 4373 esse,
855 4296 968 4362 feceris
1001 4298 1075 4365 mibi
1102 4311 1297 4384 pergratum,
1334 4300 1437 4386 siqui
1460 4301 1651 4368 difficiliores

331 4405 442 4471 erunt,
473 4405 510 4463 ut
542 4413 609 4459 rem
638 4392 705 4458 sine
737 4392 951 4458 controversia
973 4391 1083 4458 confici
1105 4393 1217 4470 nolint,
1253 4393 1279 4458 si
1302 4415 1373 4470 eos,
1409 4395 1556 4481 quoniam
1579 4416 1650 4461 cum

291 4511 320 4552 to
330 4501 475 4557 senatore
497 4511 548 4554 res
576 4496 640 4562 est,
675 4492 805 4553 Romam
834 4486 991 4552 reieceris.
1047 4486 1224 4573 Quodque
1246 4487 1368 4554 minore
1389 4486 1582 4556 dubitatione
1604 4490 1650 4554 la·

230 4585 238 4659 s
328 4606 401 4650 cere
422 4582 539 4670 possis,
576 4581 694 4646 litteras
722 4580 761 4646 ad
783 4588 813 4646 te
841 4601 859 4644 a
891 4585 932 4648 Μ.
960 4581 1080 4667 Lepido
1112 4582 1255 4664 consule,
1293 4603 1356 4648 non
1378 4603 1458 4669 quae
1480 4592 1510 4648 te
1532 4582 1650 4670 aliquid

398 4793 425 4843 3.
445 4792 552 4842 libenter
579 4803 619 4839 ms
645 4787 691 4838 H:
724 4787 890 4839 mollientes
914 4789 945 4839 E.
975 4813 1005 4824 -
1041 4790 1066 4839 3.
1094 4791 1185 4855 officiis
1204 4798 1228 4840 et
1246 4791 1403 4844 liberalitate
1421 4791 1533 4842 Ascens.
1554 4806 1594 4854 pr.
1615 4813 1649 4828 -·

328 4865 371 4913 13.
390 4864 566 4926 Hagesaretus
585 4859 633 4910 Il:
654 4859 826 4921 Hagesaretus
844 4858 882 4914 E,
915 4861 1089 4923 Hagesaretus
1111 4862 1231 4910 Ursinus.
1253 4885 1282 4896 -
1320 4861 1363 4911 15.
1382 4869 1405 4910 et
1424 4863 1548 4925 hospitem
1565 4874 1650 4912 musas

326 4940 350 4984 et
368 4933 525 4997 [omitterem
544 4945 627 4980 murm
645 4929 690 4984 Μ.
713 4927 785 4977 uude
804 4935 828 4978 et
846 4930 971 4991 hospitem
989 4937 1013 4980 et
1030 4931 1187 4994 familiarem
1205 4945 1287 4980 meum
1306 4931 1462 4981 Lambtnus.
1484 4955 1515 4966 -
1542 4933 1586 4981 et.
1605 4929 1647 4995 eo]

325 5018 355 5054 eo
374 5001 491 5052 malebat
509 5001 656 5051 Ernestius.
690 5021 721 5032 -
759 4997 804 5047 35.
825 5005 848 5047 te
867 4999 1028 5050 Lambinus:
1047 5008 1071 5050 et
1092 5001 1150 5052 ΜΕ.
1179 5025 1209 5036 -
1245 5001 1289 5050 Ed.
1316 5001 1419 5063 pondus
1436 5001 1646 5052 babiturosous.

325 5073 362 5123 Μ.
391 5097 419 5110 -
458 5071 501 5120 33.
522 5071 594 5120 Elide
622 5068 831 5118 Lambinus-
868 5068 911 5118 at.
931 5071 970 5118 liis
990 5069 1026 5120 Μ.
1049 5094 1079 5105 -
1115 5071 1158 5120 35.
1184 5069 1261 5134 guod]
1282 5071 1374 5122 Malim
1392 5073 1489 5136 quood·
1511 5071 1592 5126 Ostr-
1615 5097 1643 5110 -

325 5143 369 5194 33.
388 5143 511 5206 guentam
528 5141 573 5192 tt:
601 5139 706 5204 guundo
734 5136 764 5187 s.
786 5158 817 5172 -
852 5137 897 5188 st,
914 5141 999 5202 possis
1014 5139 1058 5191 M:
1076 5153 1163 5203 posses
1181 5141 1330 5192 Ernestius.
