3628 5876
311 439 372 505 tta
736 437 1011 501 EPISTOLARUM
1032 437 1084 502 tu
1106 436 1197 504 ΕΔΜ.

307 597 459 661 rictorem
481 595 672 680 complectar
691 615 728 660 re
749 593 874 682 publica
895 600 1095 678 recuperata,
1117 602 1153 657 ut
1173 611 1315 677 magnam
1332 601 1452 677 partem
1473 591 1552 658 mibi
1565 592 1630 659 lae·

307 690 393 756 titiae
407 699 458 754 tua
474 688 607 772 dignitas
625 688 731 762 affert,
754 709 848 775 quarn
871 698 903 754 et
924 707 992 752 csse
1007 685 1069 750 iam
1091 695 1123 751 et
1137 686 1274 752 futuram
1296 685 1517 773 amplissimam
1538 687 1629 752 intel·

307 782 382 868 ligo.
438 787 520 849 Cave
549 783 633 848 onim
665 792 756 870 putes
788 781 866 848 ullas
895 801 1034 866 uuquam
1062 779 1180 846 litteras
1216 779 1368 865 gratiores
1390 801 1483 865 quam
1504 790 1574 846 tuas
1594 781 1627 845 in

308 884 417 941 senatu
433 897 502 942 esse
521 877 674 943 recitatas.
718 876 816 962 ldque
833 873 962 960 contigit
973 895 1043 939 cum
1058 874 1245 940 meritorum
1259 886 1386 939 tuorum
1399 872 1431 938 in
1446 894 1514 938 rem
1527 873 1628 959 publi·

285 991 375 1035 aoam
387 970 501 1035 eximia
517 969 649 1056 quadam
664 967 887 1054 magnitudine,
903 977 969 1033 tum
979 966 1151 1032 verborum
1166 968 1452 1053 sententiarumque
1467 969 1626 1054 gravitate.

309 1062 403 1141 Quod
425 1063 503 1129 mibi
525 1063 651 1150 quidem
674 1063 801 1129 minime
823 1083 960 1136 novum,
984 1060 1037 1148 qni
1059 1071 1091 1126 et
1112 1070 1143 1125 ie
1164 1082 1289 1126 nossem
1310 1070 1342 1126 et
1363 1071 1489 1126 tuarum
1509 1061 1627 1127 littera-

307 1177 378 1222 rum
400 1156 439 1223 ad
461 1179 511 1222 me
532 1157 698 1224 missarum
720 1156 875 1243 promissa
896 1154 1107 1221 meminissem
1130 1163 1161 1220 et
1181 1153 1329 1220 haberem
1351 1155 1504 1220 aFurnio
1518 1167 1626 1222 nostro

308 1261 360 1317 tua
381 1249 506 1337 penitus
529 1250 659 1316 consilia
680 1250 824 1336 cognita:
862 1247 917 1315 sed
939 1247 1061 1314 senatui
1083 1248 1202 1313 maiora
1224 1249 1290 1314 risa
1312 1259 1400 1325 sunt,
1422 1271 1517 1336 quam
1538 1261 1626 1316 erant

217 1334 225 1351 '
307 1353 500 1431 exspectata;
522 1366 586 1410 nou
607 1367 671 1431 quo
692 1365 829 1430 unquam
851 1343 889 1408 de
912 1353 964 1408 tua
986 1342 1144 1407 voluntate
1166 1339 1352 1417 dubitasset,
1375 1343 1429 1408 sed
1451 1365 1509 1409 uec
1530 1366 1627 1431 quan-

272 1445 374 1502 totum
395 1438 499 1503 facere
521 1459 648 1523 posses,
684 1459 742 1502 uec
763 1436 867 1524 quoad
888 1435 1037 1522 progredi
1068 1435 1183 1511 velles,
1217 1436 1414 1522 exploratum
1435 1437 1510 1502 satis
1531 1437 1627 1504 babe-

308 1529 370 1596 bat
427 1536 457 1598 2.
489 1536 595 1616 Itaque
618 1552 688 1596 cum
716 1553 744 1597 a.
767 1531 797 1596 d.
819 1550 882 1596 vn.
905 1530 977 1596 fdus
998 1529 1121 1616 Apriles
1142 1551 1233 1595 mane
1256 1529 1333 1596 mihi
1354 1540 1422 1595 tuas
1443 1530 1563 1598 litteras
1584 1537 1625 1598 M.

308 1625 480 1690 Varisidius
498 1624 685 1690 reddidisset
697 1646 811 1710 easque
827 1624 980 1710 legissem,
997 1623 1173 1688 incredibili
1188 1623 1303 1707 gaudio
1317 1645 1385 1689 sum
1401 1624 1518 1702 elatus;
1540 1647 1626 1691 cum·

307 1739 369 1805 que
391 1740 501 1803 magna
523 1718 689 1784 multitudo
711 1718 902 1805 optimorum
924 1718 1066 1783 virorum
1088 1727 1119 1782 et
1140 1717 1256 1783 civium
1278 1737 1328 1780 mo
1351 1717 1389 1784 dc
1411 1717 1505 1784 domo
1528 1717 1626 1785 dedu-

306 1820 407 1886 ceret,
441 1811 501 1876 feci
523 1812 671 1878 continuo
693 1833 802 1878 omues
823 1811 990 1898 participes
1011 1832 1099 1876 meae
1131 1810 1309 1898 voluptatis.
1365 1811 1493 1878 Interim
1514 1811 1553 1877 ad
1576 1834 1625 1877 me

272 1905 392 1970 orent
418 1905 574 1971 Munatius
596 1914 722 1982 noster.
758 1916 794 1972 ut
815 1914 994 1982 consuerat;
1025 1913 1058 1969 at
1078 1923 1139 1988 ego
1162 1903 1192 1970 ei
1213 1904 1332 1968 litteras
1353 1913 1438 1979 tuas,
1472 1904 1625 1970 nihildum

307 1999 390 2064 enim
412 1999 540 2066 sciebat.
596 2006 673 2066 Nara
694 2000 733 2066 ad
755 2021 805 2065 me
826 2000 962 2086 primum
990 1997 1183 2073 Varisidius,
1210 1996 1305 2084 idque
1326 1997 1386 2062 sibi
1408 2020 1427 2062 a
1448 2007 1478 2064 te
1499 1998 1627 2065 mauda-

306 2101 371 2158 tum
394 2114 462 2158 esse
484 2093 616 2160 dicebat.
667 2093 776 2159 Paullo
795 2102 867 2181 post
886 2092 971 2159 idem
991 2091 1067 2156 mibi
1087 2089 1243 2156 Munatius
1265 2112 1318 2156 eas
1338 2091 1458 2158 litteras
1479 2092 1625 2178 legendas

306 2185 406 2262 dedit,
439 2208 516 2273 quas
545 2187 606 2273 ipsi
638 2186 784 2261 miseras,
821 2194 853 2252 et
873 2208 942 2263 eas,
979 2207 1056 2274 quas
1078 2183 1212 2272 publice.
1267 2188 1297 2251 3.
1319 2185 1437 2251 Placuit
1458 2184 1567 2258 uobis,
1590 2195 1626 2251 ut

184 2359 195 2380 .
306 2277 411 2344 statim
432 2278 471 2344 ad
493 2284 665 2346 Cornutum
685 2289 866 2370 praetorem
887 2279 1042 2345 urbanum
1063 2279 1181 2344 litteras
1202 2277 1413 2354 deferremus,
1443 2281 1517 2368 qui,
1539 2278 1624 2368 quod

269 2372 450 2438 asconsules
471 2371 619 2450 aberant,
652 2374 816 2439 consulare
838 2395 951 2440 munus
972 2371 1143 2440 sustinebat
1165 2392 1253 2438 more
1274 2373 1439 2440 maiorum.
1494 2378 1624 2439 Senatus

307 2473 355 2530 est
375 2465 523 2532 continuo
551 2476 739 2533 convocatus
769 2467 980 2554 frequensque
1001 2468 1147 2532 convenit
1167 2476 1298 2554 propter
1319 2467 1432 2532 famam
1454 2475 1547 2553 atque
1569 2488 1625 2530 ex-

307 2559 530 2646 spectationem
553 2569 677 2628 tuarum
699 2561 882 2627 litteramm.
930 2560 1075 2628 Recitatis
1092 2560 1204 2626 litteris
1226 2559 1327 2626 oblata
1349 2559 1462 2646 religio
1485 2564 1623 2627 Cornuto

306 2661 354 2716 est
374 2652 579 2739 pullariorum
601 2653 776 2728 admonitu,
798 2676 861 2720 uon
884 2654 956 2720 satis
978 2653 1143 2738 diligenter
1164 2675 1236 2718 eum
1252 2653 1398 2738 auspiciis
1419 2675 1548 2740 operam
1570 2653 1624 2718 dc-

307 2746 409 2824 disse;
439 2746 534 2833 idque
562 2769 579 2812 a
612 2756 720 2813 nostro
742 2747 875 2834 collegio
897 2745 1136 2835 comprobatum
1158 2756 1214 2811 est.
1257 2747 1365 2832 ltaque
1387 2769 1438 2812 res
1460 2747 1553 2812 dilata
1576 2754 1623 2811 est

269 2860 297 2898 as
305 2839 339 2904 in
359 2850 531 2928 posterum.
574 2846 620 2906 Eo
642 2851 746 2907 autem
768 2841 818 2906 die
840 2863 951 2927 magna
972 2841 1049 2907 mihi
1070 2861 1129 2928 pro
1151 2850 1203 2906 tua
1218 2839 1366 2926 dignitate
1380 2839 1537 2906 contentio
1552 2861 1623 2905 cuna

306 2933 460 3012 Servili03
482 2934 630 3022 quicum
652 2935 751 3020 gratia
772 2934 946 3011 effecisset,
976 2943 1012 3001 ut
1032 2955 1088 3000 sua
1110 2933 1260 3001 sententia
1282 2935 1384 3020 prima
1405 2935 1624 3022 pronuntiare-

305 3037 372 3104 tur.
403 3028 551 3116 frequens
583 3050 656 3095 eum
683 3038 806 3096 senatus
827 3029 953 3117 reliquit
975 3036 1007 3094 et
1031 3027 1063 3093 in
1085 3027 1145 3093 alia
1166 3027 1271 3094 omnia
1293 3027 1449 3106 discessit;
1471 3048 1623 3114 meaeque

304 3121 495 3196 sententiae,
534 3143 614 3208 quae
636 3122 771 3189 secunda
792 3124 991 3210 pronuntiata
1014 3131 1096 3198 erat,
1126 3143 1197 3188 cum
1218 3121 1400 3209 frequenter
1421 3123 1623 3187 assentiretur

305 3225 442 3290 senatus.
464 3225 578 3301 rogatu
599 3216 723 3281 Servilii
745 3221 778 3282 P.
801 3218 900 3284 Titius
921 3215 1105 3282 intercessit.
1147 3219 1178 3282 l.
1201 3216 1314 3282 Rasin
1336 3223 1497 3302 posterum
1519 3214 1622 3282 dilata.

267 3311 397 3376 oVenit
417 3319 543 3398 paratus
566 3309 733 3387 Servilius,
755 3311 823 3376 lovi
844 3311 906 3397 ipsi
927 3311 1065 3398 iniquus,
1088 3308 1177 3375 cuius
1197 3309 1230 3374 in
1252 3311 1368 3396 templo
1390 3331 1441 3375 res
1463 3309 1621 3395 agebatur.

304 3407 395 3469 Hunc
416 3403 679 3492 quemadmodum
702 3404 852 3489 fregerim
874 3414 1049 3491 quantaque
1071 3403 1270 3469 contentione
1300 3403 1414 3486 Titium
1438 3403 1624 3469 intercesso-

303 3517 373 3560 rem
393 3497 579 3573 abiecerim,
602 3518 643 3562 ex
671 3497 806 3563 aliorum
834 3509 864 3564 te
892 3498 1003 3564 litteris
1031 3497 1114 3563 malo
1135 3517 1336 3582 cognoscere.
1379 3501 1479 3562 Unum
1501 3497 1561 3560 boc
1581 3519 1622 3562 ex

304 3590 397 3656 meis:
420 3601 544 3658 senatus
566 3589 708 3676 gravior,
731 3591 939 3666 constantior,
962 3591 1091 3656 amicior
1106 3589 1166 3656 tuis
1184 3588 1328 3656 laudibus
1344 3611 1412 3656 esse
1431 3610 1494 3654 non
1508 3589 1621 3675 potuit,

304 3694 485 3770 quamtum
506 3685 581 3762 fuit;
604 3706 662 3750 nec
682 3705 758 3751 vero
780 3683 837 3750 tibi
859 3692 983 3750 senatus
1011 3683 1143 3749 amicior
1162 3704 1256 3770 quam
1272 3695 1381 3750 cuncta
1407 3683 1522 3748 civitas.
1565 3683 1623 3749 Mi·

267 3777 445 3844 stabiliter
479 3779 564 3843 euim
595 3779 730 3866 populus
768 3785 924 3845 Romanus
953 3777 1118 3843 universus
1144 3787 1175 3842 et
1197 3777 1337 3843 omnium
1361 3798 1511 3862 generum
1537 3777 1623 3844 ordi-

245 3891 266 3956 ς
303 3891 442 3957 numque
463 3893 633 3938 consensus
660 3872 700 3938 ad
721 3871 915 3938 liberandam
938 3893 1006 3937 rem
1035 3870 1190 3958 publicam
1216 3871 1415 3959 conspiravit.
1471 3877 1501 3938 5.
1523 3878 1622 3959 Perge

303 3964 413 4050 igitur,
449 3975 485 4030 ut
505 3965 590 4052 agis.
626 3987 804 4053 nomenque
833 3975 921 4032 tuum
944 3965 1127 4032 commenda
1149 3965 1396 4031 immortalitati:
1429 3975 1521 4052 atque
1545 3966 1623 4033 baec

302 4059 424 4135 omnia,
447 4081 526 4146 quae
550 4058 665 4126 babent
689 4061 826 4147 speciem
849 4059 986 4145 gloriae,
1009 4060 1138 4126 collecta
1163 4059 1352 4125 inanissimis
1373 4058 1549 4146 splendoris
1575 4060 1621 4126 in·

301 4151 456 4238 signibus.
493 4162 671 4234 contemne;
704 4153 827 4230 brevia,
851 4154 985 4240 fugacia,
1014 4154 1131 4220 caduca
1152 4154 1307 4220 existima.
1330 4160 1446 4220 Verum
1471 4153 1567 4219 decus
1589 4154 1621 4219 iu

264 4246 418 4312 uvirtute
443 4247 580 4333 positum
608 4257 668 4320 cst.
705 4270 787 4335 quae
814 4248 950 4314 maxime
979 4247 1153 4315 illustratur
1176 4248 1296 4333 magnis
1322 4252 1442 4314 iurem
1463 4245 1621 4333 publicam

301 4340 433 4406 meritis.
489 4345 564 4408 Eam
593 4342 770 4408 facultatem
802 4340 899 4407 babes
928 4342 1112 4419 maximam;
1149 4345 1242 4430 quaiu
1268 4341 1416 4428 qnoniam
1438 4340 1621 4426 complexus

301 4443 403 4510 tenes,
431 4435 561 4522 perfice,
597 4448 632 4504 ut
652 4459 692 4502 ne
714 4439 817 4503 minus
841 4458 893 4502 res
917 4435 1041 4524 publiea
1067 4436 1123 4502 tibi
1160 4458 1253 4525 quam
1275 4445 1308 4502 tu
1334 4435 1381 4500 rei
1403 4434 1545 4521 publicae
1567 4433 1622 4499 de·

369 4600 396 4650 2.
416 4601 493 4667 affert
510 4600 550 4651 M:
577 4601 672 4666 afferet
690 4601 721 4652 Ε.
755 4625 785 4636 -
822 4601 850 4652 3.
868 4603 999 4666 gratiores
1016 4601 1171 4653 Manutius:
1200 4602 1335 4665 grauiores
1360 4599 1419 4649 ME.
1451 4625 1483 4635 -
1519 4598 1546 4649 s.
1565 4611 1621 4660 rpe-

299 4676 372 4720 ctcto
390 4670 427 4721 M.
457 4695 488 4708 -
525 4671 568 4720 10.
588 4668 684 4734 pseud]
703 4672 774 4736 qood
791 4671 836 4729 M.
856 4685 907 4735 quo
925 4671 958 4722 N.
987 4696 1018 4708 —
1055 4673 1099 4723 13.
1117 4686 1158 4722 ms
1175 4673 1207 4721 dc
1224 4672 1300 4720 domo
1319 4670 1365 4720 M2
1384 4683 1424 4719 naa
1441 4670 1518 4718 domo
1537 4669 1566 4718 E.
1588 4691 1619 4704 -

300 4740 343 4790 15.
370 4741 441 4791 venit
469 4741 499 4790 T.
526 4741 663 4791 Munatius
688 4741 841 4792 Schittzius.
872 4767 906 4779 -
942 4737 982 4804 ct]
1007 4749 1034 4794 et
1063 4742 1220 4794 Cratander.
1255 4765 1283 4776 -
1321 4739 1365 4790 to.
1386 4739 1434 4790 tibi
1451 4753 1469 4789 o
1485 4752 1511 4789 se
1530 4739 1566 4788 M.
1587 4759 1619 4772 -

299 4809 592 4874 aspernamentum
609 4812 660 4874 suit
679 4811 716 4862 M.
749 4838 780 4848 -
818 4811 1120 4876 augaunensium.
1142 4835 1171 4846 -
1208 4811 1253 4861 38.
1272 4809 1377 4861 collecta
1395 4809 1554 4858 inanissimis
1572 4807 1618 4858 Mt

298 4879 431 4929 collectam
448 4880 572 4931 inanibus
591 4881 629 4936 Ε,
649 4881 782 4932 collectam
801 4895 833 4930 eo
849 4883 1011 4932 inanissimis
1030 4883 1184 4934 Lambinus.
1213 4906 1244 4917 -
1280 4879 1324 4930 39.
1342 4881 1447 4946 papatis
1466 4879 1506 4936 (iu
1525 4889 1619 4928 rasura

297 4944 341 5011 io)
369 4949 415 5010 M,
454 4951 546 5014 [motu
578 4949 629 5001 Vb.
661 4973 693 4986 -
737 4953 836 5002 caduco
862 4955 1074 5005 existimaverim.
1107 4955 1180 5004 decus
1206 4951 1243 5002 M.
1273 4973 1303 4986 —
1348 4949 1392 5000 tt.
1420 4951 1543 5014 quonium
1572 4948 1618 4998 M:

297 5019 403 5082 quondo
422 5018 453 5070 Ε.
482 5043 513 5057 -
532 5021 680 5084 comptam
697 5030 766 5073 tutes
783 5021 901 5072 Orellioa
920 5019 994 5086 (coll.
1015 5023 1187 5086 pro'Fontelo
1206 5019 1236 5084 §-
1255 5019 1316 5081 Mil:
1336 5019 1482 5082 complexas
1499 5032 1543 5081 es,
1563 5023 1620 5070 taos

297 5087 325 5140 M
343 5087 402 5148 (aad
422 5103 447 5140 aa
466 5095 493 5141 et
510 5103 523 5142 a
541 5090 631 5143 finalis
648 5104 680 5143 ex
698 5092 868 5144 correctione
886 5093 915 5144 ln
933 5090 1039 5159 rasura)
1059 5095 1098 5156 Ε,
1117 5091 1264 5156 complexas
1282 5103 1308 5141 es
1325 5097 1350 5142 at
1368 5097 1437 5142 tatas
1456 5089 1506 5142 Vb.
