3658 5930
803 359 862 420 ΕΡ.
884 359 937 420 ΑΒ
959 358 1132 421 ATTICUM

790 513 1151 598 monam)

781 648 924 714 CICERO
956 647 1099 712 ATTICO
1128 649 1160 710 S.

394 777 423 838 1.
445 771 562 837 Nadius
585 771 695 836 tertius
717 769 789 834 dedi
811 767 850 834 ad
872 779 902 835 te
925 767 1088 854 epistolam
1109 766 1303 852 longiorem3
1324 788 1407 833 nunc
1421 767 1461 832 ad
1476 788 1550 842 ea,
1580 786 1674 852 quae

308 868 463 953 proxime.
507 866 607 933 Velim
631 863 824 938 mehercule,
853 868 986 928 Asturae
1006 867 1132 928 Brutus.
1171 864 1377 929 Ἀκολασὸαν
1398 861 1552 927 istorum
1581 859 1673 925 scri-
1783 899 1784 902 =

284 961 366 1028 abis.
408 966 455 1027 An
478 959 626 1026 censebas
655 959 766 1024 aliter‘t
800 955 956 1042 Equidem
983 957 1075 1022 etiam
1098 955 1217 1022 maiora
1240 965 1399 1042 exspecto.
1443 961 1536 1023 Cum
1567 955 1670 1042 equi-

307 1055 378 1120 dem
400 1055 578 1120 eontionem
601 1054 688 1138 lego,
710 1071 754 1116 aa
777 1068 888 1119 Tauro
912 1068 1015 1125 vnto,
1048 1069 1092 1115 aa
1117 1069 1319 1118 cnaarssrnro
1344 1070 1429 1125 cava.
1461 1051 1568 1116 Ierre
1595 1069 1670 1114 non

307 1169 406 1237 queo;
430 1153 487 1214 etsi
509 1148 567 1212 ista
589 1147 651 1212 iam
673 1145 711 1212 ad
733 1146 843 1212 risum.
886 1145 948 1210 Sed
970 1155 1143 1210 memento:
1167 1145 1211 1209 sic
1233 1145 1327 1212 alitur
1348 1144 1564 1211 consuetudo
1586 1165 1672 1230 pem

307 1243 442 1310 diturum
465 1243 660 1317 contionum:
683 1250 718 1306 ut
740 1241 839 1306 nostri
861 1239 921 1314 illi,
947 1260 1010 1305 non
1033 1239 1146 1304 heroes
1170 1238 1224 1304 sed
1248 1238 1305 1313 dil,
1328 1239 1426 1304 Iuturi
1449 1240 1603 1328 quidem
1630 1239 1668 1304 ia

308 1339 407 1424 gloria
426 1340 615 1423 sempiterna
631 1338 704 1408 siat.
726 1335 781 1399 sed
794 1357 857 1400 non
870 1334 936 1398 sine
952 1332 1082 1406 invidia,
1103 1354 1141 1398 ne
1164 1336 1230 1398 sine
1245 1335 1386 1419 periculo
1402 1335 1556 1419 quidem.
1596 1339 1669 1396 Ve-

274 1450 377 1500 ¹0rum
400 1433 459 1498 illis
481 1450 592 1515 magna
609 1430 781 1494 consolatio
807 1427 997 1495 conscientia
1025 1427 1153 1492 maximi
1173 1439 1204 1494 et
1234 1427 1398 1494 clarissimi
1419 1426 1515 1494 facti:
1553 1426 1665 1493 nobis

307 1531 409 1618 quaet?
428 1524 482 1611 qui
500 1523 665 1588 interiecto
680 1545 755 1608 rege
769 1522 860 1588 liberi
875 1543 938 1587 non
953 1541 1070 1586 sumus.
1102 1521 1164 1586 Sed
1180 1522 1256 1589 baec
1269 1519 1395 1588 fortuna
1410 1522 1547 1596 viderit,
1568 1541 1665 1608 quo-

308 1621 390 1685 niam
411 1619 493 1685 ratio
515 1639 578 1684 non
600 1617 764 1702 gubernat.
818 1621 849 1683 2.
863 1621 916 1700 ‚oe
939 1619 1105 1688 Cicerone,
1135 1638 1216 1702 quae
1238 1614 1364 1690 scribis,
1395 1615 1539 1682 iucunda
1567 1613 1662 1680 mibi

308 1725 393 1791 suat;
426 1713 537 1786 velim,
568 1712 630 1778 siat
650 1733 812 1798 prospera.
864 1708 958 1788 Quod
979 1730 1057 1774 vero
1079 1729 1173 1775 curae
1203 1709 1259 1776 tibi
1281 1719 1345 1782 est,
1374 1719 1409 1775 ut
1431 1714 1459 1775 ei
1482 1707 1662 1794 suppedi-

308 1817 392 1873 tetur
414 1804 452 1870 ad
475 1827 564 1870 usum
588 1815 620 1869 et
640 1807 756 1871 cultum
778 1806 922 1892 copiose.
945 1825 1003 1891 per
1020 1803 1096 1870 mibi
1118 1814 1239 1889 gratum
1262 1814 1325 1882 est;
1347 1803 1443 1890 idque
1464 1813 1500 1869 ut
1523 1802 1656 1878 facias,

274 1912 339 1967 ate
368 1906 461 1966 etiam
490 1920 581 1985 roga.
636 1903 683 1964 De
705 1898 891 1972 Buthrotiis,
926 1909 957 1964 et
978 1909 1013 1964 ta
1033 1907 1118 1962 recte
1148 1899 1266 1984 cogitas
1288 1907 1319 1963 et
1341 1917 1400 1982 ego
1421 1916 1486 1962 non
1508 1895 1656 1961 dImitto

307 1996 397 2060 istam
420 2015 537 2059 curam.
588 1994 760 2081 Suscipiam
788 2015 914 2059 omnem
938 1993 1032 2059 etiam
1054 1992 1223 2070 actionem;
1257 2013 1351 2079 quam
1373 1989 1465 2055 rideo
1487 1988 1655 2074 quotidie

307 2089 489 2156 faciliorem.
543 2093 589 2152 Ile
612 2088 776 2162 Cluuiano,
806 2089 953 2175 quoniam
975 2088 1008 2151 in
1029 2107 1065 2151 re
1087 2107 1158 2151 mea
1180 2106 1230 2150 me
1252 2085 1354 2171 ipsum
1376 2082 1541 2168 diligentia
1574 2082 1653 2146 vin-

307 2184 367 2257 cis.
390 2203 442 2246 res
463 2181 503 2246 ad
524 2191 653 2247 centena
675 2182 868 2268 perducitur.
919 2182 1018 2248 Ruina
1039 2202 1108 2245 rem
1130 2201 1193 2247 nou
1214 2178 1288 2244 fecit
1310 2179 1523 2254 deteriorem,
1552 2173 1649 2242 haud

308 2277 374 2342 scio
395 2297 434 2340 an
456 2276 518 2340 iam
541 2273 795 2340 fructuosiorem.
838 2280 896 2341 IIlc
917 2296 1041 2340 mecum
1063 2271 1195 2347 Balbus,
1218 2275 1355 2350 Hirtius,
1382 2277 1490 2337 Pansa.
1534 2269 1648 2340 Modo

271 2370 393 2436 cnvenit
414 2369 560 2434 Octavius
582 2367 761 2454 etquidem
784 2369 816 2433 in
839 2368 1015 2454 proximam
1037 2367 1143 2432 villam
1165 2366 1315 2453 Philippi,
1336 2365 1414 2432 mibi
1436 2375 1520 2431 totus
1543 2361 1649 2430 dedi-

308 2476 367 2532 tus.
410 2462 558 2529 Lentulus
580 2461 728 2552 Spinther
748 2461 842 2534 hodie
864 2461 947 2552 apud
968 2483 1036 2542 me;
1057 2481 1127 2528 cras
1148 2481 1240 2526 mane
1262 2459 1356 2528 vadit.

768 2640 1165 2724 rumacmo

788 2774 931 2838 CICERO
952 2772 1096 2837 ATTICO
1120 2773 1151 2836 S.

395 2901 423 2960 I.
446 2897 473 2960 O
496 2895 539 2959 mi
559 2893 674 2968 Attica,
697 2914 826 2968 vereor,
857 2915 896 2958 ne
918 2891 1009 2958 nobis
1030 2891 1102 2958 Idus
1124 2892 1252 2957 Martiae
1274 2890 1351 2957 nibil
1373 2888 1515 2960 dederint
1539 2915 1638 2980 prae·

269 3000 356 3058 ester
378 2989 523 3055 laetitiam
559 2997 591 3053 et
617 2988 681 3053 odii
710 3008 843 3074 poenam
873 3008 909 3051 ao
939 2986 1067 3052 doloris.
1112 2987 1200 3062 Quae
1228 2985 1304 3050 mibi
1324 2988 1407 3056 istim
1431 2989 1637 3054 afferuntur?

308 3089 396 3162 Quae
419 3084 468 3149 blo
490 3083 608 3152 video?
645 3085 693 3148 “o
716 3083 861 3170 πράξεως
883 3087 982 3160 καλῆς
1003 3094 1078 3166 μέν,
1101 3083 1234 3157 ἀτελοῦς
1256 3084 1310 3149 del
1353 3085 1434 3160 Scis,
1465 3105 1559 3168 quam
1584 3081 1634 3145 di·

305 3178 397 3262 ligem
427 3178 548 3244 Siculos
576 3187 608 3241 et
635 3198 727 3262 quam
756 3176 839 3244 illam
869 3176 1042 3244 clientelam
1070 3173 1230 3238 honestam
1261 3174 1407 3244 iudicem.
1449 3176 1545 3242 Multa
1567 3175 1634 3240 illis

306 3275 435 3348 Caesar,
473 3293 574 3358 neque
604 3292 654 3335 me
686 3270 803 3344 invito,
838 3271 895 3334 etsi
922 3269 1070 3335 Latinitas
1100 3278 1166 3332 erat
1196 3290 1258 3334 non
1287 3270 1434 3350 ferenda;
1472 3279 1633 3334 vemmta·

306 3388 377 3432 meu
399 3419 408 3436 .
432 3415 440 3431 .
464 3415 503 3434 ..
546 3371 625 3434 Ecce
652 3373 755 3429 autem
783 3369 950 3435 Antonius.
984 3373 1108 3447 accepta
1132 3363 1241 3446 grandi
1264 3366 1413 3450 pecunia,
1435 3365 1503 3429 lixit
1524 3365 1630 3449 legem

268 3481 323 3526 soa
346 3460 495 3526 dictatore
517 3458 651 3524 comitiis
674 3458 782 3532 latam,
806 3478 866 3544 qua
890 3457 984 3522 Siculi
1007 3458 1091 3522 cives
1113 3458 1260 3535 Romaai;
1298 3460 1386 3524 cuius
1408 3459 1454 3523 rei
1477 3457 1549 3521 viso
1573 3457 1629 3522 illo

305 3554 421 3619 mentio
451 3552 544 3618 nulla.
607 3552 712 3630 Quid?
745 3551 884 3616 Deiotari
913 3551 1011 3616 nostri
1040 3571 1132 3614 causa
1160 3571 1221 3615 non
1255 3551 1385 3618 similist
1428 3551 1546 3634 Dignus
1575 3551 1628 3615 itte

306 3648 432 3733 quidem
460 3649 544 3711 omni
573 3667 688 3729 regno,
725 3645 781 3710 sed
805 3665 869 3709 nou
890 3664 947 3729 per
974 3645 1124 3710 Fulviam.
1169 3649 1322 3710 Sescenta
1344 3645 1465 3711 similia.
1509 3652 1628 3713 Verum

305 3742 379 3806 illuc
399 3739 538 3805 releror:
568 3749 629 3803 tarn
652 3740 766 3803 claram
790 3747 914 3823 tamque
936 3747 1078 3802 testatam
1101 3760 1168 3802 rem
1191 3748 1315 3826 tamque
1337 3741 1466 3814 iustam,
1493 3739 1628 3805 Buthro·

306 3835 395 3907 tiam,
432 3855 494 3898 noa
516 3832 691 3898 tenebimus
718 3833 819 3917 aliqua
851 3853 891 3895 ex
913 3838 1022 3916 parte?
1059 3842 1089 3896 et
1115 3853 1154 3897 eo
1177 3834 1303 3917 quidem
1325 3836 1443 3918 magis.
1481 3856 1546 3920 quo
1567 3835 1626 3898 iste

269 3927 417 4016 ssplural
451 3933 479 3992 2.
501 3926 668 3994 Nobiscum
692 3927 741 3993 bic
763 3924 994 4015 perhonorifice
1017 3936 1048 3990 et
1069 3927 1226 4010 peramica
1249 3929 1431 4019 Octavium(
1440 3949 1532 4014 quem
1557 3927 1627 4014 qui·

375 4144 401 4199 d.
421 4147 500 4195 vatim
516 4158 557 4196 me
573 4145 717 4196 mehercule
736 4146 766 4194 ts.
801 4171 826 4182 -
867 4145 893 4195 5.
914 4145 979 4196 Cum
997 4143 1125 4210 equidem]
1146 4145 1217 4210 Quin
1236 4141 1355 4210 eqaidem
1372 4146 1432 4207 III,
1454 4147 1624 4209 Quinetiam

305 4217 337 4268 Il·
360 4241 388 4252 -
427 4217 452 4266 O.
473 4217 576 4266 cloelt.
612 4239 639 4251 -
678 4215 703 4265 7.
723 4218 809 4264 oleum
829 4216 850 4264 I.
885 4241 912 4252 -
951 4216 1031 4266 aliter
1049 4217 1070 4264 I.
1102 4239 1129 4250 -
1168 4216 1193 4265 8.
1213 4215 1254 4282 ut]
1274 4225 1298 4266 et
1318 4217 1340 4268 I.
1372 4243 1401 4253 -
1439 4219 1464 4267 O.
1492 4214 1625 4280 sintlfuit

202 4347 209 4364 ,
306 4287 328 4337 I.
348 4311 381 4324 -
416 4288 472 4336 stne
499 4287 618 4346 Inuidia,
651 4298 683 4334 ae
702 4299 757 4335 om.
776 4285 850 4336 llllll.
889 4285 921 4334 Ut
940 4299 1005 4348 nos,
1026 4285 1110 4336 Codd.
1132 4287 1213 4336 Basti.
1240 4288 1312 4337 Fort.
1348 4287 1465 4337 sednon
1483 4289 1625 4350 sincaere·-

305 4358 377 4416 culo,
408 4358 514 4406 aeetae
532 4357 637 4405 Inuidia
655 4356 768 4418 quidem.
791 4356 839 4407 On.
874 4381 902 4390 —
943 4357 985 4404 13.
1006 4358 1111 4406 ratione
1131 4357 1262 4418 ambernac
1280 4357 1318 4406 bl.
1347 4384 1379 4394 -
1416 4359 1458 4408 13.
1479 4357 1624 4421 quodem

305 4427 352 4477 tibi
371 4431 408 4476 eat
426 4427 468 4486 Μ,
499 4429 567 4492 quod
586 4440 646 4476 vero
666 4426 714 4475 tibi
732 4433 768 4475 ert
787 4439 865 4476 curae
883 4425 914 4482 I,
934 4427 1004 4488 quod
1021 4440 1098 4475 aurae
1117 4427 1166 4474 tibi
1184 4431 1220 4475 est
1239 4427 1382 4478 Victorius.
1422 4428 1465 4485 (Ilt
1484 4441 1548 4482 nos.
1570 4429 1623 4479 iam

305 4495 350 4558 It.)
378 4521 408 4532 -
446 4497 489 4548 Id.
520 4497 605 4560 idque]
633 4497 670 4544 Id.
701 4509 749 4560 que
774 4496 811 4548 II.
841 4518 869 4532 -
908 4497 950 4545 15.
976 4493 1065 4558 etlam]
1094 4497 1164 4546 Fort.
1194 4499 1274 4547 etiam
1296 4503 1374 4564 atqua
1402 4500 1493 4548 ettam.
1519 4496 1570 4548 Oe.
1592 4523 1620 4536 ⁴-

306 4567 349 4620 16.
370 4581 471 4616 curam.
510 4566 559 4616 Sed
577 4567 717 4630 susciptum
737 4567 758 4614 1.
781 4591 811 4601 -
831 4561 921 4627 etiam]
940 4567 1020 4618 istam
1039 4567 1061 4616 I.
1082 4567 1153 4616 Fert.
1174 4580 1239 4616 eam.
1259 4567 1309 4620 Oa.
1333 4593 1359 4604 ·-
1381 4567 1424 4617 13.
1449 4566 1550 4632 Iluino]
1569 4580 1624 4616 una

306 4637 375 4694 Ma.
403 4651 465 4687 nam
497 4635 518 4688 1.
550 4662 577 4673 -
617 4638 659 4687 19.
684 4633 749 4698 iam]
780 4635 846 4685 Cum
867 4637 997 4685 lambino
1018 4635 1143 4687 malimus
1162 4639 1251 4686 etlam.
1274 4661 1304 4671 -
1339 4639 1383 4687 20.
1405 4639 1476 4689 Fert.
1497 4637 1622 4702 Paetinae.

305 4705 373 4755 Meet
391 4711 410 4756 t.
431 4708 457 4756 d.
478 4713 524 4756 est.
545 4705 594 4757 Oa.
615 4731 646 4744 ·-
665 4707 708 4756 25.
728 4720 821 4768 peoora
839 4707 899 4765 IIIR,
916 4707 1023 4768 plenam
1041 4707 1106 4757 Cod·
1127 4709 1154 4758 iu
1173 4721 1227 4769 mg.
1249 4708 1352 4771 Itepett.
1374 4707 1467 4758 Lamb.
1488 4714 1514 4758 et
1527 4709 1576 4758 Vb.
1592 4731 1620 4744 «-

305 4777 377 4824 Isttm
393 4777 439 4826 M:
460 4777 536 4826 Istinc
554 4775 621 4825 IIIII.
643 4801 674 4810 -
692 4775 735 4826 38.
755 4785 933 4826 verumtamen
952 4785 1040 4827 cratem
1057 4790 1110 4827 ecce
1128 4777 1149 4828 I.
1169 4801 1199 4812 ·-
1220 4778 1263 4828 39.
1283 4780 1363 4842 fimat
1381 4778 1402 4827 1.
1433 4801 1462 4813 -
1490 4779 1534 4829 31.
1556 4779 1624 4842 Quid

307 4846 337 4894 de
357 4845 477 4894 Deiotari
496 4847 516 4895 I.
543 4871 571 4882 ·—
608 4843 672 4909 aon]
703 4859 765 4896 aum
792 4847 805 4896 l
833 4853 857 4896 et
888 4859 958 4896 corr.
978 4847 1016 4898 III.
1039 4871 1069 4882 -
1106 4847 1148 4897 33.
1170 4846 1254 4908 resero
1272 4849 1345 4898 llIIlI.
1375 4846 1419 4908 (Ut
1438 4861 1506 4909 nos,
1527 4849 1623 4899 Itosius

306 4917 397 4965 tacito.
433 4916 505 4966 Fert.
524 4925 687 4978 promereor.
707 4915 769 4970 Os.)
790 4941 819 4954 -
856 4917 899 4966 dl·
920 4919 970 4966 tata
989 4917 1035 4966 Itl.
1074 4916 1242 4972 (Correctum
1262 4925 1300 4968 est
1321 4920 1348 4966 in
1367 4917 1416 4968 Vb.
1453 4919 1493 4969 ne
1519 4919 1547 4970 Μ
1567 4933 1621 4971 nou

306 4981 411 5049 liquet.)
433 5010 463 5020 -
536 4986 579 5036 ³5.
596 4989 726 5049 peremtas
744 5001 805 5036 curn
825 5001 879 5051 mg.
899 4985 969 5037 Crat.
991 4987 1160 5038 Lambtnus:
1181 4990 1263 5038 amice
1281 4988 1378 5040 MRIII.
