3628 5876
588 441 662 506 LIB.
684 441 738 506 lll.
780 443 839 507 ΕΡ.
864 443 913 507 17.
938 441 987 508 18.
1011 443 1060 508 19.
1081 443 1133 508 20.
1458 447 1518 513 aot

195 595 276 674 Quis
297 595 381 660 enim
402 604 499 670 esset,
534 595 587 683 qui
608 596 696 663 illum
718 607 781 665 tam
806 597 961 665 brriosum
983 597 1206 678 arbitraretur,
1239 611 1288 677 nt,
1318 601 1372 690 qui
1400 603 1432 668 ia
1455 625 1521 670 ma-

194 687 284 754 ximo
314 687 398 754 bello
430 708 540 775 pacem
572 690 652 755 velle
679 713 713 757 se
734 692 880 770 dixisset,
917 695 944 760 is
965 694 997 759 in
1019 694 1211 781 optatissima
1232 715 1310 783 paee
1331 694 1448 764 bellum
1468 699 1518 765 rel

194 781 339 868 publicae
359 780 530 848 indiceret?
568 788 631 848 Nec
652 785 778 862 dubito,
815 787 891 874 quin
912 794 946 854 tu
965 788 1035 874 plus
1054 788 1232 876 provideas.
1281 794 1311 855 3.
1335 791 1396 857 Sed
1415 801 1519 858 umen

194 887 257 941 tam
281 875 400 942 recenti
425 877 651 961 gratulatione,
688 901 782 968 quam
810 890 866 947 tuo
897 882 1023 947 nominc
1056 880 1222 948 adomnia
1250 882 1382 950 deorum
1405 887 1520 972 templa

194 969 339 1046 lecimus,
367 971 532 1036 renovatio
564 974 687 1040 timoris
716 993 861 1063 magnam
888 977 1063 1042 molestiam
1092 976 1253 1044 afferebat.
1297 982 1404 1056 Quare
1425 980 1543 1046 velims

194 1063 358 1152 equidem,
382 1064 413 1130 ld
440 1066 525 1153 quod
558 1089 669 1154 spero,
705 1079 741 1135 ut
760 1071 852 1157 plane
875 1068 1013 1137 abiectus
1033 1079 1065 1136 et
1085 1071 1201 1136 fractus
1224 1071 1265 1136 sit
1279 1072 1448 1152 Antonium
1471 1074 1519 1139 siu

193 1157 312 1245 aliquid
333 1159 449 1226 virium
471 1158 554 1225 sorte
576 1162 753 1248 collegerit,
782 1165 893 1230 sentiet
915 1185 973 1231 nec
994 1165 1114 1230 senatui
1135 1164 1299 1230 eonsilium
1321 1187 1379 1231 nec
1400 1168 1519 1254 populo

190 1258 336 1412 Kltopaqno
361 1253 509 1319 virtutem
538 1253 648 1321 deesse
675 1277 734 1322 nec
761 1258 810 1324 rei
830 1256 973 1346 publicae
1003 1267 1035 1324 te
1055 1257 1129 1324 rivo
1150 1258 1383 1346 imperatorem.
1425 1279 1519 1328 run.

220 1367 261 1412 a.
298 1369 351 1414 un.

658 1493 742 1558 rix.
785 1491 834 1577 (A.
861 1495 892 1558 u
916 1495 948 1558 o.
969 1491 1054 1578 ιιι.)
1531 1542 1557 1584 „

369 1577 434 1686 ln.
456 1608 606 1670 neurus
628 1608 707 1670 mr.
731 1606 816 1670 cos.
837 1608 923 1671 nas.
947 1609 979 1672 s.
998 1610 1037 1671 ιι.
1059 1609 1100 1672 ιι.
1123 1608 1317 1674 creanom.
1350 1559 1367 1625 l

279 1728 307 1792 t.
335 1723 382 1791 ad
412 1736 553 1791 senatum
581 1745 658 1813 quas
685 1726 805 1791 litteras
833 1726 918 1804 misi,
951 1725 1046 1794 velim
1066 1725 1155 1814 prius
1176 1727 1319 1814 perlegas
1341 1736 1385 1804 et,
1408 1727 1434 1794 si
1456 1751 1517 1816 qna

189 1818 249 1886 tibi
270 1817 478 1895 videbuntur,
500 1828 683 1886 commutes.
726 1821 909 1886 Necessario
927 1841 978 1886 me
995 1820 1156 1908 scripsisse
1177 1819 1246 1906 ipse
1272 1820 1518 1902 animadvertes3

190 1936 263 1980 nam
300 1935 371 1978 cum
403 1923 546 1999 putarem
573 1921 715 2000 quartam
744 1922 775 1979 et
809 1913 951 1980 Martiam
986 1904 1126 2000 legione's
1154 1935 1278 1980 meeum
1308 1915 1450 1994 trituras,
1483 1926 1519 1984 ut

93 2085 100 2100 ι
189 2013 296 2074 Druso
318 2006 489 2093 Paulloque
510 2005 669 2092 placuerat
689 2006 780 2073 vobis
801 2007 1057 2085 assentientibus,
1079 2011 1183 2074 minus
1206 2008 1245 2074 de
1266 2007 1397 2095 reliquis
1418 2008 1516 2077 rebus
1530 2035 1556 2080 ιιι

189 2099 399 2169 laborandum
415 2100 601 2166 existimavi.
642 2106 731 2167 Nune
750 2121 842 2178 vero,
864 2123 936 2168 cum
958 2102 1018 2168 sina
1035 2123 1106 2168 cum
1124 2102 1279 2170 tironibus
1299 2103 1517 2187 egentissimis,

190 2194 282 2261 valde
311 2203 343 2259 et
372 2214 475 2260 meam
504 2203 535 2258 et
563 2207 699 2261 vestram
725 2194 825 2262 vicem
856 2195 983 2260 timeam
1007 2216 1135 2262 neeesse
1161 2205 1218 2262 eat.
1260 2197 1446 2264 evicerint
1466 2219 1518 2264 me

191 2298 223 2354 et
243 2293 285 2355 Μ.
307 2293 439 2353 Brutum
461 2288 630 2375 praecipue
651 2286 829 2355 observant.
881 2289 938 2355 llis
960 2309 999 2355 ne
1021 2311 1114 2377 quam
1136 2290 1255 2376 patiare
1277 2290 1424 2358 iniuriam
1447 2291 1518 2358 lieri

190 2382 223 2448 in
245 2389 355 2448 senatu
378 2402 546 2448 vernarum
563 2403 672 2458 causa,
695 2403 713 2447 a
735 2391 766 2447 te
778 2391 862 2470 peto.
908 2387 1039 2450 Caumm
1057 2382 1172 2449 babent
1194 2384 1358 2472 optimam,
1380 2384 1518 2450 officium

189 2477 223 2542 in
245 2497 313 2541 rem
335 2475 492 2562 publicam
514 2498 686 2553 summum,
708 2496 806 2563 genus
827 2475 990 2542 bominum
1010 2475 1266 2545 adversariorum
1287 2477 1473 2546 seditiosum
1487 2487 1555 2546 etas

189 2570 427 2638 inertissimum.
469 2572 726 2648 xrr.lial.1un.,
749 2571 910 2638 Vercellis.

656 2715 724 2778 rr.
767 2712 821 2793 (A.
847 2714 879 2778 ιι
903 2714 935 2777 c
956 2713 1048 2795 ιιι.)

505 2801 523 2929 (
549 2838 587 2900 n.
608 2837 758 2901 auarus
781 2837 813 2900 s.
834 2838 872 2899 n.
894 2837 935 2900 u.
959 2837 1154 2902 c1cnnou1.
1184 2813 1197 2941 l

278 2950 306 3012 t.
330 2945 424 3025 Quod
445 2967 505 3034 pro
526 2967 578 3012 me
599 2967 663 3013 non
685 2947 781 3022 facio,
807 2945 841 3011 id
861 2966 921 3032 pro
943 2954 974 3011 te
995 2944 1100 3012 lacere
1121 2967 1211 3014 amor
1232 2967 1322 3014 meus
1342 2949 1376 3015 in
1397 2957 1428 3015 te
1449 2958 1518 3016 tua·

188 3063 251 3130 que
274 3041 376 3106 cilicia
394 3048 523 3125 cogunt,
545 3049 581 3106 ut
601 3040 737 3106 timeam.
780 3042 880 3126 Saepe
902 3040 985 3104 enim
1000 3039 1077 3104 mibi
1091 3060 1162 3106 cum
1180 3051 1262 3108 esset
1279 3042 1395 3108 dictum
1413 3063 1516 3130 neque
1526 3072 1555 3114 ss

189 3155 282 3202 ame
307 3141 536 3222 contemptum,
569 3133 739 3200 novissime
771 3131 877 3199 Labeo
903 3133 1066 3218 Segulius,
1104 3132 1200 3200 bomo
1228 3134 1291 3201 sibi
1321 3136 1516 3212 simillimus,

188 3237 297 3295 narrat
317 3229 393 3294 mibi
419 3228 502 3316 apud
526 3231 691 3294 Caesarem
717 3249 751 3293 se
775 3227 871 3292 luisse
899 3226 1094 3315 multumque
1113 3249 1292 3296 sermonem
1319 3228 1358 3294 de
1382 3236 1412 3294 te
1428 3227 1518 3294 babi-

188 3335 255 3390 tum
278 3344 364 3401 esse3
386 3323 491 3410 ipsum
512 3327 676 3391 Caesarem
705 3321 782 3387 nibil
807 3343 882 3388 sane
905 3321 945 3387 de
970 3330 1003 3388 te
1026 3332 1173 3409 questum
1203 3322 1262 3388 nisi
1291 3322 1407 3390 dictum
1430 3321 1517 3410 qnod

188 3417 311 3484 diceret
331 3427 362 3483 te
385 3417 526 3493 dixisse,
563 3415 778 3492 „laudandum
800 3415 1043 3492 adolescentem,
1078 3416 1273 3492 ornandum,
1302 3415 1514 3496 tollendum'';

188 3533 223 3577 se
252 3533 315 3578 non
342 3533 412 3578 esse
440 3511 698 3586 commissurum,
730 3519 766 3576 ut
797 3509 864 3576 tolli
884 3511 994 3597 possit
1045 3514 1114 3577 lloe
1135 3531 1195 3596 ego
1216 3508 1395 3577 Labeonem
1416 3509 1553 3583 eredose

187 3607 233 3673 illi
259 3608 417 3674 rettulisse
444 3615 498 3672 ant
524 3605 652 3672 linxisse
674 3604 807 3679 dietum,
841 3624 904 3670 non
925 3602 966 3669 ab
987 3603 1183 3671 adolescente
1205 3603 1372 3689 prolatum.
1422 3609 1517 3670 Vete-

187 3721 283 3766 ranos
305 3721 383 3766 vero
404 3700 538 3786 pessime
560 3699 648 3786 loqui
664 3696 789 3764 volebat
803 3697 910 3765 Labeo
931 3719 983 3764 me
1001 3698 1132 3764 credere
1147 3706 1179 3764 et
1199 3696 1257 3764 tibi
1278 3695 1317 3763 ab
1339 3695 1376 3762 iis
1398 3695 1515 3762 instare

186 3794 380 3881 pericnlum
403 3793 601 3881 maximeque
616 3790 778 3878 indignari,
801 3791 887 3880 quod
907 3792 940 3858 iu
963 3790 1150 3858 decemviris
1167 3812 1269 3879 neque
1284 3794 1398 3857 Caesar
1413 3811 1516 3877 neque

188 3909 248 3973 ego
280 3887 377 3953 babiti
410 3907 550 3954 essemus
583 3895 676 3973 atque
703 3885 807 3952 omnia
834 3884 874 3951 ad
901 3898 1041 3953 vestrum
1064 3884 1230 3952 arbitrium
1264 3893 1368 3951 essent
1394 3885 1515 3951 collata.

187 3986 217 4047 2.
240 3986 326 4047 llaec
347 4001 418 4047 cum
440 3980 596 4048 audissem
618 3987 650 4044 et
670 3979 732 4044 iam
753 3980 786 4044 in
807 3979 918 4046 itinere
941 4001 1056 4056 essem,
1089 3977 1343 4046 committendum
1374 3977 1553 4052 nondumss

187 4079 308 4161 putavi,
331 4079 420 4161 prius
441 4084 478 4141 ut
497 4074 592 4160 Alpes
613 4072 866 4159 transgrederer,
889 4095 999 4162 quam
1021 4073 1098 4161 quid
1119 4073 1191 4139 istic
1203 4080 1366 4158 ageretur,
1389 4071 1514 4138 scirem.

186 4173 264 4234 llam
286 4166 326 4234 de
348 4179 403 4235 tuo
425 4167 582 4253 periculo,
610 4165 705 4232 crede
726 4167 817 4242 mibi,
847 4167 1013 4233 iactatione
1035 4166 1207 4234 verborum
1228 4175 1260 4233 et
1281 4165 1516 4233 denuntiatione

186 4261 319 4348 periculi
347 4283 475 4348 sperare
508 4281 579 4337 eos,
612 4272 643 4328 te
665 4260 898 4348 pertimelacto,
921 4260 1118 4327 adolescente
1139 4260 1291 4347 impulso,
1326 4281 1420 4348 posse
1435 4281 1517 4326 sma-

186 4375 245 4440 gna
268 4356 420 4442 consequi
441 4355 596 4442 praemia,
632 4364 664 4420 et
693 4363 790 4421 totam
811 4353 902 4419 istam
927 4355 1111 4422 cantilenam
1139 4376 1181 4420 ex
1207 4354 1268 4421 boc
1293 4353 1448 4440 pendere,
1481 4363 1516 4418 ut

186 4449 474 4536 quamplurimum
496 4449 716 4516 lucrifaciant.
758 4453 866 4536 Neque
886 4457 991 4514 umen
1012 4470 1075 4515 non
1097 4457 1128 4514 te
1149 4457 1274 4514 cautum
1296 4469 1365 4514 esse
1388 4447 1461 4512 volo
1483 4455 1553 4518 etto

185 4540 315 4608 insidias
338 4544 505 4622 vitantem3
540 4543 617 4608 nibil
639 4541 722 4608 enim
751 4551 804 4607 tua
826 4542 903 4607 mibi
925 4543 987 4608 vita
1009 4551 1201 4628 potestesse
1222 4539 1388 4610 iucundius
1410 4561 1513 4627 neque

186 4635 299 4704 carius.
342 4643 373 4705 3.
395 4638 477 4706 lllud
498 4637 585 4713 vide,
607 4659 647 4702 ne
669 4635 807 4702 timendo
821 4637 918 4720 magis
939 4640 1051 4702 timere
1066 4657 1195 4723 cogare,
1218 4645 1267 4712 et,
1289 4632 1403 4722 quibus
1417 4631 1514 4698 rebus

186 4737 290 4814 potest
311 4729 437 4808 occurri
460 4730 631 4804 veteranis,
654 4749 817 4795 occurras:
840 4730 997 4816 primurn,
1018 4730 1105 4818 quod
1126 4729 1308 4796 desiderant
1328 4727 1368 4793 de
1390 4725 1514 4793 decena·

256 4947 284 4998 8.
304 4961 379 4998 xrrrr.
399 4947 446 4999 lde
476 4961 537 4998 rrrr.
559 4949 589 4999 L.
620 4973 654 4984 -
688 4949 732 4999 2⁰.
752 4962 807 5012 rep.
826 4948 863 4999 bl.
896 4973 927 4985 -
963 4949 1008 5000 at.
1028 4950 1228 5000 incertissimum
1245 4947 1329 4998 Codd.
1349 4946 1461 5011 aliquot·
1482 4969 1514 4984 -

186 5017 231 5068 2⁸.
251 5033 329 5069 ωιιοι·
346 5033 417 5069 m
433 5020 463 5068 ιἰι
480 5026 505 5070 ts
523 5019 569 5070 tu:
595 5033 665 5071 meru
682 5021 712 5068 tn
728 5025 753 5070 te
770 5033 847 5068 emm
865 5019 896 5070 Ε.
926 5045 955 5056 -
992 5021 1036 5070 aa.
1056 5021 1106 5070 stoi
1124 5018 1167 5076 u.
1185 5019 1227 5068 sai
1244 5016 1329 5070 Codd.
1348 5018 1462 5082 aliquot.
1482 5041 1514 5056 -

187 5087 231 5141 27.
249 5095 347 5140 narrat
366 5089 554 5142 discesserit
574 5089 604 5142 a.
627 5116 656 5128 —
693 5090 737 5142 28.
756 5089 854 5142 dietum
872 5090 938 5142 rect.
958 5091 1035 5144 Ε.-
1070 5090 1116 5142 85.
1134 5089 1250 5141 nemum
1269 5087 1311 5142 u:
1331 5101 1386 5140 ιιοιι
1403 5087 1435 5142 Ι.
