3668 5924
311 295 373 358 370
612 291 651 367 0.
673 291 815 354 CICERO
836 291 889 354 DE
910 292 1035 354 PETIT.
1058 290 1168 353 CONS.
1217 293 1250 354 C.
1278 292 1326 353 14.

395 453 478 518 xiv.
500 451 550 516 50.
572 450 657 514 Haec
676 446 842 514 'veniebant
862 445 939 512 mibi
958 447 991 512 in
1012 457 1147 514 mentem
1167 447 1207 514 de
1228 447 1349 514 duabus
1370 448 1430 514 illis
1443 461 1637 519 commentu-

313 542 452 612 tiouibus
473 542 647 616 matutinis,
669 541 755 629 quod
776 541 832 607 tibi
853 540 993 628 quotidie
1014 542 1178 609 odiorum
1199 541 1399 610 descendenti
1419 543 1635 610 meditandum

312 659 381 706 esse
396 637 554 703 dixeram:
575 641 707 712 „Novus
729 657 813 713 sum:
835 637 1029 702 consulatum
1049 642 1151 722 peto.”
1193 637 1332 703 Tertium
1353 645 1468 702 restat:
1502 642 1634 713 „Roma

313 736 395 806 est,’'
427 732 536 797 civitas
558 751 598 796 cx
625 730 784 796 nationum
805 740 960 796 conventu
987 730 1173 809 coustitutu;
1208 731 1241 797 in
1262 753 1323 818 qua
1344 732 1460 797 5151155
1481 731 1634 808 insidiae,

288 827 410 894 smultu
437 825 572 898 fallacia,
603 825 700 889 multa
720 824 752 888 in
773 829 870 889 omni.
887 845 1003 909 genere
1030 825 1105 890 vitia
1131 835 1312 904 versantur:
1345 827 1515 892 multorum
1542 848 1635 893 arro-

311 919 430 1004 gantia,
459 919 628 984 multorum
649 918 857 990 contumacia,
885 919 1055 984 multorum
1076 918 1308 994 malevolentia,
1329 919 1502 986 multorum
1522 941 1635 1006 super-

310 1013 384 1089 bia,
411 1012 581 1078 multorum
610 1010 716 1077 odium
743 1033 779 1076 ac
807 1011 948 1078 molestia
973 1012 1160 1098 perferenda
1191 1022 1248 1077 est.
1304 1012 1404 1080 Video
1434 1035 1503 1078 esse
1526 1014 1632 1099 magui

311 1105 431 1173 consilii
460 1114 553 1193 atque
580 1105 656 1170 artis
684 1105 716 1170 in
738 1113 784 1172 151
810 1105 971 1172 bominum
992 1106 1143 1192 cuiusque
1164 1105 1250 1172 modi
1279 1107 1364 1172 vitiis
1385 1107 1540 1196 tantisque
1560 1127 1634 1173 vcr-

311 1211 430 1268 santem
456 1205 555 1267 vitare
584 1198 805 1275 offensionem,
833 1205 932 1266 vitare
957 1198 1114 1276 fabulam,
1142 1201 1242 1266 vitare
1267 1199 1412 1280 insidias:
1443 1222 1512 1267 esse
1533 1221 1633 1267 unum

276 1296 470 1363 inhominem
491 1293 757 1360 accommodatum
779 1293 953 1359 adtentum
974 1315 1097 1360 morum
1119 1315 1157 1360 uc
1177 1315 1359 1360 sermonum
1379 1315 1416 1361 55
1436 1295 1633 1361 voluntatum

313 1388 504 1456 varietatem.
561 1393 612 1454 55.
642 1390 750 1465 Quare
775 1388 867 1453 etiam
896 1397 989 1474 atquc
1016 1390 1108 1455 etiam
1139 1408 1238 1474 perge
1269 1397 1376 1454 tenere
1407 1389 1499 1456 istam
1530 1391 1631 1466 11515,

311 1504 404 1570 quam
432 1482 586 1549 institisti:
616 1482 734 1547 excelle
762 1481 914 1559 dicendo:
947 1482 1007 1548 boc
1028 1492 1060 1548 et
1080 1491 1225 1548 tenentur
1246 1489 1363 1549 Romae
1395 1483 1575 1570 [homines]
1599 1495 1633 1551 51

311 1577 489 1644 alliciuntur
519 1587 550 1642 et
577 1575 616 1642 ab
643 1576 842 1664 impediendo
870 1598 906 1641 55
932 1577 1083 1643 1551155115
1110 1578 1314 1660 repelluntur.
1368 1582 1407 1643 Et
1427 1579 1578 1664 quoniam
1599 1579 1633 1644 in

311 1670 372 1738 boc
392 1672 443 1737 vel
463 1677 598 1736 maxime
620 1679 667 1736 est
688 1670 799 1736 vitiosa
819 1672 944 1744 civitas,
975 1671 1075 1758 quod,
1097 1671 1262 1757 largitione
1282 1671 1483 1758 interposite,
1505 1671 1632 1737 virtutis

276 1785 347 1831 1555
368 1763 525 1849 dignitatis
547 1764 691 1830 oblivisci
711 1765 807 1842 solet;
829 1765 862 1830 in
877 1764 950 1839 boc,
972 1763 1038 1839 lac,
1060 1773 1094 1830 51
1109 1773 1141 1829 15
1162 1763 1243 1829 5555
1265 1766 1367 1839 noris,
1391 1765 1421 1830 id
1443 1773 1507 1840 est,
1528 1775 1564 1831 ut
1584 1765 1633 1830 in-

310 1859 431 1945 telligas
453 1881 524 1924 eum
547 1881 615 1924 esse
637 1870 683 1933 te,
706 1859 761 1944 qui
780 1857 889 1924 iudicii
910 1879 952 1922 55·
966 1859 1098 1945 periculi
1120 1869 1236 1924 metum
1258 1860 1429 1924 maximum
1444 1861 1632 1945 competito-

310 1951 399 2018 ribus
421 1952 535 2019 ad'erre
557 1953 669 2040 possis.
711 1957 787 2026 Fac,
810 1973 843 2018 se
864 1961 899 2017 ut
919 1953 974 2018 abs
996 1963 1026 2018 15
1048 1953 1202 2018 5551511151
1223 1962 1316 2040 atque
1337 1952 1500 2019 observari
1515 1954 1630 2032 sciant:

310 2066 382 2112 cum
411 2044 602 2132 diligentiam
625 2058 726 2120 tuam,
754 2067 824 2111 cum
846 2045 1061 2113 auctoritatem
1083 2047 1209 2133 vimque
1232 2046 1371 2119 dicendi,
1401 2057 1466 2113 tum
1487 2047 1631 2134 prolecto

311 2146 465 2228 equestris
487 2140 606 2207 ordinis
627 2162 702 2226 erga
724 2149 754 2206 te
775 2139 912 2206 studium
931 2141 1160 2227 pertimescent
1201 2145 1374 2228 51151555
1396 2141 1474 2208 baec
1493 2143 1536 2208 ita
1557 2143 1631 2210 volo

274 2246 342 2303 sote
356 2234 418 2298 illis
432 2255 628 2320 proponere,
650 2256 713 2300 non
728 2242 763 2298 ut
776 2234 902 2300 videare
923 2235 1150 2301 accusationem
1171 2235 1234 2300 iam
1255 2234 1415 2308 meditari,
1439 2236 1495 2302 sed
1516 2247 1551 2303 51
1572 2236 1632 2302 555

312 2339 435 2393 terrore
456 2327 576 2393 facilius
597 2327 658 2392 boc
678 2328 796 2413 ipsum,
818 2327 904 2414 quod
924 2332 1006 2412 agis,
1028 2349 1234 2414 consequare;
1257 2337 1288 2394 et
1309 2330 1399 2415 plane
1420 2335 1466 2395 sic
1479 2329 1631 2396 contende

312 2421 458 2488 omnibus
485 2425 591 2488 nervis
617 2443 654 2486 ac
679 2420 891 2497 facultatibus,
921 2433 956 2487 ut
981 2421 1205 2508 adipiscamur,
1235 2421 1321 2508 quod
1341 2422 1488 2509 petimus.
1531 2423 1631 2490 Video

312 2517 397 2584 nulla
424 2537 493 2581 esse
524 2515 650 2582 comitia
678 2525 742 2582 tam
769 2515 929 2601 inquinata
956 2515 1140 2601 largitione,
1173 2515 1287 2604 quibus
1308 2538 1372 2582 nou
1392 2519 1488 2601 gratis
1508 2517 1631 2604 5115555

312 2611 472 2678 centuriae
493 2609 672 2676 renuntient
692 2629 767 2674 suos
795 2629 908 2695 magno
929 2631 1026 2696 opere
1047 2616 1250 2676 necessarios.
1305 2615 1356 2676 57.
1379 2613 1502 2688 Quare,
1531 2612 1558 2678 si
1578 2611 1632 2678 ad-

277 2706 477 2791 asvigilamns
497 2725 557 2790 pro
578 2704 627 2769 rei
647 2703 808 2788 dignitate,
831 2703 903 2769 etsi
919 2715 1042 2769 nostros
1063 2704 1102 2768 ad
1123 2725 1279 2769 summum
1300 2704 1438 2770 studium
1459 2704 1631 2774 benevolos

313 2804 505 2874 excitamus,
545 2808 576 2863 51
603 2797 630 2863 si
656 2797 834 2863 bominibus
861 2798 1005 2882 gratiosis
1032 2797 1241 2884 studiosisque
1270 2798 1370 2864 nostri
1398 2821 1491 2864 suum
1517 2801 1631 2887 cuique

312 2914 426 2959 munus
448 2891 667 2967 describimus,
691 2903 722 2957 et
743 2893 769 2958 si
790 2890 1047 2978 competitoribus
1061 2890 1210 2956 iudicium
1226 2891 1439 2978 proponimus,
1461 2895 1632 2978 sequestri-

312 2987 372 3054 bus
393 2985 511 3053 metum
532 2987 701 3061 inficimus,
724 2985 878 3051 divisores
898 2986 1018 3050 ratione
1039 2983 1143 3071 aliqua
1164 2994 1361 3058 coercemus,
1389 2986 1497 3071 perlici
1518 2999 1630 3074 potest,

312 3091 348 3147 ut
375 3081 498 3166 largitio
528 3089 582 3146 eut
609 3081 693 3145 nulla
721 3079 773 3144 liat
800 3089 854 3145 aut
875 3079 950 3145 nibil
971 3078 1081 3144 valeat.
1133 3082 1185 3143 58.
1208 3081 1292 3142 Haec
1312 3089 1399 3153 sunt,
1422 3099 1504 3166 quae
1525 3083 1631 3167 putavi

278 3196 377 3244 aunon
398 3174 509 3240 melius
530 3175 610 3240 scire
631 3195 681 3238 me
703 3195 796 3260 quam
818 3183 867 3249 te,
898 3173 954 3238 sed
974 3172 1095 3237 facilius
1115 3171 1163 3236 bis
1183 3170 1245 3236 tuis
1265 3173 1523 3257 occupationibus
1544 3177 1632 3242 eolli-

313 3289 388 3353 gere
415 3289 512 3333 unum
540 3269 572 3332 in
602 3268 705 3334 locum
735 3287 827 3353 posse
849 3266 939 3332 etad
960 3275 991 3330 te
1012 3267 1184 3352 perscripta
1205 3264 1337 3329 mittere.
1399 3267 1488 3342 Quee
1508 3270 1631 3336 tametsi

313 3367 355 3427 ita
377 3371 448 3428 sunt
468 3361 597 3448 scripta,
620 3370 655 3426 ut
675 3382 738 3426 non
752 3359 790 3424 ad
805 3381 923 3434 omnes,
945 3360 999 3446 qui
1019 3359 1156 3424 bonores
1177 3365 1290 3444 petant,
1312 3358 1368 3424 sed
1389 3358 1429 3424 ad
1450 3371 1481 3426 te
1501 3363 1631 3448 proprie

314 3465 345 3521 et
366 3455 505 3521 5115555
526 3454 709 3541 petitionem
730 3465 813 3520 tuam
843 3454 979 3528 valeant,
1009 3460 1112 3516 tamen
1133 3461 1183 3526 tu,
1212 3451 1238 3516 si
1260 3451 1336 3538 quid
1357 3453 1539 3520 mutandum
1561 3477 1631 3521 csse

312 3548 471 3615 videbitur
490 3559 545 3614 aut
565 3549 693 3614 omnino
714 3546 886 3613 tollendum
906 3553 959 3612 aut
979 3546 1007 3611 si
1027 3544 1103 3630 quiid
1124 3545 1184 3609 erit
1203 3545 1422 3630 praeteritum,
1455 3547 1549 3612 velim
1571 3547 1632 3614 boc

274 3643 390 3711 asmibi
416 3642 511 3709 dicas.
568 3643 648 3710 Volo
670 3642 753 3706 enim
774 3640 834 3706 boo
855 3639 1144 3706 commentariolum
1164 3638 1322 3724 petitionis
1342 3639 1453 3706 baberi
1473 3643 1561 3708 omni
1581 3663 1633 3709 ru-

311 3737 398 3802 tione
418 3736 601 3822 perlectum.

381 3902 408 3951 1.
426 3901 561 3951 5515150551
577 3899 979 3950 5515105510155515555111.
998 3920 1031 3935 -
1066 3899 1632 3952 55555115115511551151555555555155-

310 3972 425 4022 5151515155
440 3971 501 4030 011,
521 3971 762 4021 commonitionibus
780 3983 841 4019 eum
859 3969 878 4020 C
897 3975 924 4020 51
941 3968 1006 4019 cod.
1026 3967 1145 4017 ’1555551
1163 3967 1194 4016 11.
1214 3991 1246 4004 -
1276 3969 1303 4018 3.
1320 3971 1441 4020 dmm:
1457 3971 1481 4019 0
1499 3978 1526 4021 51
1544 3971 1629 4022 codd.

310 4041 436 4093 Gmteri:
454 4043 605 4091 (1555155555
622 4041 653 4090 11.
667 4063 698 4075 -
718 4054 800 4090 115555
817 4037 884 4103 mss}
903 4041 1069 4089 5551551555
1086 4037 1119 4086 0.
1131 4063 1164 4073 -
1181 4037 1208 4086 5.
1220 4037 1318 4088 mattae
1333 4040 1456 4102 [51151155
1471 4041 1629 4091 Lambinus.

311 4139 342 4150 -
362 4115 405 4164 10.
418 4112 619 4162 51551551551555
631 4111 790 4161 Cratander.
805 4136 835 4147 -
849 4113 1147 4171 11.551551551555155
1163 4119 1216 4156 om.
1228 4107 1263 4156 0.
1277 4134 1310 4144 -
1327 4110 1371 4158 ts.
1381 4111 1504 4160 1551111511
1520 4119 1631 4163 5551515

309 4183 426 4234 0551555
444 4183 482 4232 115
501 4183 641 4232 instituisti
657 4181 730 4232 libri.
750 4207 783 4217 -
801 4182 914 4230 55551555
931 4193 987 4230 om.
1000 4179 1032 4229 0.
1052 4179 1105 4230 Nos
1123 4177 1293 4227 seclusimus.
1307 4203 1337 4214 -
1358 4178 1402 4228 lb.
1419 4187 1456 4230 est
1474 4183 1629 4232 5151551505

307 4257 405 4305 citicae
421 4251 906 4316 55111.-17.1”55115555’111.-
924 4265 950 4301 ss
965 4250 1100 4300 11111551
1115 4261 1141 4297 55
1158 4247 1190 4297 11.
1204 4271 1237 4282 -
1254 4247 1298 4297 18.
1312 4245 1406 4298 1151155
1420 4257 1558 4302 mouet.
1577 4253 1629 4303 Oa.

310 4347 341 4362 ·-
360 4325 405 4375 10.
416 4325 595 4386 555515555551
613 4321 655 4371 05
673 4325 936 4385 pertimescentem
954 4320 1037 4371 codd·
1056 4317 1176 4367 Turnebi
1193 4322 1220 4366 51
1231 4317 1355 4368 Palatino
1369 4319 1400 4368 11.
1422 4344 1453 4356 -
1471 4322 1531 4370 5515
1549 4330 1574 4372 15
1591 4324 1630 4380 0,

308 4391 460 4446 15551511.
481 4419 510 4430 -
547 4394 592 4443 00.
611 4395 799 4442 neemiam
817 4390 1196 4442 15505511155555555.1551
1211 4388 1326 4445 0,1555
1343 4393 1533 4441 5555555155551
1552 4393 1584 4442 Ε.
1598 4415 1632 4428 ·-

307 4465 353 4516 05.
371 4477 469 4528 nuum
486 4477 563 4526 55555
581 4463 603 4511 0
621 4467 647 4512 51
664 4461 731 4512 Cod.
751 4461 887 4512 Turnebi:
906 4459 1068 4511 5155115511.
1087 4483 1119 4494 -
1137 4458 1183 4506 28·
1201 4458 1295 4507 51511115
1313 4454 1324 4520 (
1332 4458 1387 4516 515)
1404 4463 1579 4525 555115515555
1596 4463 1629 4512 0.

308 4560 342 4572 -
371 4535 415 4584 st.
434 4535 614 4584 distributurus
631 4531 697 4582 Cod.
716 4532 863 4582 Palatinus.
895 4555 926 4566 -
962 4531 1086 4580 1511151551
1101 4528 1141 4577 05
1160 4529 1258 4576 iudicio
1276 4528 1307 4578 11.
1339 4553 1371 4564 -
1407 4531 1453 4579 28.
1472 4532 1632 4582 murm

307 4603 342 4654 0.
362 4627 394 4640 -
429 4604 474 4654 50.
493 4603 524 4669 fit
543 4602 576 4654 0.
597 4625 626 4636 -
664 4601 708 4652 01.
727 4600 1053 4652 15555510555505115.
1073 4599 1101 4648 S.
1120 4596 1402 4649 1151515115555515
1422 4603 1559 4650 tamenetsi
1571 4607 1631 4664 post

307 4674 488 4726 Cratandrum
507 4673 537 4724 Ε.
567 4697 597 4710 -·
633 4671 679 4720 35.
697 4679 758 4722 :am
774 4673 930 4734 scriptuli:
948 4674 1049 4734 scripto
1065 4668 1177 4718 5555511.
1207 4693 1240 4703 -
1272 4675 1366 4730 petunt
1383 4669 1422 4718 05
1437 4677 1528 4733 551555
1545 4671 1577 4721 B.
1598 4695 1630 4708 -

307 4745 352 4795 38.
370 4745 523 4806 5511115555
541 4749 614 4792 musa
632 4741 669 4791 05
688 4749 762 4792 15555
777 4745 928 4804 periciam
946 4743 977 4792 Ε.
998 4765 1029 4778 -
1065 4739 1109 4789 85.
1128 4734 1185 4799 boc]
1204 4737 1251 4788 555
1267 4739 1331 4788 anibi
1348 4739 1434 4790 Codd.
1453 4741 1583 4791 Paterni.

775 4945 783 4951 .
809 4928 1097 4960 --.....-.
1141 4941 1154 4946 -
