3662 5908
207 505 211 514 ι
332 421 394 487 m
765 418 1225 484 nmmmmmmu

331 604 411 648 mus.
455 584 481 648 0
509 600 560 646 me
586 577 758 666 perditumi
794 576 1003 643 oafflietumt
1040 575 1116 662 quid
1140 595 1223 640 nune
1253 593 1363 658 rogem
1386 583 1437 650 te,
1468 583 1504 641 ut
1530 575 1655 650 venias,

331 676 496 742 mulierem
514 693 657 760 aegram,
679 681 711 737 et
732 692 868 759 corpore
892 680 923 736 et
939 671 1045 736 amma
1064 669 1261 736 conlectam?
1284 675 1352 736 Non
1369 677 1502 755 rogem?
1524 671 1600 736 Sine
1623 681 1656 736 te

330 771 426 856 igitur
445 773 526 836 simi
559 768 695 855 opinor,
717 765 763 832 sic
775 785 882 852 agam:
905 765 933 831 si
959 773 1006 830 est
1028 785 1100 852 spes
1120 765 1220 830 nostri
1239 765 1376 839 reditus,
1399 787 1468 832 eam
1486 768 1656 834 confirmes

331 877 363 931 et
385 886 454 930 rem
471 863 616 940 adiuves;
639 861 700 936 sia,
722 871 758 926 ut
782 881 841 946 ego
863 869 986 934 metuo,
1009 868 1198 924 transactum
1225 868 1288 934 est,
1311 879 1440 946 quoquo
1454 862 1655 949 modopotes

307 957 371 1024 sad
392 979 443 1022 me
463 957 512 1022 iac
533 956 649 1021 venias.
708 959 807 1020 Unum
836 955 897 1020 boe
919 954 1016 1020 scito:
1053 953 1131 1018 site
1157 950 1295 1026 habebo,
1329 975 1392 1020 non
1419 955 1496 1022 mibi
1521 955 1655 1022 videbor

331 1052 422 1139 plane
451 1051 582 1137 perisse.
635 1048 698 1116 Sed
723 1048 800 1134 quid
822 1048 957 1114 Ptdliolt
977 1057 1047 1114 med
1073 1046 1150 1114 liet?
1180 1051 1246 1112 lam
1278 1047 1311 1113 id
1339 1070 1396 1114 vos
1420 1049 1540 1129 videte;
1578 1050 1654 1116 mibi

331 1146 419 1211 deest
445 1143 619 1210 consilium.
674 1141 736 1208 Sed
757 1152 863 1218 certe,
886 1163 1015 1228 quoquo
1037 1140 1132 1206 modo
1147 1161 1181 1206 se
1201 1161 1253 1205 res
1271 1140 1421 1218 babebit,
1444 1143 1527 1210 illius
1549 1145 1656 1210 misel-

331 1236 380 1305 lae
402 1248 433 1304 et
457 1237 655 1304 matrimonio
678 1248 709 1302 et
731 1236 833 1300 lamae
859 1235 1059 1302 serviendum
1085 1245 1141 1300 est.
1192 1234 1298 1312 Quidi
1329 1239 1439 1304 Cicero
1464 1259 1554 1302 meus
1577 1237 1655 1323 quid

331 1339 424 1420 aget?
456 1338 517 1399 Iste
538 1352 616 1397 vero
639 1331 679 1396 sit
701 1331 734 1395 in
752 1329 821 1396 sinu
844 1349 972 1418 semper
995 1339 1026 1395 et
1045 1329 1213 1416 complexu
1238 1350 1320 1396 meo.
1363 1335 1431 1397 Non
1450 1352 1534 1417 queo
1561 1330 1651 1418 plura

295 1429 393 1494 roiam
411 1426 565 1504 scribere;
594 1425 725 1512 impedit
748 1444 882 1489 maeror.
939 1430 986 1490 Tu
1008 1423 1085 1511 quid
1109 1423 1237 1509 egeris,
1258 1425 1382 1491 neseio:
1406 1435 1512 1492 utrum
1534 1425 1655 1513 aliquid

330 1534 452 1597 teneas,
489 1543 543 1596 an,
579 1519 665 1607 quod
692 1528 815 1594 metue,
851 1519 942 1605 plane
965 1518 1008 1583 sis
1027 1518 1168 1605 spoliata.
1221 1522 1252 1584 6.
1274 1519 1436 1592 Pisonem,
1473 1529 1509 1585 ut
1524 1517 1653 1592 scribis,

329 1636 423 1702 spero
441 1615 510 1681 iore
529 1634 654 1701 semper
678 1623 831 1678 nostrum.
873 1616 919 1676 lie
940 1610 1058 1677 familia
1079 1611 1223 1686 liberata,
1245 1613 1323 1679 nibil
1349 1624 1412 1689 est,
1434 1613 1520 1700 quod
1534 1623 1565 1678 te
1586 1633 1652 1678 mo·

329 1719 409 1776 veat.
467 1709 621 1784 Primum,
658 1707 719 1774 tuis
742 1707 784 1771 ita
806 1706 996 1792 promissum
1024 1717 1088 1782 est,
1118 1715 1148 1772 te
1172 1706 1327 1772 iacturam
1349 1729 1437 1781 esse,
1461 1718 1496 1773 ut
1520 1708 1655 1795 quisque

329 1813 412 1870 esset
435 1803 575 1869 meritus.
623 1807 678 1867 Est
705 1809 811 1864 autem
834 1799 866 1865 in
894 1800 999 1867 allicio
1026 1799 1127 1867 adbuc
1152 1800 1317 1886 Orpbeus;
1350 1811 1513 1888 praeterea
1540 1823 1655 1886 magno

294 1919 319 1961 ιι
329 1919 427 1985 opere
459 1919 562 1964 nemo.
617 1900 802 1963 Ceterorum
831 1913 997 1959 servorum
1030 1915 1067 1958 ea
1100 1915 1193 1959 causa
1224 1905 1284 1969 est,
1317 1903 1370 1969 ut.
1401 1895 1428 1960 si
1447 1917 1537 1962 resa
1561 1895 1654 1962 nobis

328 1991 460 2066 abisset,
489 1990 594 2056 liberti
615 1989 715 2054 nostri
733 1996 852 2060 essent,
876 2009 903 2052 ιι
894 1987 1064 2054 'obtinere
1089 1988 1278 2076 potuissent;
1301 1989 1348 2054 siu
1371 1988 1412 2054 ad
1435 2011 1493 2056 nos
1518 1991 1656 2076 pertine-

328 2095 391 2161 ret,
413 2090 584 2158 servirent,
607 2092 827 2170 praeterquam
838 2079 954 2167 oppido
969 2083 1071 2182 pauci.
1114 2081 1176 2148 Sed
1193 2082 1270 2148 baec
1284 2083 1407 2148 minora
1425 2094 1507 2150 sunt.
1552 2091 1582 2150 5.
1605 2089 1653 2151 Tu

328 2178 414 2266 quod
442 2199 493 2242 me
525 2176 677 2249 hortaris,
705 2185 741 2241 ut
762 2174 868 2240 animo
892 2173 951 2240 sim
979 2197 1093 2260 magno
1114 2185 1145 2240 et
1166 2197 1255 2262 spem
1279 2176 1410 2242 babeam
1429 2177 1654 2264 reciperandae

328 2272 453 2348 salutis,
475 2272 508 2338 id
528 2271 622 2338 velim
650 2270 690 2334 sit
711 2268 882 2342 eiusmodi.
905 2277 941 2332 ut
961 2279 1046 2334 recte
1066 2290 1194 2355 sperare
1217 2270 1383 2357 possimus.
1426 2277 1533 2348 Nune,
1555 2279 1654 2338 miser

291 2366 454 2453 remando
475 2375 545 2432 tuas
572 2365 633 2430 iam
663 2363 782 2428 litteras
802 2361 980 2448 accipiam?
1010 2362 1080 2449 quis
1102 2362 1141 2427 ad
1160 2385 1212 2429 me
1226 2363 1391 2451 perferet?
1426 2386 1504 2450 quas
1518 2387 1578 2452 ego
1598 2387 1654 2430 ex·

307 2469 515 2547 spectassem
537 2456 712 2530 Brundisii,
735 2457 762 2522 si
787 2465 870 2520 esset
886 2454 1003 2521 licitum
1024 2477 1083 2542 per
1100 2467 1227 2533 nautas,
1251 2457 1306 2544 qui
1330 2468 1543 2544 tempestatem
1564 2479 1654 2544 prae-

328 2554 502 2619 termittere
527 2553 706 2619 uoluerunt.
764 2548 858 2628 Quod
878 2547 1035 2638 reliquum
1052 2558 1116 2624 est,
1152 2561 1290 2618 sustenta
1311 2561 1357 2626 te,
1394 2573 1463 2618 mea
1484 2553 1652 2628 Terentia,

326 2657 363 2713 ut
388 2658 494 2733 potes,
517 2645 746 2712 honestissime.
802 2642 968 2721 Viximus;
1002 2642 1183 2724 floruimus3
1210 2667 1273 2712 non
1295 2645 1406 2711 vitium
1429 2657 1570 2742 nostrum
1597 2647 1653 2712 sed

213 2743 230 2807 i
328 2741 428 2808 virtus
448 2749 554 2806 nostra
577 2759 635 2806 uos
657 2738 776 2804 afflixit.
819 2742 982 2803 Peccatum
1004 2748 1052 2804 est
1071 2740 1204 2816 nullum,
1228 2740 1287 2806 nisi
1312 2740 1399 2826 quod
1416 2761 1479 2806 non
1497 2735 1562 2805 una
1588 2743 1654 2805 aui·

292 2853 411 2900 samam
433 2856 504 2901 cum
527 2833 718 2901 ornamentis
742 2831 912 2898 amisimus.
956 2830 1019 2898 Sed
1048 2833 1075 2898 si
1095 2834 1155 2900 boe
1175 2833 1234 2900 luit
1253 2832 1361 2899 liberis
1382 2834 1499 2900 nostris
1518 2834 1652 2918 gratim,

328 2950 386 2994 nos
404 2929 529 3002 vivere,
552 2938 672 3037 cetera,
696 2946 884 3014 quamquam
910 2924 1039 2992 ierenda
1062 2948 1126 2994 non
1147 2937 1233 3002 sunt,
1255 2926 1404 2994 ieramus.
1446 2933 1547 3014 Atque
1569 2948 1651 3012 ego,

243 3027 248 3038 '
327 3023 434 3110 quite
456 3021 714 3109 confirmosrpse
734 3041 784 3086 me
808 3039 872 3084 non
893 3039 1031 3105 possum.
1075 3026 1105 3088 6.
1128 3020 1272 3088 Clodium
1299 3020 1543 3095 Philhetaerum.
1565 3020 1653 3108 quod

326 3116 504 3183 valetudine
525 3116 691 3182 oculorum
712 3113 962 3200 impediebatur,
985 3115 1144 3182 bominem
1166 3113 1309 3188 fidelem,
1339 3115 1458 3180 remisi.
1502 3115 1654 3180 Salustius

327 3210 431 3276 edicio
453 3210 550 3276 vincit
571 3231 691 3276 omnes.
747 3208 936 3275 Pescennius
959 3217 1006 3274 est
1026 3208 1256 3296 perbenevolus
1277 3207 1383 3285 nobis;
1412 3229 1505 3296 quem
1528 3229 1654 3294 semper

290 3323 422 3390 saspero
451 3305 497 3369 tui
523 3304 593 3370 iore
612 3301 843 3369 observantem.
900 3304 986 3368 Sicca
1008 3303 1132 3368 dixerat
1157 3323 1191 3368 se
1213 3323 1336 3368 mecum
1363 3301 1453 3377 iore,
1476 3302 1531 3368 sed
1553 3309 1654 3368 Brun-

328 3397 410 3463 disio
443 3398 595 3464 discessit.
650 3402 748 3472 Cura.
782 3396 888 3484 quoad
915 3409 1020 3483 potes,
1049 3407 1084 3462 ut
1104 3397 1227 3472 valeas,
1259 3405 1290 3460 et
1318 3397 1363 3460 sie
1384 3397 1565 3470 existimes,
1602 3417 1655 3464 me

327 3491 542 3558 vehementius
559 3503 612 3559 tua
630 3491 756 3556 miseria
778 3511 871 3576 quam
892 3511 963 3556 mea
986 3491 1190 3556 commoveri.
1231 3495 1300 3556 idea
1322 3491 1483 3565 Terentia,
1507 3490 1652 3556 fidissima

328 3593 420 3670 atque
441 3586 559 3671 optima
580 3605 680 3660 uxor,
711 3593 743 3649 et
763 3605 833 3650 mea
854 3584 1015 3650 carissima
1037 3584 1148 3657 liliola,
1171 3595 1202 3650 et
1223 3605 1294 3676 spes
1313 3584 1435 3671 reliqua
1457 3595 1579 3660 nostra,
1602 3585 1655 3652 Ci-

328 3699 424 3755 cero,
447 3678 559 3745 valete.
601 3678 706 3744 Pridie
728 3677 882 3745 Kalendas
904 3678 1020 3754 Maias,
1043 3679 1221 3744 Brundisio.

291 3841 347 3926 a
820 3846 1163 3933 umnam)

663 3971 825 4035 TULLIUS
848 3972 880 4034 S.
901 3974 939 4034 D.
962 3973 1183 4036 TERENTLAE
1205 3975 1314 4038 SUAE.

182 4101 263 4182 ptr
308 4097 315 4125 ν’
398 4082 443 4172 (1.
471 4083 504 4148 Si
529 4092 563 4148 tu
585 4091 616 4147 et
636 4073 762 4170 Tullia)
788 4081 844 4146 lux
866 4089 972 4146 nostra
981 4080 1143 4178 ,(νιιΙιιίι,
1176 4105 1235 4170 ego
1257 4094 1289 4150 et
1317 4084 1519 4150 suavissimus
1541 4082 1652 4150 Cicero

302 4168 499 4286 ¹xvaierpus.)
524 4175 628 4241 Pridie
663 4175 736 4241 Idus
769 4171 922 4244 Octobres
951 4161 1094 4242 Athenas
1119 4179 1276 4253 venimus,
1313 4199 1383 4244 cum
1406 4198 1480 4243 sane
1513 4177 1652 4244 adversis

327 4272 428 4336 ventis
452 4269 501 4335 usi
523 4289 663 4334 essemus
685 4269 835 4357 tardeque
858 4279 889 4337 et
910 4270 1107 4336 incommode
1131 4271 1373 4358 navigassemus.
1415 4276 1462 4336 lle
1492 4293 1570 4337 nave
1597 4293 1653 4338 ex-

290 4363 472 4432 ⁴⁰euntibus
486 4361 578 4429 uobis
594 4369 722 4430 Acastus
744 4386 815 4431 eum
837 4365 949 4431 litteris
969 4375 1095 4453 praesto
1117 4365 1176 4432 fuit
1195 4387 1260 4432 uno
1275 4377 1306 4432 et
1320 4365 1470 4432 vicesimo
1485 4366 1556 4442 die,
1579 4387 1652 4432 sune

327 4468 464 4524 strenue.
516 4457 630 4544 Accepi
651 4467 719 4524 tuas
740 4458 874 4534 litteras,
897 4459 1011 4548 quibus
1037 4459 1177 4526 intellexi
1199 4469 1228 4526 te
1251 4460 1374 4535 vereri,
1411 4482 1450 4525 ne
1472 4462 1651 4547 superiores

327 4552 403 4620 mibi
433 4551 574 4618 redditae
599 4574 662 4619 non
696 4565 809 4620 essent.
868 4557 984 4620 Omnes
1006 4563 1078 4620 suut
1099 4555 1239 4621 redditae
1261 4555 1559 4642 diligentissimeque
1581 4578 1600 4620 a
1622 4564 1652 4622 te

396 4723 424 4774 l.
445 4738 473 4774 ιι
491 4724 648 4774 Lambinus.
669 4750 700 4760 —
737 4725 763 4775 e.
785 4727 897 4777 Tulliola
914 4727 960 4779 liis
979 4729 1010 4778 da
1029 4728 1142 4778 Tulliola
1159 4727 1190 4777 ll.
1212 4751 1243 4764 -
1261 4729 1325 4776 miid
1343 4733 1382 4777 ιιι
1399 4727 1436 4776 bl.
1459 4751 1489 4762 -
1522 4728 1564 4778 16.
1585 4727 1651 4778 abis·

327 4801 365 4845 ιιι
383 4799 494 4846 auctore
512 4795 600 4845 amico
619 4795 743 4844 Lambini
761 4795 804 4846 B:
833 4797 930 4848 abesset
947 4797 985 4848 bl.
1014 4821 1044 4834 -·
1079 4799 1220 4862 pertineret
1240 4797 1262 4847 l.
1283 4797 1326 4847 Pr.
1347 4795 1518 4848 Gronovius:
1539 4801 1651 4861 pertine·

327 4872 385 4914 rent
402 4863 515 4916 illl.-
550 4865 595 4915 66.
612 4872 707 4928 potes,
727 4866 911 4917 ιιοιιιιιιιιιιιι.
950 4867 1067 4918 vicimo·
1078 4867 1252 4930 Madvigius·
1270 4873 1354 4929 pates.
1385 4869 1651 4918 Hoeattsrimsoiai-

326 4947 383 4984 mos
413 4933 502 4983 ll.-
539 4935 583 4985 66.
614 4948 772 4999 quamquam
798 4937 906 4999 feruida
934 4943 995 4988 sont
1025 4939 1072 4999 Μ,
1101 4939 1206 5002 manda
1234 4939 1342 5002 suenda
1367 4943 1428 4987 runt
1457 4936 1651 4988 litandus.-

326 5003 371 5054 61.
391 5003 582 5054 Philhetaerum
600 5005 644 5056 bia
663 5004 836 5055 Pbtictoeram
862 5007 946 5057 ll.—
964 5009 1008 5059 66.
1027 4975 1107 5059 nialus
1128 5009 1283 5060 Ernestius.
1311 5010 1393 5057 meret
1413 5009 1500 5058 11-
1521 5009 1564 5057 61.
1583 5009 1653 5074 quad

326 5073 415 5124 lb·-
463 5072 507 5124 66.
530 5075 643 5126 Tulliola
661 5074 805 5126 Aldus·-
841 5075 885 5131 st.
905 5077 1074 5130 flattu·
1110 5077 1154 5128 66
1174 5079 1368 5144 diiipentisrime
1386 5093 1452 5142 quac
1469 5093 1486 5128 a
1504 5078 1541 5130 ll.
