3656 5868
324 438 384 500 1⁰0
746 435 1021 500 EPISTOLARUM
1044 439 1096 499 bl)
1118 437 1210 500 FAM.

322 595 486 659 Caesarem
514 614 577 658 non
605 601 668 658 tam
696 591 879 658 ambitiosae
900 593 1079 678 rogationes
1102 615 1194 680 quam
1217 594 1428 660 necessariae:
1452 615 1545 682 quam
1568 597 1641 684 quia

322 687 448 754 Cimber
469 687 618 761 babebat,
641 689 710 774 plus
733 687 843 762 valuit,
866 709 959 774 quam
980 708 1039 773 pro
1061 687 1126 752 ullo
1148 687 1209 753 alio
1225 688 1330 752 valere
1344 689 1505 773 potuisset.
1535 695 1566 754 3.
1588 691 1640 755 ui-

320 782 426 867 ploma
447 782 551 848 statim
573 802 636 845 non
658 789 705 846 est
726 781 847 856 datum,
871 781 955 866 quod
978 779 1108 844 mirifica
1130 789 1177 846 est
1198 781 1381 867 improbitas
1396 782 1427 846 in
1443 781 1637 869 quibusdam,

321 875 373 962 qui
397 875 539 941 tulissent
560 875 703 942 acerbius
725 875 847 940 veniam
869 875 925 940 tibi
948 875 1032 949 dari,
1069 896 1162 962 quam
1190 875 1235 940 illi
1257 876 1411 962 appellant
1438 877 1543 941 tubam
1566 877 1638 944 belli

297 969 435 1044 acivilis,
473 970 631 1056 multaque
663 973 707 1035 ita
736 970 859 1044 dicunt,
892 970 982 1057 quasi
1010 991 1072 1034 non
1102 969 1265 1055 gaudeant¹
1287 970 1319 1035 id
1345 969 1461 1036 bellum
1483 973 1635 1037 incidisse.

321 1066 428 1140 Quare
457 1064 559 1130 visum
590 1074 636 1130 est
663 1064 816 1130 occultius
844 1063 998 1148 agendum
1028 1085 1129 1150 neque
1151 1064 1216 1128 ullo
1238 1063 1333 1128 modo
1356 1064 1576 1149 divulgandum
1599 1067 1636 1131 de

318 1167 349 1222 te
370 1158 432 1222 iam
455 1180 523 1223 esse
544 1158 726 1244 perlectum.
784 1158 844 1224 Sed
865 1158 898 1223 id
921 1157 981 1223 erit
1000 1158 1165 1245 perbrevi,
1188 1179 1246 1222 nec
1267 1158 1397 1232 dubito,
1420 1160 1495 1246 quin
1516 1159 1636 1244 legente

318 1261 350 1316 te
372 1251 427 1318 bas
448 1254 567 1319 litteras
588 1253 728 1318 conlecta
749 1253 811 1318 iam
833 1274 884 1318 res
906 1253 1011 1318 sutura
1032 1253 1081 1318 sit.
1138 1256 1235 1318 Pansa
1258 1253 1384 1339 quidem
1405 1253 1495 1326 mibi,
1534 1255 1635 1338 graiis

318 1343 414 1431 bomo
436 1356 467 1410 et
488 1356 609 1421 certus,
643 1368 706 1411 non
728 1347 829 1411 solum
852 1345 1062 1421 confirmarit,
1086 1367 1195 1412 verum
1217 1347 1308 1411 etiam
1331 1347 1449 1429 recepit
1470 1347 1636 1429 perceleri-

282 1464 308 1504 ao
317 1448 367 1503 ter
378 1461 412 1504 se
431 1439 605 1505 ablaturum
620 1441 767 1527 diploma.
810 1439 885 1506 Mihi
901 1449 1003 1505 tamen
1017 1441 1133 1527 placuit
1146 1441 1223 1504 baec
1240 1441 1279 1504 ad
1296 1450 1325 1504 te
1342 1440 1513 1525 perscribi;
1534 1442 1636 1506 minus

318 1533 402 1598 enim
424 1543 454 1598 te
477 1534 728 1612 lirmum(serm0
750 1535 919 1621 Eppuleiae
946 1544 1017 1600 tuae
1039 1534 1248 1621 lacrimaeque
1270 1535 1399 1621 Ampiae
1422 1527 1640 1626 declarmaut}

316 1649 409 1714 quam
431 1628 604 1714 significant
626 1637 696 1694 tuae
718 1630 849 1694 litterae.
891 1633 992 1715 Atque
1014 1629 1084 1693 illae
1106 1627 1355 1702 arbitrabantur,
1378 1649 1449 1692 cum
1466 1650 1485 1692 a
1501 1638 1532 1693 te
1547 1629 1637 1692 abes-

315 1732 384 1786 sent
404 1722 505 1808 ipsae,
529 1725 626 1787 multo
647 1723 678 1787 in
700 1723 845 1808 graviore
868 1732 898 1787 te
919 1744 996 1787 cura
1016 1723 1167 1788 futurum.
1199 1726 1304 1800 Quare
1320 1741 1431 1806 magno
1447 1743 1577 1807 operee
1598 1743 1636 1786 re

314 1817 420 1901 putavi
448 1821 574 1901 angoris
603 1824 635 1881 et
667 1816 786 1882 doloris
819 1816 865 1881 tui
896 1816 1017 1881 levandi
1049 1837 1141 1881 causa
1169 1837 1228 1903 pro
1251 1815 1343 1880 certis
1365 1815 1404 1880 ad
1426 1825 1457 1880 te
1480 1837 1531 1888 ea,
1555 1837 1635 1902 quae

280 1920 419 1975 inessent
447 1920 546 1986 certa,
581 1910 745 1996 perscribi.
802 1915 832 1976 4.
856 1910 922 1976 Scis
944 1932 994 1974 me
1016 1920 1107 1975 antea
1128 1911 1172 1975 sic
1194 1910 1318 1975 solitum
1345 1929 1413 1974 esse
1435 1909 1573 1974 scribere
1595 1910 1635 1974 ad

314 2015 360 2079 te,
397 2005 495 2091 magis
512 2015 547 2070 ut
569 2005 750 2070 consolarer
771 2003 886 2070 sortem
906 2004 1010 2070 virum
1032 2014 1124 2090 atque
1146 2004 1330 2091 sapientem,
1353 2024 1447 2090 quam
1468 2012 1504 2068 ut
1523 2003 1635 2088 explo-

314 2108 412 2163 ratam
435 2121 522 2186 spem
544 2099 650 2164 salutis
673 2098 888 2172 ostenderem,
911 2099 972 2163 nisi
994 2119 1076 2171 eam,
1100 2119 1193 2183 quam
1215 2097 1254 2162 ab
1269 2098 1336 2184 ipsa
1350 2117 1385 2161 re
1399 2096 1539 2183 publica,
1562 2117 1634 2162 cum

313 2191 364 2255 bic
385 2192 481 2257 ardor
502 2192 667 2257 restinctus
701 2201 797 2268 esset,
830 2192 951 2278 sperari
973 2201 1121 2278 oportere
1143 2212 1314 2256 censerem.
1366 2189 1542 2257 Recordare
1564 2199 1634 2254 tuas

312 2284 447 2358 litteras,
471 2284 584 2370 quibus
606 2294 637 2348 et
657 2305 803 2368 magnum
825 2287 962 2350 animum
984 2286 1061 2350 mibi
1082 2306 1206 2371 semper
1228 2285 1388 2350 ostendisti
1412 2293 1442 2348 et
1464 2284 1503 2348 ad
1524 2305 1635 2348 omnes

276 2397 403 2442 occasus
424 2377 572 2443 ferendos
594 2387 783 2442 constantem
807 2401 842 2443 ao
860 2388 1018 2465 paratum:
1041 2379 1126 2466 quod
1148 2399 1208 2462 ego
1230 2400 1293 2443 non
1315 2377 1466 2450 mirabar,
1489 2398 1560 2442 cum
1581 2399 1634 2441 re·

314 2471 464 2536 cordarer
492 2480 522 2535 te
553 2480 584 2535 et
611 2493 628 2536 a
650 2471 758 2556 primis
779 2473 973 2559 temporibus
995 2473 1103 2538 aetatis
1124 2472 1157 2536 in
1178 2493 1215 2536 re
1236 2471 1360 2558 publica
1383 2493 1451 2536 esse
1473 2480 1632 2536 versatum

314 2574 345 2630 et
376 2574 446 2630 tuos
474 2565 671 2650 magistratus
703 2564 735 2630 in
767 2566 834 2652 ipsa
865 2567 1042 2631 discrimina
1070 2566 1216 2632 incidisse
1245 2565 1350 2630 salutis
1371 2565 1633 2650 fortunarumque

313 2659 541 2734 communium,
577 2668 609 2724 et
641 2660 673 2725 in
703 2659 763 2725 boc
789 2661 892 2747 ipsum
922 2660 1039 2725 bellum
1060 2682 1129 2725 esse
1151 2664 1340 2745 ingressum,
1374 2679 1436 2723 non
1459 2657 1574 2730 solum,
1597 2669 1632 2724 ut

314 2757 413 2817 victor
440 2751 566 2826 beatus,
600 2753 656 2818 sed
688 2754 781 2818 etiam
813 2763 864 2829 ut,
901 2754 927 2820 si
954 2756 997 2819 ita
1030 2753 1209 2828 accidisset,
1244 2754 1344 2818 victus
1382 2754 1503 2839 sapiens
1536 2773 1630 2817 esses.

275 2849 343 2913 ns.
364 2845 500 2918 Deinde,
537 2867 608 2911 cum
630 2848 767 2913 studium
789 2856 876 2914 tuum
898 2869 1062 2914 consumas
1082 2849 1116 2912 in
1137 2848 1279 2914 virorum
1301 2847 1430 2912 sortium
1456 2847 1544 2911 sactis
1566 2867 1631 2910 me·

312 2939 432 3005 moriae
444 2939 630 3025 prodendis,
653 2942 853 3007 considerare
868 2942 963 3008 debes
979 2941 1055 3007 nibil
1070 2941 1125 3006 tibi
1142 2962 1209 3006 esse
1229 2940 1494 3014 committendum,
1517 2961 1627 3026 quam·

312 3031 423 3098 obrem
445 3053 570 3107 eorum,
608 3055 687 3121 quos
718 3035 841 3110 laudas,
876 3046 905 3102 te
938 3059 1001 3102 non
1031 3036 1221 3102 simillimum
1250 3034 1411 3122 praebeas.
1468 3033 1530 3098 Sed
1555 3032 1631 3098 baec

312 3127 411 3192 oratio
433 3129 531 3214 magis
561 3137 642 3193 esset
674 3137 745 3215 apta
766 3129 804 3194 ad
826 3131 879 3195 illa
899 3141 1057 3217 tempora,
1092 3151 1170 3218 quae
1193 3131 1255 3194 iam
1277 3129 1427 3214 ellugisti;
1449 3147 1531 3191 nunc
1552 3147 1630 3190 vero

310 3229 429 3285 tantum
451 3230 481 3286 te
502 3242 579 3307 para
600 3221 638 3286 ad
660 3223 737 3288 baec
758 3223 922 3290 nobiscum
943 3224 1093 3297 serenda,
1123 3223 1236 3310 quibus
1258 3243 1318 3308 ego
1340 3223 1366 3287 si
1388 3242 1480 3308 quam
1502 3220 1631 3285 medici-

116 3363 130 3380 ..
148 3307 185 3404 ,κ’
204 3358 210 3368 ι
273 3336 382 3384 sonam
403 3315 593 3391 invenirem,
615 3314 673 3381 tibi
695 3339 821 3403 quoque
843 3318 973 3383 eandem
992 3318 1159 3384 traderem.
1178 3309 1263 3394 (Sed
1279 3328 1326 3382 est
1339 3337 1436 3380 uuum
1450 3313 1628 3401 perfugium

312 3407 452 3473 doctrina
474 3429 509 3473 ac
530 3397 670 3499 litterae)
692 3411 805 3496 quibus
827 3434 952 3498 semper
973 3413 1022 3478 usi
1044 3433 1173 3477 sumus:
1196 3397 1442 3496 quae'secundis
1463 3406 1558 3472 rebus
1574 3405 1628 3470 de-

310 3502 508 3567 lectationem
530 3503 624 3569 modo
646 3503 763 3569 babere
797 3504 999 3579 videbantur,
1038 3527 1120 3570 nuno
1140 3526 1218 3570 vero
1241 3505 1333 3569 etiam
1356 3504 1495 3569 salutem.
1549 3498 1627 3574 Sed,

310 3605 346 3662 ut
366 3596 404 3661 ad
432 3597 556 3662 initium
582 3607 739 3675 revertar,
773 3619 847 3664 cave
876 3599 1015 3673 dubites,
1052 3600 1127 3686 quin
1154 3599 1258 3664 omnia
1286 3597 1325 3663 de
1347 3597 1445 3662 salute
1467 3615 1503 3659 ao
1524 3593 1629 3659 reditu

193 3705 213 3778 j
311 3699 366 3780 tuo
388 3690 525 3776 perlecta
548 3692 619 3758 sint.

274 3839 303 3881 ⁸⁶
765 3837 853 3900 rm.
896 3835 946 3916 (A.
972 3838 1004 3900 n.
1027 3839 1059 3900 e.
1081 3835 1170 3916 708.)

801 3950 942 4014 cronno
965 3948 1138 4014 troanno.

397 4072 424 4132 1.
446 4068 511 4133 Etsi
544 4067 598 4133 tali
619 4080 673 4134 tuo
702 4079 844 4156 tempore
870 4090 921 4133 me
949 4079 1002 4134 aut
1029 4068 1210 4135 consolandi
1240 4076 1292 4133 aut
1320 4066 1446 4132 iuvandi
1467 4065 1511 4131 tui
1533 4085 1626 4130 causa

310 4160 450 4227 scribere
470 4161 509 4226 ad
531 4170 561 4226 te
583 4162 699 4250 aliquid
720 4184 780 4249 pro
802 4173 908 4230 nostra
930 4163 1063 4230 amicitia
1079 4161 1260 4249 oportebat,
1283 4173 1385 4227 tamen
1401 4161 1501 4226 adbuc
1515 4160 1546 4226 id
1562 4182 1625 4226 non

309 4256 462 4330 laceram,
492 4256 565 4342 quia
594 4278 695 4343 neque
724 4258 822 4322 lenire
849 4256 979 4322 videbar
1007 4257 1149 4321 oratione
1170 4277 1272 4342 neque
1294 4257 1398 4322 levare
1419 4276 1513 4341 posse
1536 4254 1627 4320 dolo-

272 4371 378 4442 mrem
400 4359 497 4415 tuum.
540 4355 650 4416 Postea
672 4373 749 4416 vero
778 4373 870 4438 quam
892 4371 1034 4436 magnam
1062 4371 1148 4436 spem
1170 4349 1286 4414 babere
1308 4351 1398 4436 coepi
1419 4349 1505 4422 fore,
1537 4356 1573 4413 ut
1593 4355 1626 4412 te

309 4443 400 4510 brevi
428 4455 571 4530 tempore
599 4445 787 4511 incolumem
819 4445 1020 4520 haberemus,
1057 4444 1160 4509 lacere
1187 4465 1251 4508 non
1279 4444 1382 4529 potui,
1420 4443 1494 4529 quin
1517 4443 1572 4509 tibi
1593 4451 1626 4507 et

309 4539 491 4604 sententiam
528 4546 560 4603 et
590 4539 780 4604 voluntatem
810 4539 1001 4604 declararem
1027 4559 1139 4603 meam.
1192 4541 1222 4603 2.
1255 4538 1395 4602 Primum
1422 4537 1517 4622 igitur
1549 4536 1625 4602 scri-

181 1299 190 1321 r

168 1328 180 1370 s

142 1531 226 1632 c&

308 4633 381 4700 bam
402 4669 442 4681 -
465 4632 550 4720 quod
571 4632 710 4718 intelligo
732 4643 763 4698 et
783 4634 940 4720 perspicio
962 4669 1018 4707 -,
1041 4654 1104 4697 non
1125 4632 1194 4698 lore
1215 4632 1248 4697 in
1269 4641 1300 4697 te
1330 4635 1492 4698 Caesarem
1516 4631 1625 4696 durio-

378 4808 404 4858 1.
422 4821 501 4871 quom
518 4807 580 4870 qnia
598 4805 641 4856 bl:
661 4818 726 4868 quoa
744 4807 806 4868 qnia
824 4805 854 4857 11.
876 4829 906 4841 -
924 4805 952 4856 l.
971 4819 1044 4869 quem
1059 4805 1216 4856 Cratander.
1236 4827 1269 4842 -
1288 4807 1331 4854 11.
1351 4803 1520 4854 declarabunt
1537 4803 1575 4854 11.
1590 4827 1620 4840 -·

310 4877 352 4927 12.
372 4875 672 4940 conlacrimantes».
689 4874 740 4926 On.
754 4899 783 4910 -
804 4875 847 4925 13.
862 4871 958 4937 Quare]
977 4890 1055 4939 qnam
1071 4877 1107 4927 11.
1127 4903 1155 4914 -
1177 4889 1274 4939 operes
1291 4889 1319 4925 re
1330 4875 1424 4936 potavi
1442 4873 1620 4923 Gulielmius:

309 4960 385 5009 opere
399 4949 494 5009 putavi
511 4945 571 4997 ΜΕ.
593 4969 623 4981 -
660 4946 704 4996 15.
721 4945 847 5008 perscribi
864 4945 908 4996 bl:
926 4946 1053 5008 perscribi
1071 4953 1190 5009 oportere
1208 4945 1239 4995 E.
1261 4969 1291 4981 -
1327 4945 1370 4994 16.
1391 4944 1556 5006 exploratam
1574 4942 1620 4993 bl:

308 5017 460 5079 captoratne
478 5016 509 5066 E.
542 5042 571 5052 -
610 5015 653 5066 17.
672 5017 723 5065 nist
741 5029 812 5078 eam,
840 5029 919 5079 quom
936 5015 981 5066 bl:
1008 5018 1059 5066 nist
1077 5031 1155 5080 qnam
1174 5015 1204 5066 11.
1235 5041 1264 5052 -
1301 5013 1345 5065 23.
1364 5021 1394 5064 ut
1412 5015 1495 5063 victor
1511 5013 1556 5065 bl:
1582 5013 1623 5062 uti

271 5077 274 5086 ’
307 5089 392 5137 victor
409 5086 440 5136 E.
461 5109 492 5121 ·-
528 5085 572 5136 11.
592 5087 674 5136 otetur
690 5093 720 5136 ut
738 5088 843 5150 rupiana
858 5085 896 5136 11.
916 5109 948 5122 -·
984 5085 1028 5137 89.
1046 5088 1148 5151 secesim
1165 5085 1203 5136 11.
