3680 5944
303 407 366 470 556
788 401 847 467 ΕΡ.
870 401 922 461 llll
945 397 1116 461 ATTlClllll

303 561 430 628 Cautior
458 568 542 626 certe
570 567 617 624 est
644 557 782 633 mansio;
815 553 977 620 honestior
1005 553 1203 619 existimatur
1224 551 1376 620 traiectio.
1417 554 1499 621 ltlalo
1521 556 1619 620 inter-

303 655 391 730 dum,
420 654 509 720 multi
530 675 580 718 me
603 673 665 718 nou
686 659 790 725 cauto,
824 669 917 736 quam
938 647 1028 734 pauci
1057 669 1120 712 non
1142 647 1271 712 honeste
1293 646 1403 714 secisse
1426 649 1617 714 existiment.

302 755 348 815 lle
369 747 486 835 Lepido
509 757 541 813 et
561 746 651 812 Tullo
674 743 759 832 quod
780 747 925 830 quaeris:
961 741 1006 807 illi
1027 762 1105 807 vero
1128 762 1191 806 nou
1211 740 1369 816 dubitant,
1393 741 1470 829 quin
1492 743 1617 809 Caesari

303 851 427 929 praesto
463 840 558 907 futuri
591 839 623 904 iu
655 845 859 924 senatumque
892 835 1015 900 venturi
1043 835 1114 901 siut.
1160 839 1192 901 3.
1228 835 1448 902 Recentissima
1484 847 1535 902 tua
1570 847 1617 904 est

280 936 433 1022 aepistola
459 935 526 1001 llal.
559 932 645 1011 data;
682 938 713 998 in
741 953 802 1018 qua
830 939 918 1016 optas
950 949 1152 1014 congressum
1181 949 1352 1016 pacemque
1375 950 1438 995 nou
1459 930 1615 1017 desperas.

303 1029 363 1095 Sed
386 1049 460 1115 ege,
492 1048 563 1095 cum
596 1026 672 1092 haec
699 1023 889 1098 scribebam,
926 1042 984 1087 nec
1013 1023 1084 1088 illos
1114 1043 1338 1105 congressuros
1371 1043 1448 1098 nec,
1481 1029 1506 1088 si
1542 1045 1617 1090 con-

302 1123 401 1208 gressi
429 1131 545 1196 essent,
578 1118 761 1206 Pompeium
788 1117 827 1184 ad
856 1117 949 1182 ullam
978 1116 1193 1182 condicionem
1230 1137 1425 1182 accessurum
1457 1117 1614 1204 putabam.

303 1215 396 1294 Quod
429 1213 544 1280 videris
583 1235 646 1279 non
682 1212 841 1286 dubitare,
871 1211 897 1276 si
930 1210 1073 1277 consules
1114 1218 1289 1288 transeant,
1326 1209 1401 1298 quid
1425 1232 1483 1277 nos
1511 1211 1615 1277 lacere

302 1317 459 1396 oporteat,
496 1319 579 1374 certe
603 1317 776 1380 transeunt,
812 1305 877 1380 vel,
910 1303 1069 1392 quomodo
1091 1324 1173 1369 nunc
1201 1313 1263 1378 est,
1300 1309 1499 1372 transierunt.
1554 1306 1614 1373 Sed

270 1412 457 1470 aomenneuto
479 1412 603 1488 praeter
624 1401 756 1488 Appium
783 1399 938 1464 neminem
968 1419 1036 1464 esse
1059 1395 1133 1473 lare,
1156 1397 1211 1484 qui
1232 1418 1295 1463 nou
1316 1397 1365 1462 ius
1386 1398 1497 1464 babeat
1516 1411 1615 1468 bans·

302 1497 406 1563 eundi.
457 1501 532 1562 Nam
559 1504 704 1562 autenm
727 1494 860 1580 imperio
882 1503 968 1567 sunt,
1000 1502 1035 1558 ut
1055 1493 1238 1584 Pompeius,
1267 1502 1303 1558 ut
1323 1491 1442 1584 Scipio,
1466 1495 1612 1570 Sufenas,

301 1591 448 1664 Fannius,
479 1590 653 1665 Voconius,
687 1588 822 1662 Sestius,
849 1587 911 1673 ipsi
932 1587 1091 1660 consules,
1121 1585 1233 1672 quibus
1255 1607 1345 1653 more
1365 1587 1520 1653 maiorum
1541 1609 1615 1654 con-

301 1705 422 1750 cessum
452 1693 500 1748 est
528 1684 578 1750 vel
604 1704 712 1749 omnes
739 1681 827 1748 adire
855 1680 1048 1766 provincias;
1077 1689 1131 1744 aut
1156 1679 1250 1765 legati
1279 1690 1350 1746 suut
1378 1702 1500 1748 eorum.
1552 1683 1614 1750 Sed

302 1778 379 1844 nibil
400 1778 545 1845 decerno.
588 1776 671 1855 Quid
691 1777 809 1863 placeat
831 1773 887 1839 tibi
909 1774 1036 1860 etquid
1059 1773 1287 1860 propemodum
1310 1785 1427 1840 rectum
1450 1775 1504 1852 sit,
1525 1777 1615 1843 intel·

268 1871 376 1956 uligo.
423 1872 516 1937 Plura
537 1870 723 1944 scriberem,
757 1874 781 1935 si
804 1869 870 1955 ipse
892 1889 1027 1954 possem.
1081 1867 1158 1944 Sed,
1180 1877 1215 1932 ut
1235 1867 1309 1933 mibi
1333 1867 1465 1946 videor,
1502 1880 1614 1956 potero

301 1965 410 2030 biduo.
466 1964 552 2031 Balbi
584 1965 717 2032 Cornelii
743 1963 916 2028 litterarum
946 1961 1142 2048 exemplum,
1173 1983 1249 2048 quas
1277 1961 1389 2028 eodem
1417 1963 1468 2029 die
1489 1967 1613 2052 accepi,

302 2081 365 2147 quo
388 2067 471 2135 tuas,
494 2058 565 2125 misi
587 2058 625 2125 ad
647 2068 692 2135 te,
715 2070 749 2124 ut
770 2077 870 2122 meatu
893 2056 990 2122 vicem
1010 2055 1149 2132 doleres,
1172 2077 1242 2122 cum
1258 2077 1308 2122 me
1326 2055 1464 2124 derideri
1480 2060 1613 2128 videres.

937 2203 963 2265 Α

703 2323 849 2388 BALBUS
872 2319 1054 2386 CICERONI
1075 2322 1153 2386 ΙΜΡ.
1175 2323 1207 2386 S.

262 2451 290 2498 ut
387 2437 414 2499 1.
440 2431 580 2500 Obscum
602 2441 648 2508 te,
672 2434 800 2508 Cicero,
830 2431 953 2518 suscipe
981 2451 1087 2496 curam
1110 2441 1141 2497 et
1162 2429 1381 2516 cogitationem
1402 2435 1612 2523 dignissimam

104 2533 212 2618 ‘ss
301 2537 371 2594 tuae
401 2519 611 2618 virtutis‚(ut
638 2531 800 2594 Caesarem
829 2535 859 2592 et
887 2525 1069 2611 Pompeium
1095 2524 1226 2611 perfidia
1260 2525 1420 2595 bominum
1449 2530 1612 2620 distractos

299 2643 410 2688 rursus
442 2622 474 2687 in
501 2621 661 2708 pristinam
689 2620 887 2688 concordiam
915 2617 1069 2716 redonen
1111 2619 1210 2686 Crede
1240 2620 1316 2686 mibi
1352 2627 1514 2691 Caesarem
1550 2650 1612 2694 nou

299 2716 401 2781 solum
423 2715 491 2781 lore
513 2717 546 2782 iu
567 2725 619 2781 tua
640 2723 812 2802 potestate,
834 2714 888 2780 sed
912 2713 1003 2778 etiam
1024 2717 1195 2778 maximum
1217 2713 1402 2782 beneficium
1425 2727 1455 2784 te
1477 2720 1538 2787 sibi
1558 2721 1613 2788 de-

301 2807 383 2874 disse
404 2808 627 2884 iudicaturum,
658 2809 684 2875 si
706 2809 767 2874 buc
787 2818 817 2874 te
838 2807 954 2874 reiicis.
1007 2806 1109 2873 Velim
1130 2806 1212 2873 idern
1235 2809 1402 2896 Pompeius
1423 2811 1534 2888 faciat,
1557 2815 1611 2902 qui

262 2911 335 2976 aaut
356 2902 467 2969 adduci
490 2902 543 2969 tali
565 2913 705 2990 tempore
727 2902 881 2968 adullam
903 2900 1117 2968 condicionem
1139 2902 1254 2987 possit,
1285 2904 1383 2989 magis
1405 2915 1496 2992 opto,
1519 2930 1611 2995 quam

300 3017 403 3083 spero.
446 2997 524 3073 Sed,
546 3019 616 3063 eum
638 2997 811 3063 constiterit
832 3006 863 3061 et
883 3001 994 3060 timere
1016 2993 1159 3070 desierit,
1182 3006 1246 3060 tum
1262 2995 1406 3084 incipiam
1424 3021 1487 3066 non
1502 3001 1613 3090 despe-

299 3111 370 3157 rare
391 3101 475 3156 tuam
497 3091 711 3158 auctoritatem
733 3091 901 3177 plurimum
923 3088 1005 3176 apud
1034 3109 1106 3154 eum
1133 3089 1307 3156 valituram.
1364 3095 1393 3158 2.
1418 3095 1510 3171 Quod
1531 3101 1611 3161 Len·

171 3245 186 3274 .-
299 3183 397 3249 tulum
419 3184 577 3272 consulem
599 3207 702 3251 meum
724 3185 850 3250 voluisti
871 3185 921 3250 blo
941 3203 1121 3259 remanere,
1145 3185 1269 3250 Caesari
1283 3195 1420 3269 gratum,
1443 3188 1518 3254 mibi
1533 3212 1611 3257 vero

299 3277 507 3359 gratissimum
530 3277 742 3346 mediusfidius
763 3277 873 3343 fecisti.
915 3283 991 3343 Nam
1015 3277 1100 3342 illum
1122 3281 1195 3342 tanti
1218 3275 1318 3352 facio,
1341 3287 1394 3365 apul
1416 3302 1478 3347 nou
1501 3288 1612 3351 Caesa-

260 3393 367 3442 sorem
388 3375 487 3459 magis
508 3373 654 3460 diligam3
681 3372 737 3461 qui
758 3374 785 3438 si
805 3393 914 3459 passus
936 3380 1033 3446 esset,
1055 3391 1113 3436 uos
1133 3391 1256 3445 secum,
1279 3380 1314 3436 ut
1334 3393 1609 3457 consueveramus,

298 3467 384 3553 loqui
415 3479 447 3532 et
475 3488 536 3532 uon
567 3489 601 3533 se
631 3477 730 3533 totum
759 3467 851 3532 etiam
881 3476 912 3532 et
939 3471 1032 3532 etiam
1060 3463 1099 3529 ab
1128 3485 1274 3530 sermone
1299 3477 1406 3534 nostro
1428 3474 1608 3550 avertisset,

298 3559 401 3626 miuus
422 3563 532 3636 miser,
556 3582 648 3648 quam
669 3583 753 3636 sum,
776 3581 886 3626 essem.
929 3566 1005 3626 Nam
1026 3580 1102 3625 cave
1123 3569 1213 3645 putes
1236 3558 1294 3624 boc
1315 3569 1457 3648 ternpore
1477 3566 1609 3652 plasme

298 3673 485 3739 quemquam
507 3654 655 3730 cruciari,
687 3654 772 3742 quod
794 3677 882 3730 eum,
912 3677 1006 3742 quem
1026 3663 1097 3718 aute
1126 3673 1176 3717 me
1198 3652 1308 3737 diligo,
1331 3655 1424 3723 video
1445 3659 1477 3723 in
1499 3681 1609 3728 consu·

298 3746 362 3812 latu
383 3746 507 3833 quidvis
527 3748 630 3834 potius
651 3769 720 3814 csse
742 3769 835 3835 quam
856 3747 1026 3814 consulem.
1070 3744 1192 3824 Quodsi
1215 3747 1351 3813 voluerit
1372 3749 1428 3816 tibi
1450 3753 1610 3842 obtempe-

260 3859 372 3914 ssrare
393 3848 425 3905 et
445 3839 536 3906 nobis
558 3840 596 3907 de
619 3845 751 3908 Caesare
773 3841 902 3907 credere
929 3850 960 3906 et
981 3844 1174 3908 consulatum
1203 3839 1357 3928 reliquum
1380 3853 1497 3916 Romae
1519 3869 1610 3934 pera-

368 4041 394 4092 1.
412 4037 495 4105 Molo]
514 4044 601 4092 molor
618 4057 658 4107 pr.
678 4043 716 4094 Μ.
739 4067 774 4078 -
808 4042 836 4092 2.
853 4039 917 4106 nun]
947 4057 988 4094 naa
1006 4045 1101 4096 Bosius
1119 4049 1208 4099 tacite.
1229 4071 1259 4084 -
1296 4049 1322 4099 3.
1345 4049 1429 4099 Tullio
1447 4049 1513 4110 Μ11,
1535 4049 1609 4100 Tullo

297 4111 322 4162 1.
338 4107 504 4176 (Correctuau
515 4113 543 4162 lu
554 4111 765 4177 Manutiaua.)-
776 4113 894 4164 dubitaui
902 4127 942 4178 pr·
951 4115 989 4166 Μ.
999 4138 1030 4151 -
1040 4117 1066 4168 li.
1081 4117 1149 4167 ullos
1162 4133 1202 4183 pr.
1214 4118 1250 4170 Μ.
1265 4143 1295 4154 ·-
1305 4121 1347 4170 11.
1362 4127 1408 4170 out
1422 4135 1477 4169 om.
1486 4120 1508 4169 1.
1520 4143 1550 4156 -
1562 4120 1609 4169 Su-

297 4184 371 4248 [enua
390 4181 521 4245 Pighius:
540 4183 644 4234 &tenna
665 4183 684 4233 Ε
702 4189 729 4234 et
747 4198 787 4248 pr.
807 4185 853 4246 Μ,
872 4183 982 4235 Setouoa
999 4185 1020 4235 11
1039 4193 1064 4236 et
1083 4201 1153 4238 corr.
1171 4189 1218 4244 Μ.
1244 4189 1367 4240 Seteonoa
1385 4190 1408 4239 1.
1428 4215 1459 4226 -
1496 4190 1540 4239 12.
1560 4191 1610 4238 Vo-

298 4254 383 4303 eeau‘ua
410 4253 431 4302 1.
460 4277 490 4290 -
527 4253 568 4303 13.
586 4261 647 4304 aaut
665 4267 720 4304 om.
740 4255 763 4305 1.
795 4277 825 4290 -
862 4255 906 4305 14.
925 4257 1032 4306 decem
1050 4257 1128 4309 Pius:
1155 4259 1243 4309 maere
1261 4259 1287 4310 Μ
1306 4266 1334 4310 et
1351 4273 1412 4324 pars
1432 4258 1515 4310 Codd.
1535 4259 1609 4309 Bosii

297 4323 365 4382 (nou
384 4324 489 4384 duero,
509 4328 539 4374 ut
560 4323 692 4375 dederuut
710 4323 815 4376 Graevii
834 4329 951 4388 operael,
971 4327 1035 4376 item
1053 4327 1103 4389 ut,
1131 4328 1215 4379 duno
1233 4329 1317 4380 altera
1338 4343 1399 4394 pars
1418 4329 1502 4380 Codd.
1523 4329 1605 4387 Bosli,

297 4393 395 4444 distem
413 4407 473 4444 cuna
494 4394 585 4444 nescio
603 4409 656 4458 quo
674 4396 744 4458 apud
764 4395 911 4446 Corraduau
931 4395 962 4446 ll.
992 4421 1020 4434 ·-
1059 4398 1102 4449 15.
1119 4401 1217 4462 poaas'm
1234 4399 1284 4450 llll.
1304 4425 1338 4434 -
1372 4401 1415 4451 17.
1433 4401 1529 4451 mederi
1545 4400 1606 4451 Μ11.

298 4463 349 4522 (ma
371 4463 483 4514 derideri
500 4477 554 4526 mg·
579 4462 631 4527 lll.)
651 4490 679 4502 -
717 4467 824 4516 omna.
866 4467 926 4517 Vale
946 4466 976 4516 ll.
1003 4489 1034 4502 -
1069 4467 1114 4518 22.
1143 4469 1225 4520 lledde
1250 4471 1287 4522 Μ.
1316 4471 1397 4527 (erade
1420 4483 1474 4532 mg.
1494 4469 1547 4525 Μ.)
1573 4495 1608 4505 -

297 4533 342 4584 23.
361 4534 527 4598 intentare
545 4533 567 4584 l.
587 4559 615 4572 -
650 4540 674 4584 te
693 4550 747 4586 om.
767 4550 808 4600 pr.
828 4536 865 4588 Μ.
896 4561 924 4574 -
945 4536 989 4586 24.
1008 4537 1056 4588 ltoc
1074 4551 1115 4602 pr.
1135 4539 1171 4590 Μ.
1193 4563 1222 4578 ·-
1253 4540 1381 4591 tubuel.
1401 4540 1494 4590 -211
1514 4541 1608 4590 emuti-

298 4604 377 4654 tatm't
395 4603 475 4654 11.-
491 4605 537 4654 27.
556 4612 580 4655 et
598 4612 671 4655 auena
689 4606 735 4656 111.
755 4631 786 4642 -
814 4607 886 4668 apud
903 4621 959 4657 uam
976 4620 1030 4657 om.
1049 4609 1087 4660 Μ.
1108 4605 1228 4672 (liabent
1245 4609 1330 4660 Codd.
1349 4609 1420 4661 Boaii
1439 4616 1465 4659 et
1484 4609 1608 4675 Malaspi·

298 4685 371 4729 nae,
392 4673 455 4724 item
474 4671 532 4738 111.)
553 4697 583 4710 -
619 4675 664 4724 28.
683 4689 780 4732 meum,
801 4677 927 4726 consulam
947 4676 1059 4728 Ernestii
1079 4691 1187 4742 operae.
1216 4701 1249 4715 -
1283 4681 1326 4730 22.
1346 4681 1391 4743 qut
1409 4678 1542 4730 Orellius:
1563 4681 1608 4745 pul

298 4742 371 4792 lerl
394 4749 422 4794 et
448 4744 534 4802 Edd.;
561 4751 611 4801 ut,
643 4745 870 4808 quemadmodum
895 4747 978 4798 edidit
995 4748 1159 4810 Lambinus,
1187 4749 1249 4800 item
1269 4749 1387 4800 malebat
1404 4749 1553 4800 Ernestius.
1573 4773 1604 4786 -

297 4812 341 4862 110.
361 4827 571 4865 emmeram
587 4815 669 4866 lllll:
689 4827 870 4865 emmeramus
887 4829 948 4866 cum
968 4816 1053 4868 Codd.
1072 4819 1185 4882 llalasp.
1205 4825 1232 4870 et
1250 4819 1318 4870 llall.
1338 4819 1366 4869 11-
1390 4843 1417 4856 ·-
1437 4820 1480 4870 aa.
1499 4828 1523 4870 et
1540 4817 1604 4883 nnn]

297 4888 328 4930 ut
349 4896 404 4932 non
429 4884 451 4934 1.
477 4905 509 4918 -
548 4885 628 4934 etiam
645 4892 670 4936 at
688 4881 776 4947 ettam]
796 4893 820 4936 et
838 4891 893 4935 tum
911 4888 990 4937 ettam
1009 4901 1049 4952 pr.
1070 4889 1118 4950 bl,
1150 4891 1229 4940 etium
1246 4897 1323 4954 utque
1343 4891 1423 4940 atium
1440 4903 1501 4940 cum
1520 4889 1604 4940 Codd.

297 4950 412 5016 Malaap.
431 4953 589 5004 Lambinus.
635 4955 690 5006 Clr.
708 4968 788 5018 supra
807 4954 857 5020 llp.
877 4955 919 5006 12.
939 4958 972 5006 B.
990 4958 1016 5006 2.
1048 4981 1075 4994 -
1112 4959 1155 5009 12.
1174 4961 1220 5010 loe
1238 4968 1351 5022 tempure
1373 4965 1432 5023 post
1455 4973 1607 5026 quemquam

296 5021 372 5086 pontt
389 5023 421 5076 11.
441 5049 473 5062 ··
505 5025 693 5088 pluamaom.
713 5039 753 5092 pr·
773 5026 810 5080 Μ.
834 5049 861 5062 -·
899 5027 1179 5094 assumpsit.
1200 5049 1232 5066 -
1268 5030 1311 5082 dl.
1331 5030 1419 5082 emutat
1437 5031 1468 5080 11.
