3662 5908
551 437 624 500 LlB.
646 437 729 500 Xlll.
774 440 832 502 ΕΡ.
854 441 906 502 73.
930 439 980 502 it.
1003 441 1053 502 75.
1075 442 1126 503 76.
1148 442 1199 503 77.
1468 445 1529 508 ΜΜ

205 619 278 663 sens
308 605 411 662 tecum
439 595 489 680 egi
524 593 709 680 diligenter,
743 615 814 661 cum
843 604 877 661 tn
904 595 981 662 mibi
1003 595 1224 664 humanissime
1254 601 1462 685 respondisti,
1500 611 1531 666 et

205 692 318 778 scripsi
339 689 380 756 ad
401 699 431 754 te
452 699 596 754 accurate
618 699 726 768 antea;
748 687 803 754 sed
824 698 913 774 putat
933 690 1083 756 iuteresse
1106 711 1161 756 sua
1184 712 1235 757 me
1256 692 1296 757 ed
1310 703 1341 758 te
1355 713 1447 781 quam
1463 717 1531 761 sae-

205 786 333 871 pissime
354 781 505 849 seribere.
560 785 666 861 Quare
688 782 782 848 velim
803 782 880 848 mibi
902 783 1061 868 ignoscas,
1083 783 1110 850 si
1132 783 1215 849 illius
1237 786 1388 853 voluntati
1410 788 1527 854 obtem·

204 898 320 964 perans
347 878 449 942 minus
477 875 611 942 videbor
640 877 820 944 meminisse
849 877 1040 951 constantiae
1067 887 1150 944 tuae.
1194 883 1224 944 2.
1246 885 1272 944 Α
1294 889 1325 945 te
1347 881 1431 948 idem
1452 882 1530 949 illud

205 981 296 1058 peto,
318 979 354 1036 ut
374 971 414 1036 de
435 971 525 1046 loco,
548 991 612 1058 quo
634 969 779 1057 deportet
799 970 1006 1048 dementum,
1028 982 1060 1037 et
1080 972 1119 1038 de
1141 980 1282 1058 tempore
1297 974 1428 1042 suano
1443 987 1553 1041 com-⁵

205 1063 334 1142 modes;
370 1085 506 1153 quorum
533 1073 702 1150 utrumque
730 1086 789 1152 per
815 1063 950 1130 eundem
976 1087 1026 1130 me
1055 1065 1189 1131 obtinuit
1218 1066 1407 1144 triennium,
1454 1070 1529 1136 dum

205 1159 372 1246 Pompeius
401 1157 451 1225 isti
479 1159 605 1244 negotio
627 1158 773 1244 praefuit
831 1163 958 1225 Summa
979 1168 1045 1232 est,
1082 1159 1115 1224 in
1136 1181 1200 1247 quo
1223 1160 1298 1226 mibi
1319 1163 1529 1247 gratissimum

205 1250 308 1318 lacere
337 1251 454 1339 possis,
492 1256 517 1318 si
547 1253 682 1328 curaris,
716 1262 751 1318 ut
770 1253 935 1329 Avianius,
966 1255 1115 1341 quoniam
1137 1277 1171 1322 se
1194 1277 1213 1321 a
1235 1277 1285 1321 me
1306 1256 1404 1322 amari
1425 1267 1528 1345 putat,

205 1367 255 1411 me
277 1367 295 1412 a
316 1357 347 1412 te
368 1346 468 1412 amari
488 1345 574 1412 sciat.
617 1347 685 1413 Erit
705 1345 738 1413 id
759 1347 837 1413 mibi
858 1357 1049 1434 pergratum.

656 1489 791 1554 LXXVI.
833 1488 932 1574 (lam
952 1489 1087 1576 incerta.)
1542 1527 1568 1570 m

337 1615 379 1677 Μ.
402 1613 545 1677 CICERO
567 1613 779 1689 QUATTUOR
801 1614 906 1678 VIRIS
928 1615 979 1676 ET
1000 1614 1285 1680 DECUlllONlBUS
1308 1618 1339 1680 S.
1360 1621 1398 1680 Ι).

291 1729 319 1790 l.
341 1729 456 1789 Tantae
483 1722 559 1787 mibi
586 1742 658 1788 cum
688 1724 726 1801 Q.
748 1723 865 1810 Hippio
886 1743 998 1788 causae
1020 1724 1254 1790 necessitudinis
1276 1738 1362 1802 sunt,
1397 1737 1432 1793 ut
1453 1727 1529 1792 nibil

204 1817 305 1905 possit
326 1837 395 1881 esse
416 1815 626 1890 coniunctius,
649 1836 743 1902 quam
766 1837 823 1881 nos
842 1817 924 1882 inter
945 1837 1135 1883 nossemus.
1180 1819 1348 1897 Quodnisi
1370 1821 1412 1886 ita
1438 1831 1529 1894 esset,

205 1921 313 1977 uterer
334 1931 402 1976 mea
424 1910 665 1983 consuetudine,
688 1919 724 1974 ut
743 1908 834 1975 vobis
856 1910 939 1976 nulla
961 1911 993 1976 in
1014 1933 1050 1976 re
1071 1911 1221 1978 molestus
1243 1935 1353 1980 essem.
1407 1915 1528 1980 Etenim

204 2025 262 2070 vos
284 2004 358 2069 mibi
381 2003 491 2091 optimi
512 2013 606 2069 testes
628 2005 718 2078 estis,
742 2024 930 2092 quamquam
951 2005 1027 2070 mibi
1047 2026 1232 2092 persuasum
1256 2019 1338 2074 essct
1358 2007 1434 2074 nibil
1450 2029 1528 2084 esse,
1543 2025 1567 2062 ¹³

204 2098 327 2184 quoda
349 2097 439 2164 vobis
461 2099 630 2185 impetrare
651 2119 714 2163 uon
736 2119 877 2182 possem,
906 2120 1066 2184 nunquam
1088 2120 1138 2164 me
1164 2108 1265 2165 tamen
1288 2123 1415 2186 gravem
1438 2102 1529 2168 vobis

205 2213 274 2259 esse
290 2193 437 2258 voluisse.
459 2197 489 2257 2.
510 2192 721 2258 Vehementer
730 2191 828 2277 igitur
838 2212 894 2257 vos
911 2192 1004 2256 etiam
1018 2203 1110 2279 atquc
1130 2193 1330 2281 etiamrogo‚
1354 2204 1388 2260 ut
1400 2195 1530 2262 honoris

205 2285 268 2350 mei
278 2306 371 2351 ceusu
387 2285 603 2352 liberalissime
619 2290 652 2352 C.
664 2284 808 2370 Valgium
819 2285 1010 2371 Hippianum
1026 2287 1162 2352 tractetis
1176 2309 1306 2374 remque
1317 2308 1388 2352 cum
1403 2309 1443 2353 eo
1455 2309 1530 2354 eon-

204 2380 329 2454 ficiatis,
355 2389 405 2452 ut,
428 2401 520 2466 mam
542 2384 773 2466 possessiouem
795 2378 889 2446 babet
909 2384 942 2445 in
956 2399 1033 2464 agro
1047 2380 1230 2465 Fregellano
1246 2403 1263 2446 a
1279 2381 1369 2448 vobis
1381 2391 1527 2469 emptam,

204 2495 274 2540 eam
296 2472 427 2539 liberam
449 2484 480 2538 at
501 2473 671 2538 immunem
692 2472 809 2538 babere
830 2473 939 2559 possit.
981 2473 1016 2539 ld
1037 2473 1063 2540 si
1085 2495 1104 2539 a
1125 2474 1216 2541 robis
1229 2475 1413 2564 inpetraro.
1436 2483 1566 2546 ium-²⁰

204 2590 257 2635 mo
283 2589 333 2632 me
355 2566 507 2632 beneficio
529 2576 635 2632 vestro
657 2565 803 2634 allectum
823 2565 1011 2635 arbitrabor.

629 2709 781 2773 parur.
824 2707 873 2792 (s.
899 2711 932 2775 u.
955 2712 986 2775 o.
1010 2708 1094 2782 roa.)

531 2835 572 2896 Μ.
595 2832 737 2896 ClCEIlO
760 2833 792 2896 S.
813 2834 851 2895 D.
871 2834 906 2895 P.
928 2833 1105 2897 SULPICIO
1127 2833 1205 2898 ΙΜΡ.

290 2952 318 3011 l.
341 2949 418 3012 Cum
441 2942 490 3008 bis
510 2940 704 3028 temporibus
726 2962 789 3006 non
810 2961 886 3006 sane
907 2941 940 3005 iu
961 2950 1102 3007 senatum
1123 2943 1327 3019 ventitarem,
1350 2956 1471 3019 tamen,
1493 2955 1528 3012 ut

203 3045 272 3107 tuas
293 3038 413 3103 litteras
435 3037 511 3122 legi,
533 3057 596 3102 non
619 3034 796 3100 existimavi
818 3054 868 3099 me
890 3034 976 3100 salvo
997 3040 1068 3100 iure
1090 3045 1215 3101 nostrae
1237 3038 1352 3103 veteris
1373 3039 1527 3105 amicitiae
1537 3053 1564 3094 ¹⁵

203 3131 437 3217 multorumque
459 3131 541 3196 inter
561 3151 619 3196 nos
642 3127 815 3193 officiorum
839 3127 943 3193 lacere
966 3149 1074 3215 posse,
1106 3138 1142 3195 ut
1162 3129 1276 3196 honori
1297 3140 1351 3197 tuo
1374 3130 1525 3198 deessem.

202 3232 310 3313 ltaque
339 3223 416 3290 affui
445 3224 766 3311 supplicationemque
792 3221 850 3287 tibi
876 3221 1021 3288 lubenter
1042 3223 1184 3296 decrevi,
1221 3243 1278 3288 nec
1305 3225 1429 3313 reliquo
1451 3235 1528 3291 lem-

203 3341 284 3408 pore
305 3321 371 3385 ullo
392 3328 446 3384 aut
467 3318 516 3383 rei
538 3327 592 3383 aut
612 3315 834 3382 existimationi
856 3326 910 3382 aut
931 3315 1072 3401 dignitati
1087 3325 1158 3381 tuae
1177 3316 1286 3382 deero.
1329 3323 1445 3406 Atque,
1468 3320 1529 3386 hoc

203 3427 239 3482 ut
267 3415 313 3482 tui
341 3412 510 3479 necessarii
541 3412 654 3486 seiam,
685 3410 745 3477 boc
767 3431 817 3476 me
839 3410 945 3476 auimo
974 3430 1049 3495 erga
1071 3419 1101 3476 te
1123 3431 1208 3486 asse,
1241 3411 1334 3476 velim
1357 3413 1450 3480 iacias
1472 3434 1526 3480 eos

203 3531 264 3597 per
291 3509 411 3574 litteras
439 3506 606 3580 certiores,
638 3515 688 3581 ut,
726 3503 849 3591 siquid
872 3503 929 3569 tibi
951 3524 1030 3590 opus
1052 3505 1107 3580 sit,
1137 3525 1176 3570 ne
1198 3505 1340 3571 dubitent
1360 3506 1437 3573 mibi
1458 3506 1565 3572 iurew
1654 3533 1676 3638 p

203 3623 263 3670 suo
294 3601 490 3668 denuntiare.
548 3604 578 3665 ἓ.
610 3605 652 3666 Μ.
674 3598 842 3672 Bolanum,
878 3603 982 3693 virum
1002 3598 1121 3665 bonum
1142 3608 1174 3665 et
1194 3598 1308 3666 fortem
1330 3608 1361 3665 et
1381 3599 1528 3666 omnibus

203 3699 299 3765 rebus
320 3703 465 3763 ornatum
487 3714 654 3780 meumque
675 3701 814 3757 veterem
836 3693 985 3767 amicum,
1009 3691 1065 3757 tibi
1087 3713 1201 3778 magno
1219 3714 1317 3780 opere
1332 3692 1530 3761 commendo.

204 3797 387 3878 Pergratum
409 3788 486 3854 mibi
506 3787 632 3860 leceris,
666 3786 694 3852 si
715 3785 849 3861 curaris,
882 3794 919 3851 ut
939 3785 966 3851 is
988 3786 1152 3871 intelligat,
1182 3786 1261 3852 banc
1283 3787 1528 3853 commendatio-

203 3909 276 3954 nem
309 3885 369 3952 sibi
396 3901 511 3968 magno
537 3880 717 3946 adiumento
748 3878 861 3957 lesisse3
897 3879 1063 3967 ipsumque
1085 3880 1188 3945 virum
1210 3881 1361 3966 optimum
1390 3880 1528 3966 gratissi-

203 4001 353 4067 mumque
374 3995 554 4063 cognosces.
597 3973 748 4039 Promitte
770 3972 843 4047 tibi,
866 3981 895 4038 te
918 3995 959 4039 ex
980 3978 1048 4039 eius
1069 3973 1203 4038 amicitia
1225 3995 1368 4064 magnam
1385 3973 1564 4060 voluptas-aa

204 4084 267 4141 tem
293 4092 363 4137 esse
395 4080 569 4156 capturum.
616 4071 646 4132 3.
675 4071 841 4133 Praeterea
867 4087 885 4130 a
913 4075 944 4132 te
972 4077 1046 4154 peto
1073 4068 1105 4133 in
1134 4068 1287 4133 maiorem
1309 4067 1438 4132 modum
1466 4089 1526 4154 pro

204 4175 311 4233 nostra
333 4165 468 4231 amicitia
491 4173 522 4228 et
542 4183 602 4249 pro
623 4171 679 4226 tuo
693 4173 847 4247 perpetuo
869 4162 901 4227 in
915 4183 965 4226 me
981 4160 1102 4236 studio,
1125 4172 1159 4228 ut
1174 4161 1206 4226 in
1221 4161 1277 4226 bac
1292 4183 1327 4227 re
1350 4161 1442 4226 etiam
1464 4162 1527 4227 ela·

205 4260 316 4327 bores:
349 4259 533 4346 Dionysius,
556 4277 666 4344 seruus
688 4277 794 4332 meus,
817 4257 871 4343 qui
893 4277 995 4322 meem
1016 4254 1228 4321 bibliothecen
1249 4256 1420 4322 multorum
1436 4278 1527 4322 num-

204 4375 329 4421 morum
352 4353 510 4426 tractarit,
533 4372 603 4416 cum
626 4351 740 4416 multos
762 4349 860 4415 libros
882 4350 1086 4437 surripuisset
1107 4370 1164 4414 nce
1185 4371 1218 4414 se
1241 4349 1368 4434 impune
1391 4350 1525 4414 laturum

203 4456 345 4535 putaret,
374 4445 503 4532 subigit.
546 4449 576 4511 ls
605 4454 652 4509 cst
677 4445 709 4509 in
739 4444 900 4530 provincia
929 4453 992 4508 tua.
1017 4433 1114 4538 (Eum
1143 4452 1175 4509 et
1194 4448 1237 4508 M.
1258 4443 1410 4515 Bolanus,
1439 4463 1563 4510 meusao

1609 4227 1623 4264 [i

204 4539 382 4622 familiaris,
405 4548 436 4605 et
458 4539 546 4604 multi
569 4537 620 4604 alii
641 4543 784 4603 Naronae
805 4529 974 4628 viderunt)
1002 4534 1075 4611 sed,
1097 4557 1168 4602 cum
1191 4557 1224 4602 se
1245 4557 1263 4601 a
1284 4556 1335 4600 me
1357 4537 1526 4602 manumis-
1615 4515 1693 4616 dr?
1821 4617 1822 4620 Ἴ

204 4655 273 4699 sum
303 4653 372 4698 esse
405 4633 537 4708 diceret,
570 4631 780 4698 crediderunt
829 4633 920 4696 Hunc
941 4639 975 4695 tu
996 4629 1022 4697 si
1043 4629 1121 4702 mibi
1143 4629 1371 4695 restituendum
1392 4630 1525 4704 curam,

204 4748 266 4793 non
295 4747 423 4814 possum
454 4726 574 4801 dicere,
607 4746 700 4812 quam
729 4724 806 4790 mibi
835 4733 957 4809 gratum
986 4723 1126 4788 loturum
1148 4723 1197 4789 sit
1241 4728 1302 4789 lies
1324 4723 1390 4809 ipsa
1412 4743 1524 4809 parve,

272 4951 299 5000 ⁵.
318 4951 387 5015 quod
404 4950 522 5011 deportet
540 4949 578 5001 Μ.
599 4975 630 4984 -
670 4947 697 4997 7.
716 4947 767 4997 lato
786 4947 822 4997 Μ.
844 4969 874 4982 -
893 4947 920 4996 8.
940 4948 1064 5010 quantem
1081 4944 1127 4996 Μι
1146 4945 1251 5009 amando
1269 4944 1300 4994 ll.
1320 4969 1350 4980 -
1391 4943 1434 4994 15.
1454 4947 1525 4994 tastis

204 5027 240 5070 cst
259 5019 295 5070 Μ.
323 5043 353 5055 -
390 5033 548 5084 pemmonem
566 5018 700 5068 Orellios:
726 5031 805 5081 quom
823 5017 868 5076 Μ,
891 5031 948 5066 eum
968 5017 997 5068 ll·
1025 5041 1058 5050 -
1094 5015 1138 5064 2³.
1159 5015 1188 5063 Ρ.
1211 5015 1317 5064 Vatinio
1335 5013 1470 5066 Wielsud.
1493 5039 1521 5050 -

204 5089 248 5140 28.
268 5089 330 5140 dero
349 5087 385 5140 Μ.
408 5115 435 5127 -
475 5090 518 5138 to.
538 5102 607 5140 metas
625 5089 766 5154 familiaria
783 5085 916 5139 Orellinst
934 5087 1076 5152 familiaria
1092 5085 1138 5144 Μ,
1157 5083 1300 5149 semidam
1316 5097 1386 5135 metat
1404 5083 1435 5136 Ε.
