3662 5908
654 413 728 476 Llu.
749 411 832 476 Xlll.
866 413 926 476 ΕΡ.
948 425 999 476 llll.
1020 421 1071 476 ult.
1459 421 1521 483 247

204 590 357 638 summam
373 569 480 637 luisse.
522 567 569 638 hb
588 569 637 636 bis
659 567 755 635 initiis
776 576 884 634 noster
904 569 937 634 in
957 577 988 634 te
1013 591 1103 636 amor
1126 571 1285 658 profectus
1306 575 1393 641 auxit
1417 588 1521 664 pater

203 687 276 731 nam
296 665 556 732 necessitudinem
577 674 609 730 et
629 685 669 730 eo
686 664 802 749 magis,
823 661 909 750 quod
924 664 1082 739 intellexi,
1103 677 1138 732 ut
1158 665 1294 752 primum
1316 689 1374 756 per
1389 682 1520 739 aetatem

203 758 353 826 indicium
369 757 473 825 lacere
492 757 651 847 potueris,
688 756 796 844 quanti
818 757 951 844 quisque
981 757 1038 824 tibi
1059 757 1218 826 iaciendos
1240 773 1337 838 esset,
1369 785 1420 830 ma
1449 789 1467 832 a
1489 774 1520 832 te

203 852 367 938 inprimis
388 861 533 939 coeptum
556 873 625 919 esse
646 849 823 926 observari,
846 851 928 927 coli,
949 851 1045 938 diligi.
1089 853 1262 922 Accedebat
1283 879 1346 922 uon
1359 859 1519 928 mediocre

203 946 361 1013 vinculum
390 969 461 1013 cum
489 946 684 1020 studiorum,
720 943 807 1032 quod
834 944 937 1032 ipsum
965 955 1013 1011 est
1043 966 1101 1032 per
1121 969 1155 1012 se
1176 969 1287 1034 grave,
1321 963 1385 1018 tum
1408 975 1543 1023 eorums

203 1038 379 1107 studiorum
411 1063 583 1128 earumque
610 1041 740 1115 artium,
779 1060 859 1126 apiae
881 1059 938 1125 per
959 1061 993 1104 se
1015 1040 1100 1128 ipsae
1122 1063 1192 1118 eos,
1215 1045 1269 1131 qui
1290 1047 1447 1115 voluntate
1470 1071 1521 1116 eu-

202 1135 273 1200 dem
302 1145 388 1211 sunt,
424 1137 518 1202 etiam
544 1135 751 1201 familiaritate
780 1133 968 1199 devinciunt.
1019 1139 1049 1200 2.
1085 1141 1273 1223 Exspectare
1302 1148 1332 1206 te
1360 1143 1518 1218 arbitror,

202 1230 279 1295 baec
299 1238 362 1294 tam
384 1230 476 1316 longe
498 1230 631 1316 repetita
653 1227 806 1316 principia
827 1247 891 1315 quo
906 1236 1054 1313 spectent.
1097 1230 1131 1296 ld
1151 1233 1287 1318 primum
1302 1255 1379 1322 ergo
1395 1236 1519 1312 habeto,

201 1343 266 1389 non
288 1325 356 1388 sine
376 1344 488 1409 magna
520 1324 662 1410 iustaque
691 1342 783 1387 causa
813 1320 892 1386 banc
921 1343 1010 1388 ame
1033 1327 1363 1393 commemorationem
1385 1351 1453 1395 esse
1475 1331 1520 1395 lu-

201 1429 292 1484 ctam.
336 1422 369 1486 C.
391 1419 480 1484 Ateio
503 1419 651 1503 Capitone
672 1425 747 1482 utor
768 1413 1018 1481 familiarissime.
1068 1423 1164 1485 Notae
1187 1419 1241 1486 tibi
1263 1431 1335 1487 sunt
1355 1428 1519 1489 varietates
1531 1443 1556 1481 u

201 1532 346 1578 meorum
381 1520 569 1598 temporum.
621 1516 657 1576 ln
679 1509 765 1576 omni
785 1529 901 1594 genera
929 1520 961 1575 et
982 1510 1139 1577 bonorum
1160 1522 1191 1578 et
1212 1512 1354 1582 laborum
1376 1537 1518 1582 meorum

188 1601 234 1690 (et
253 1607 375 1672 animus
396 1615 429 1670 et
449 1627 545 1692 opera
567 1614 599 1670 et
619 1605 786 1670 auctoritas
808 1610 839 1667 et
859 1603 973 1688 gram,
1007 1605 1100 1670 etiam
1122 1627 1174 1672 res
1194 1607 1354 1678 familiaris
1376 1616 1408 1680 C.
1431 1613 1520 1699 Capi·

200 1700 283 1766 tonis
315 1708 441 1786 praesto
471 1699 531 1784 luit
552 1707 583 1764 et
610 1695 724 1798 paruit)
737 1707 769 1762 et
793 1697 988 1783 temporibus
1010 1709 1041 1764 et
1061 1699 1204 1766 lorturme
1225 1723 1324 1770 meae.
1366 1709 1396 1770 3.
1418 1705 1519 1771 lluius
1590 1719 1672 1800 73«

200 1795 395 1881 propinquus
416 1793 476 1860 luit
497 1799 531 1860 T.
552 1793 717 1870 Antistius3
754 1791 807 1878 qui
829 1810 900 1856 cum
923 1802 1007 1858 sorte
1035 1804 1182 1878 quaestor
1203 1797 1416 1864 Macedoniam
1437 1797 1520 1864 obti-

200 1898 291 1955 neret
310 1909 413 1975 neque
434 1893 463 1953 ei
485 1907 661 1953 successum
680 1894 782 1959 esset,
804 1886 972 1971 Pompeius
992 1885 1024 1951 in
1046 1907 1114 1953 eam
1135 1889 1328 1974 provinciam
1343 1912 1413 1959 cum
1428 1913 1519 1958 exen-
1531 1913 1555 1950 ιι

200 1984 264 2050 citu
285 1982 380 2048 venit.
434 1985 548 2047 Fecere
569 1979 718 2046 Antistius
739 1979 816 2044 nihil
847 1979 958 2065 potuit.
1002 1985 1098 2056 Nam,
1134 1987 1161 2048 si
1182 1983 1353 2068 potuisset,
1390 1984 1467 2052 nihil
1489 1989 1518 2052 ei

199 2075 311 2142 luisset
330 2075 488 2162 antiquius
509 2095 602 2162 quum
624 2072 663 2138 nd
685 2077 884 2159 Capitonem,
916 2095 1010 2160 quem
1035 2084 1070 2140 ut
1090 2086 1250 2162 parentem
1271 2075 1434 2164 diligebat,
1468 2101 1516 2144 re·

199 2171 296 2244 verti,
318 2168 503 2255 praesertim
524 2189 597 2234 cum
618 2167 725 2240 sciret,
748 2171 854 2253 quanti
876 2171 903 2232 is
918 2171 1080 2233 Caesarem
1097 2167 1213 2236 laceret
1225 2191 1411 2260 semperque
1426 2171 1518 2238 lecis-

199 2274 257 2331 set.
301 2263 362 2330 Sed
384 2282 553 2349 oppressus
575 2270 692 2328 tantum
714 2260 814 2345 attigit
835 2258 967 2346 negotii,
989 2270 1137 2348 quantum
1152 2283 1298 2329 recusare
1319 2285 1383 2332 non
1404 2265 1516 2352 potuit

198 2361 230 2424 4.
253 2361 330 2425 Cum
356 2358 533 2442 signaretur
553 2365 715 2441 argentum
736 2353 935 2441 Apolloniae,
963 2375 1026 2420 non
1052 2375 1180 2441 possum
1207 2356 1312 2424 dicere
1334 2381 1407 2425 eum
1428 2379 1555 2447 prae-⁸⁰

198 2450 296 2518 luisse
327 2471 429 2539 neque
458 2470 588 2536 possum
619 2468 734 2534 negare
769 2447 912 2524 affuisse,
946 2447 1002 2514 sed
1029 2470 1093 2513 nou
1121 2449 1191 2536 plus
1212 2450 1335 2519 duobus
1356 2473 1395 2519 an
1418 2455 1516 2521 tribus

198 2542 369 2610 mensibus.
425 2543 544 2610 Deinde
566 2543 644 2609 uiuit
671 2543 835 2620 acastris;
866 2541 945 2627 lugit
964 2562 1057 2608 omne
1084 2545 1254 2628 negotium.
1297 2549 1365 2612 lloc
1385 2548 1462 2614 mihi
1485 2559 1518 2615 ut

199 2639 271 2706 testi
291 2639 384 2704 velim
405 2637 532 2717 credas;
554 2657 655 2703 meam
678 2637 761 2702 euim
782 2636 834 2701 ille
855 2636 1040 2701 maestitiam
1061 2636 1093 2701 iu
1113 2635 1166 2702 illo
1188 2637 1271 2704 bello
1293 2639 1432 2714 videbat,
1454 2663 1518 2706 me-

199 2755 270 2800 cum
296 2731 401 2799 omnin
432 2730 690 2798 communicabat
746 2734 854 2815 ltaque
876 2729 994 2796 abdidit
1015 2749 1049 2794 se
1070 2730 1103 2795 in
1124 2731 1263 2796 intimam
1284 2733 1515 2810 Macedoniam,

198 2848 263 2915 quo
283 2827 386 2915 potuit
406 2827 586 2912 longissime
608 2846 626 2890 u
648 2823 771 2898 castris,
794 2843 856 2888 nou
878 2823 973 2888 modo
994 2832 1112 2890 utnon
1133 2834 1291 2911 praeesset
1304 2827 1360 2894 ulli
1379 2829 1554 2914 aegolios

199 2921 253 2988 sed
281 2921 373 2987 etiam
403 2929 438 2987 ut
465 2941 504 2985 ne
534 2920 697 2985 interesset
732 2916 869 3006 quidem.
922 2921 952 2982 Is
973 2926 1046 3003 post
1065 2918 1219 3004 proelium
1241 2940 1275 2984 se
1297 2919 1336 2985 ad
1358 2919 1516 2987 homiuem

197 3016 424 3089 necessarium,
450 3021 487 3081 Α.
507 3013 678 3086 Plautium,
711 3011 744 3076 in
766 3010 941 3099 Bithyniam
962 3011 1101 3077 contulit.
1140 3010 1191 3076 lbi
1216 3033 1287 3077 eum
1309 3006 1423 3080 Caesar
1443 3035 1513 3080 cum

199 3107 342 3184 vidisset,
364 3108 441 3175 nibil
462 3128 587 3195 aspere,
625 3105 701 3172 nibil
722 3106 834 3170 acerbe
856 3103 954 3179 dixit;
982 3109 1114 3169 Romam
1135 3104 1226 3170 iussit
1246 3105 1362 3173 venire.
1404 3107 1459 3173 llle
1482 3107 1516 3172 in

198 3201 345 3268 morbum
367 3203 515 3268 continuo
537 3199 661 3272 incidit,
684 3219 725 3264 ex
746 3219 810 3286 quo
830 3219 895 3264 nou
910 3197 1076 3262 convaluit.
1118 3205 1220 3284 hegen
1234 3202 1403 3288 Corcyram
1414 3199 1513 3279 renit;

197 3295 243 3362 ibi
273 3305 321 3362 est
348 3307 501 3362 mortuus.
544 3299 756 3368 Testamento,
785 3291 871 3378 quod
892 3296 1009 3357 nomae
1030 3290 1139 3356 Paullo
1161 3303 1193 3358 et
1212 3294 1359 3360 Marcello
1381 3293 1552 3376 consuli-³⁰
1631 3313 1649 3376 ,ζ

196 3388 256 3455 bus
283 3388 414 3464 lecerat,
452 3389 543 3454 heres
575 3408 617 3454 ex
650 3395 739 3472 parte
768 3383 895 3450 dimidia
923 3393 955 3450 et
981 3384 1071 3449 tertia
1092 3394 1139 3450 est
1160 3386 1290 3473 Capit0;
1322 3392 1354 3453 in
1376 3399 1515 3454 sextante

197 3492 268 3548 sunt
289 3483 330 3561 ii,
363 3504 499 3571 quorum
530 3502 603 3569 pnrs
625 3481 692 3546 sine
720 3479 783 3546 ulla
804 3479 987 3566 cuiusquam
1009 3479 1137 3565 querela
1158 3479 1283 3566 publica
1304 3491 1514 3568 potestesse:

196 3598 233 3643 es
256 3587 303 3643 est
323 3575 364 3642 ad
378 3579 449 3643 HS.
466 3597 551 3643 ιιι.
595 3573 656 3641 Sed
678 3573 717 3639 de
739 3573 799 3638 hoc
820 3576 934 3640 Caesar
947 3571 1071 3638 viderit.
1114 3579 1144 3639 5.
1167 3579 1229 3648 Te,
1252 3575 1295 3640 mi
1311 3576 1432 3652 Plance,
1453 3597 1513 3663 pro

195 3678 325 3758 paterna
347 3669 592 3742 necessitudine,
624 3689 684 3754 pro
716 3676 825 3732 nostro
851 3687 980 3742 amora,
1008 3687 1068 3753 pro
1100 3665 1210 3732 studiis
1240 3676 1272 3733 et
1300 3669 1386 3734 omui
1419 3689 1513 3737 sumu
1621 3733 1626 3756 ,

196 3774 305 3832 nostro
334 3767 429 3830 totius
465 3765 546 3830 vitae
573 3761 730 3828 simillimo
754 3753 837 3848 'rogo
865 3768 936 3827 eta
965 3769 996 3826 te
1019 3761 1061 3827 ita
1082 3753 1172 3848 peto,
1205 3771 1240 3828 ut
1272 3762 1391 3828 maiore
1420 3783 1548 3838 curam

195 3837 316 3924 mamre
337 3857 442 3924 studio
466 3857 581 3923 nullam
605 3859 737 3942 possim,
767 3865 801 3920 ut
823 3854 901 3920 hanc
923 3875 991 3920 rem
1013 3855 1183 3940 suscipias,
1206 3875 1307 3921 meam
1324 3865 1414 3943 putes
1433 3879 1511 3932 csse.

196 3956 334 4026 enitare,
356 3949 541 4025 contendas,
563 3949 700 4022 efficias,
729 3958 764 4013 ut
785 3969 852 4014 mea
875 3947 1164 4023 commendatione,
1186 3957 1241 4015 tuo
1263 3951 1381 4026 studio,
1404 3956 1513 4019 Caesa·

195 4043 239 4108 ris
260 4042 413 4111 benelicio
435 4044 637 4110 hereditatem
654 4041 825 4130 propinqui
843 4041 891 4106 sui
913 4045 946 4108 C.
969 4041 1076 4128 Capito
1098 4038 1245 4109 obtineat.
1289 4046 1410 4118 Omnia,
1432 4066 1513 4134 quae

194 4142 282 4224 potui
304 4137 337 4203 in
359 4138 416 4204 bac
437 4159 558 4204 summa
581 4147 633 4203 tua
654 4136 752 4222 gratis
773 4155 809 4200 ac
830 4135 968 4221 potentin
990 4157 1008 4200 a
1031 4144 1061 4200 te
1082 4135 1272 4221 impetrare,
1294 4134 1322 4203 si
1346 4137 1511 4223 petissem,

194 4230 279 4297 ultro
311 4240 341 4296 te
368 4231 408 4297 ad
438 4253 487 4297 me
516 4230 663 4297 detulisse
685 4226 818 4316 putabo,
855 4228 882 4294 si
908 4227 986 4293 hauc
1014 4248 1081 4292 rem
1102 4226 1324 4314 impetravero.
1377 4236 1407 4296 6.
1434 4230 1551 4297 titudo

193 4324 264 4391 lore
286 4323 342 4390 tibi
363 4325 543 4391 adiumento
565 4345 678 4411 spero.
700 4323 787 4388 cuius
808 4323 875 4408 ipse
897 4325 1010 4388 Caesar
1030 4321 1165 4407 optimus
1188 4343 1256 4388 esse
1278 4323 1375 4391 iudex
1395 4335 1512 4413 potest:

194 4438 320 4504 semper
341 4421 505 4485 Caesarem
528 4419 636 4504 Capito
657 4416 754 4483 coluit
775 4425 805 4481 et
826 4415 945 4481 dilexit.
988 4414 1050 4480 Sed
1071 4413 1140 4500 ipsa
1161 4416 1254 4482 buius
1275 4418 1323 4484 rei
1345 4420 1431 4485 lestis
1452 4428 1514 4502 est;

193 4512 269 4578 novi
291 4511 425 4578 hominis
448 4512 643 4578 memoriam.
685 4515 794 4597 ltuque
816 4509 894 4575 nihil
915 4519 945 4575 te
967 4506 1081 4586 doceo;
1105 4518 1224 4576 tantum
1246 4510 1304 4576 tibi
1318 4514 1433 4578 sumito
1455 4533 1515 4600 pro

195 4606 344 4693 Capitone
365 4605 449 4692 apud
472 4609 652 4681 Caesarum,
689 4613 838 4692 quantum
859 4603 962 4689 ipsum
983 4601 1162 4668 meminisse
1183 4605 1307 4670 senties.
1364 4610 1394 4671 7.
1427 4611 1514 4693 Ego,

263 4779 290 4829 b.
309 4786 366 4829 turn
383 4791 497 4828 aaronem
516 4779 554 4830 Μ.
574 4803 606 4815 -
644 4775 1015 4843 13.ραιιι11Μιρα1ιι11Ε.
1035 4799 1066 4812 -
1104 4776 1148 4827 17.
1166 4775 1212 4842 ud]
1231 4786 1260 4828 ut
1272 4779 1310 4830 Μ.
1326 4805 1358 4816 -
1396 4779 1439 4830 10.
1459 4793 1515 4830 eum

194 4861 251 4899 om.
271 4847 307 4898 Μ.
328 4872 358 4884 -
394 4849 437 4898 21.
458 4845 504 4912 on]
524 4855 572 4899 out
589 4848 622 4899 N.
642 4847 697 4900 Clr.
719 4847 797 4899 lirud
816 4847 895 4897 Τιιιι.
918 4847 938 4895 Ι.
959 4860 985 4909 p.
1005 4845 1066 4896 300.
1085 4871 1119 4882 -
1153 4847 1293 4899 1111115.
1312 4851 1410 4915 gastris
1429 4849 1512 4900 ll.-

194 4918 238 4969 eu.
257 4931 284 4968 re
301 4919 337 4968 ud
354 4919 481 4970 hominem
498 4933 525 4968 sa
542 4921 713 4969 neceunrr'um
728 4919 764 4968 bl.
786 4917 856 4968 Fort.
869 4919 936 4967 hom.
949 4916 998 4966 atos·
1010 4929 1065 4966 nac.
1085 4915 1137 4968 Οι.
1153 4941 1181 4954 -
1202 4917 1246 4968 so.
1265 4919 1367 4970 mltum
1379 4919 1424 4971 bl:
1443 4920 1516 4970 nullo

195 4987 233 5046 E,
252 5003 306 5038 ιιοιι
323 4995 360 5048 (ut
381 4989 439 5038 Lib.
461 4989 519 5038 llll.
540 5003 583 5052 ep.
603 4990 646 5038 21.
667 4986 695 5052 8.
716 4985 755 5050 3.)
782 4988 938 5038 Lambinus.
961 5009 990 5022 -
1028 4987 1072 5038 39.
1090 4989 1229 5049 polatinen
1247 4988 1284 5039 Μ.
1312 5015 1344 5024 -
1381 4990 1426 5042 dl.
1446 4993 1515 5054 optt-

193 5071 250 5108 ιιιιιι
268 5071 320 5107 rm
338 5059 382 5108 Μι
410 5073 461 5109 saus
479 5061 592 5122 optimus
610 5059 639 5110 li.
