3628 5876
605 438 677 500 Llll.
698 438 739 500 X.
781 439 840 502 ΕΡ.
861 439 893 500 9.
916 438 965 502 ld.
988 437 1038 500 ll.
1061 438 1111 500 lb.

671 597 724 660 rr.
767 593 817 679 (n.
842 597 875 662 o.
896 597 929 661 o.
950 593 1036 677 ut.)

627 637 832 807 (ennacos
855 709 1048 776 stennone
1071 637 1097 771 d

282 835 310 896 1.
332 829 527 895 lmmortales
547 849 607 914 ago
629 827 685 894 tibi
706 829 820 914 gratim
840 849 992 915 agamque
1014 827 1088 894 dum
1109 827 1227 908 vivam
1248 849 1320 895 nam
1341 831 1513 900 relaturum

197 945 248 990 me
268 925 426 990 allirmare
448 944 510 988 non
525 943 664 1008 possum.
708 922 812 989 Tantis
827 923 910 986 euim
925 923 986 987 tuis
1001 921 1110 987 ollieiis
1125 943 1189 987 non
1202 922 1315 989 videor
1328 933 1370 990 ml
1385 948 1515 1014 respon-

197 1018 273 1084 dere
302 1039 410 1106 posse3
446 1017 506 1082 nisi
535 1016 631 1091 sorte,
667 1023 702 1081 ut
722 1026 756 1082 tu
777 1016 959 1101 gravissime
987 1015 1252 1104 disertissimeque
1274 1018 1439 1104 scripsisti,
1472 1020 1539 1093 itas

197 1133 346 1178 sensurus
369 1133 419 1184 es,
441 1120 476 1176 ut
496 1131 546 1176 me
567 1109 688 1176 reierre
709 1111 840 1196 gratiam
862 1119 971 1197 putes,
994 1131 1065 1175 cum
1087 1113 1239 1176 memoria
1261 1113 1384 1179 tenebo.
1428 1114 1461 1179 Si
1476 1113 1515 1179 de

198 1207 253 1273 lilii
284 1205 329 1272 tui
362 1205 511 1290 dignitate
539 1213 621 1268 esset
647 1214 764 1279 actum,
801 1203 963 1269 amabilius
996 1213 1081 1270 certe
1113 1206 1189 1271 uibil
1219 1205 1322 1271 lacere
1349 1207 1515 1291 potuisses.

199 1299 321 1366 Psimae
350 1307 420 1364 tuae
450 1298 619 1364 sententiae
649 1297 777 1364 infinitis
805 1318 876 1362 cum
898 1296 1097 1374 muneribus,
1119 1300 1312 1386 posteriores
1334 1298 1372 1364 ad
1394 1309 1517 1388 tempus

198 1390 427 1479 arbitriumque
450 1393 622 1457 amicorum
643 1412 786 1458 meorum
809 1393 1021 1478 compositae,
1044 1393 1146 1458 oratio
1165 1393 1287 1458 assidua
1310 1403 1341 1460 et
1364 1405 1516 1482 perpetua

198 1488 238 1553 de
266 1508 336 1561 me,
370 1484 472 1572 iurgia
501 1507 572 1550 cum
601 1484 863 1552 obtrectatoribus
895 1495 1027 1573 propter
1049 1508 1100 1552 me
1133 1488 1293 1553 notissima
1325 1489 1401 1555 mibi
1431 1499 1515 1569 sunt;
1529 1522 1555 1560 m

198 1603 261 1646 non
285 1578 451 1645 mediocris
474 1577 647 1645 adhibenda
676 1579 753 1644 mibi
776 1589 823 1645 est
849 1601 942 1656 cura,
978 1589 1013 1646 ut
1033 1581 1081 1646 rei
1105 1579 1248 1668 publicae
1274 1604 1325 1648 me
1349 1584 1449 1649 civem
1471 1583 1518 1649 di·

198 1696 294 1760 gnum
323 1675 383 1740 tuis
407 1671 552 1739 laudibus
572 1683 749 1759 praestem,
773 1673 805 1739 in
826 1675 963 1740 amicitia
991 1684 1044 1740 tua
1067 1695 1238 1740 memorem
1261 1685 1353 1764 atque
1385 1685 1517 1762 gratum.

200 1768 295 1847 Quod
310 1768 466 1856 reliquum
482 1776 543 1842 est,
567 1775 654 1832 tuum
670 1789 784 1832 munus
798 1778 887 1833 tuere
902 1777 933 1833 et
948 1789 1012 1844 me,
1035 1768 1078 1842 si,
1097 1790 1191 1852 quem
1203 1789 1271 1833 esse
1283 1770 1422 1845 voluisti,
1445 1792 1518 1836 eum

199 1863 287 1929 exitu
310 1861 468 1950 rebusque
487 1861 666 1946 cognoscis,
701 1861 833 1926 deiende
862 1883 898 1927 ac
919 1867 1051 1948 suscipe.
1107 1865 1184 1928 Cum
1206 1862 1390 1928 Rhodanum
1411 1865 1518 1950 copias

199 1958 392 2023 traiecissem
415 1957 607 2040 fratremque
640 1975 711 2019 cum
733 1953 833 2020 tribus
855 1953 981 2021 milibus
1009 1956 1150 2042 equitum
1170 1957 1414 2042 praemisissem,
1450 1957 1518 2043 ipse
1531 1987 1556 2027 aa

200 2052 261 2118 iter
283 2049 322 2115 ad
340 2049 489 2116 Mutinam
508 2048 693 2133 dirigerem,
716 2049 748 2113 iu
769 2049 881 2114 itinere
900 2049 938 2114 de
962 2048 1085 2135 proelio
1110 2047 1189 2116 lacto
1215 2055 1374 2138 Brutoque
1400 2059 1432 2116 et
1450 2055 1519 2116 blu-

200 2146 265 2211 tina
293 2143 458 2209 obsidione
487 2141 626 2208 liberatis
655 2141 772 2207 audivi.
828 2142 1041 2209 Animadverti
1070 2142 1189 2209 nullum
1225 2145 1321 2209 alium
1357 2155 1519 2232 receptum

200 2239 369 2306 Antonium
390 2237 621 2324 reliquiasque,
658 2257 737 2322 quae
759 2258 830 2302 curn
855 2257 894 2302 eo
916 2247 1035 2311 essent,
1067 2236 1184 2302 babere
1207 2237 1266 2303 nisi
1294 2237 1327 2303 in
1352 2237 1400 2303 bis
1422 2237 1518 2324 parti-

200 2333 278 2406 bus,
301 2331 440 2418 duasque
461 2332 490 2396 ei
515 2352 586 2418 spes
609 2351 677 2395 esse
696 2331 887 2417 propositas,
909 2352 1003 2397 unam
1023 2331 1130 2418 Lepidi
1147 2331 1261 2418 ipsius,
1284 2331 1412 2397 alteram
1427 2352 1519 2396 exer-

201 2428 292 2492 citus.
350 2424 444 2503 Quod
465 2424 618 2512 quaedam
640 2445 713 2510 pars
731 2425 889 2490 exercitus
912 2447 974 2490 non
1000 2425 1102 2491 minus
1125 2425 1243 2491 luriosa
1265 2434 1327 2502 est,
1350 2449 1443 2514 quam
1464 2425 1559 2514 quim

201 2541 272 2586 cum
305 2519 441 2585 Antonio
471 2520 617 2592 luerunt,
654 2518 826 2606 equitatum
850 2519 1016 2598 revocavi;
1053 2519 1178 2606 ipsein
1204 2519 1425 2606 Allobrogibus
1446 2540 1521 2585 cou-

201 2613 282 2685 sciti,
304 2623 339 2679 ut
359 2611 493 2699 proinde
517 2611 678 2677 adomnia
698 2623 823 2699 paratus
844 2635 945 2678 essem
969 2635 1005 2678 ae
1025 2635 1077 2678 res
1101 2635 1153 2678 me
1168 2623 1320 2681 moneret
1363 2614 1396 2680 si
1418 2613 1520 2680 nudus

201 2707 263 2773 buc
285 2729 318 2773 se
339 2706 491 2772 Antonius
517 2705 654 2780 confert,
690 2706 780 2772 facile
804 2715 844 2772 ml
867 2706 978 2772 videor
1002 2727 1060 2793 per
1077 2728 1128 2772 me
1154 2707 1308 2773 sustinere
1327 2729 1420 2795 posse
1439 2729 1521 2772 rem·

202 2823 264 2889 que
295 2799 452 2887 publicam
485 2821 525 2865 ex
560 2812 664 2867 vestra
685 2801 835 2867 sententia
867 2801 1102 2877 administrare,
1138 2801 1280 2888 quamvis
1309 2800 1349 2866 ab
1378 2799 1520 2866 exercitu

202 2895 312 2981 Lepidi
335 2894 520 2980 recipiatur;
543 2893 662 2960 sivero
685 2896 848 2983 copiarum
867 2893 985 2982 aliquid
1009 2915 1114 2961 secum
1137 2895 1269 2961 adducet
1293 2895 1372 2961 etsi
1400 2892 1559 2961 decimam

202 2991 287 3075 legio
309 3000 469 3063 veterana,
493 3009 572 3075 quae
595 2999 701 3054 nostra
716 3011 813 3076 opera
830 2998 975 3054 revocata
994 3009 1065 3054 cum
1087 2983 1216 3076 r‘eliquis
1240 3000 1301 3062 est,
1324 2987 1365 3053 ad
1385 2986 1520 3052 eundem

203 3082 344 3149 sutorem
366 3081 512 3156 redierit,
546 3091 664 3156 minen,
698 3083 829 3170 nequid
848 3082 1028 3148 detrimenti
1050 3081 1118 3158 fiat,
1141 3081 1266 3148 dabitur
1288 3102 1384 3168 opera
1405 3102 1423 3146 a
1447 3100 1520 3152 me,

204 3175 299 3264 idque
321 3197 371 3240 me
393 3185 623 3263 praestaturum
647 3197 755 3262 spero,
779 3176 853 3242 dum
873 3175 964 3241 istinc
979 3176 1088 3263 copiae
1111 3176 1304 3241 traiieiantur
1324 3173 1522 3240 coniunctae·

204 3293 265 3358 que
299 3269 462 3335 nobiscum
493 3269 613 3335 lucilius
642 3269 781 3356 perditos
803 3269 989 3356 opprimant.
1047 3275 1078 3335 3.
1113 3273 1182 3334 Hoc
1202 3267 1259 3334 tibi
1281 3269 1441 3355 spondeo,
1478 3267 1522 3332 mi

205 3365 337 3439 Cicero,
359 3384 461 3451 neque
486 3363 624 3429 animum
646 3385 703 3429 nec
729 3363 922 3449 diligentiam
942 3361 1018 3428 mibi
1044 3363 1232 3428 defuturam.
1275 3365 1376 3450 Cupio
1400 3362 1559 3428 meber-ao

204 3459 290 3524 cules
312 3458 427 3522 nullam
452 3457 608 3522 residuam
630 3456 870 3523 sollicitudinem
890 3479 977 3534 esse;
1000 3457 1054 3522 sed
1077 3455 1236 3531 siluerit,
1260 3478 1317 3522 nec
1338 3457 1442 3522 animo
1465 3477 1523 3521 nec

204 3550 442 3618 benevolentiae
467 3571 523 3616 nec
548 3551 715 3638 patientiae
741 3552 923 3639 cuiusquam
949 3573 1009 3638 pro
1031 3551 1119 3618 vobis
1147 3550 1265 3617 cedam.
1323 3555 1370 3616 Do
1396 3548 1523 3637 quidem

205 3666 265 3731 ego
288 3666 432 3731 operam,
455 3655 489 3710 ut
510 3645 602 3710 etiam
624 3644 776 3729 Lepidum
795 3645 835 3712 ad
860 3646 953 3712 buius
975 3645 1022 3711 rei
1040 3645 1219 3711 societatem
1238 3645 1382 3719 incitem,
1405 3643 1525 3710 omnia·

207 3761 269 3826 que
291 3739 321 3803 ei
343 3738 491 3826 obsequia
508 3739 675 3824 polliceor.
698 3738 725 3804 si
747 3740 840 3806 modo
863 3761 930 3805 rem
950 3739 1105 3827 publicam
1129 3737 1287 3825 respicere
1313 3738 1405 3804 volet.
1449 3741 1524 3803 Utor·

205 3835 238 3899 iu
259 3832 317 3898 bac
338 3853 373 3897 re
395 3831 593 3898 adiutoribus
618 3832 905 3921 interpretibusque
935 3834 1031 3900 lretre
1050 3855 1123 3900 meo
1148 3843 1180 3899 et
1205 3837 1370 3898 Laterense
1395 3839 1426 3896 et
1447 3835 1561 3896 Furat

205 3927 259 3993 nio
282 3937 401 3992 nostro.
443 3931 512 3991 Nou
529 3947 579 3991 me
598 3927 769 4013 impedient
793 3929 932 4015 privatae
952 3928 1162 4004 offensiones,
1185 3950 1249 4015 quo
1275 3927 1376 3992 minus
1398 3947 1457 4012 pro
1475 3923 1523 3990 rei

205 4020 348 4108 publicae
370 4019 468 4085 salute
490 4021 585 4085 etiam
609 4042 680 4086 cum
699 4021 914 4089 inimicissimo
942 4022 1143 4089 consentiam.
1202 4022 1322 4100 Quodsi
1349 4020 1425 4087 nibil
1450 4038 1525 4106 pro-

205 4114 327 4190 fecero,
363 4113 564 4180 nibilominus
589 4115 727 4180 maximo
754 4136 822 4180 sum
854 4117 960 4182 animo
992 4125 1023 4181 et
1052 4115 1172 4181 maiore
1198 4114 1329 4181 fortasse
1355 4134 1427 4180 cum
1455 4131 1525 4177 mea

205 4209 307 4296 gloria
330 4206 419 4275 vobis
441 4207 638 4274 satisfaciam.
679 4214 739 4274 Fac
758 4208 860 4275 valeas
888 4231 1001 4298 meque
1018 4220 1128 4276 mutuo
1151 4209 1271 4294 diligas.

674 4352 744 4415 ru.
787 4349 836 4434 (n.
862 4354 894 4416 u
918 4354 950 4417 o.
972 4350 1058 4428 711.)
1534 4378 1564 4422 a

703 4464 845 4528 emeno
867 4465 1031 4530 eunuco

294 4590 321 4653 l.
343 4583 409 4652 Etsi
430 4584 478 4649 rei
500 4582 643 4670 publicae
664 4604 757 4650 causa
779 4583 914 4650 maxime
928 4585 1066 4670 gaudere
1087 4585 1189 4653 debeo
1204 4594 1322 4652 tantum
1343 4583 1373 4650 ei
1390 4593 1419 4648 te
1434 4603 1526 4670 prae·

206 4681 292 4756 sidii,
325 4690 445 4747 tantum
479 4678 549 4765 opis
580 4678 718 4744 attulisse
745 4679 896 4744 extremis
924 4699 1023 4765 paene
1052 4679 1262 4767 temporibus,
1298 4687 1401 4744 tamen
1430 4674 1526 4741 itate

276 4881 304 4930 4.
323 4881 361 4930 ml
378 4880 424 4930 bl:
455 4879 519 4928 mibi
539 4877 568 4927 ll.
594 4897 627 4912 -
662 4878 689 4928 9.
709 4880 798 4928 oratio
814 4879 922 4928 assiduo
939 4885 963 4930 et
986 4887 1114 4943 perpetuo
1138 4879 1169 4929 de
1187 4892 1240 4940 aas,
1263 4879 1353 4942 turpio
1369 4876 1417 4927 bl:
1436 4877 1524 4932 netto

208 4953 240 5001 ds
256 4964 297 5000 nse
314 4950 439 5005 widem
471 4955 495 4999 st
511 4949 744 5012 mesoptamia
764 4947 793 4997 li.
823 4973 853 4985 -
892 4951 934 4999 15.
954 4963 1010 5000 cum
1028 4952 1083 5000 trio
1099 4949 1184 4998 millio
1201 4949 1238 5000 Μ.
1258 4967 1291 4983 -·
1326 4948 1370 4997 Μ.
1390 4947 1526 4996 cantasset

209 5020 247 5072 Μ.
269 5043 300 5055 -
336 5020 381 5070 2⁶2.
400 5031 441 5072 rea
458 5031 498 5069 aaa
515 5025 630 5067 mmmm
648 5017 692 5068 ll:
720 5031 761 5068 m
777 5026 891 5070 moneret
911 5019 940 5070 li.
963 5043 993 5057 -
1028 5020 1074 5072 2³.
1093 5015 1151 5082 bue]
1169 5020 1216 5070 boc
1234 5017 1271 5068 Μ.
1293 5041 1321 5056 -
1359 5017 1460 5082 consen
1477 5016 1524 5070 tle

210 5092 322 5155 eonsmt
342 5089 371 5140 E.
393 5111 423 5126 ·-
459 5089 503 5140 ³5.
521 5089 605 5152 {ertio
623 5086 661 5140 Μ.
