3656 5868
740 419 890 486 mm.
934 419 1047 482 EM
1513 421 1556 486 ω

204 583 302 646 liam
322 578 356 644 id
377 587 426 646 est
446 578 584 644 maxine
598 577 631 644 in
645 577 708 644 tais
729 577 842 646 litteris
862 575 1078 645 irridendum:
1101 575 1179 664 quid
1200 577 1284 644 enirn
1302 587 1381 656 erat,
1402 579 1490 668 qnod
1505 599 1557 650 me

224 682 492 764 persequerentur
511 672 544 738 in
566 681 669 738 castra
691 677 868 740 Taurumve
890 671 1075 747 transirent,
1104 693 1176 738 cum
1198 693 1260 758 ego
1281 674 1435 742 Laodicea
1454 695 1557 764 usquo

225 769 266 835 ad
286 767 428 834 leonium
454 767 517 832 iter
538 766 582 832 ita
608 765 755 842 fecerim,
776 775 813 833 ut
836 787 887 832 me
908 765 1051 832 omnium
1079 767 1205 832 illarum
1232 768 1442 846 dioecesium,
1475 790 1557 857 quac

226 867 272 932 cis
293 871 433 930 Taurum
448 871 534 938 sunt,
557 860 762 949 omniumque
781 881 891 928 earum
913 861 1074 927 civitatum
1101 863 1301 948 magistratus
1322 863 1558 951 legationesque

226 958 453 1048 couvmirentt
484 962 514 1022 5.
536 955 602 1022 Nisi
627 957 710 1022 forto
741 965 851 1044 postea
880 966 1053 1041 coepenmt
1072 958 1178 1044 legare
1203 979 1298 1045 quam
1333 979 1393 1044 ego
1420 965 1583 1027 Taummr
1677 955 1703 1016 Ὗ

226 1063 443 1138 transgressam
462 1071 549 1130 snm3
582 1049 668 1136 quod
688 1059 774 1116 certe
797 1071 860 1116 non
881 1050 925 1116 ita
944 1060 1001 1116 est.
1059 1054 1137 1116 Cum
1158 1051 1241 1116 enim
1264 1051 1454 1129 laodiceae,
1487 1071 1559 1118 cum

226 1152 399 1234 Apameae,
432 1165 504 1210 cum
528 1141 697 1232 Synnadis,
719 1163 790 1208 cum
813 1145 1005 1221 Philomelii,
1034 1165 1107 1210 cum
1127 1145 1227 1211 lconii
1246 1167 1365 1224 essem,
1389 1145 1504 1234 quibus
1525 1146 1559 1212 in

228 1240 354 1328 oppidis
376 1237 522 1305 omuibus
547 1247 760 1304 commoratus
782 1259 871 1314 snm,
908 1259 1017 1305 omnes
1037 1239 1102 1303 iam
1125 1238 1215 1304 istius
1238 1241 1363 1326 generis
1386 1240 1559 1326 legationes

228 1345 319 1400 erant
341 1331 537 1399 constitutae.
593 1336 697 1420 Atque
722 1331 782 1398 hoc
807 1341 911 1398 tamen
942 1343 972 1398 te
996 1333 1078 1398 scire
1104 1333 1178 1399 volo
1204 1354 1256 1398 me
1282 1332 1322 1399 de
1346 1333 1408 1399 isto
1432 1342 1559 1420 sumptu

227 1429 420 1516 legationum
434 1434 488 1491 ant
510 1425 681 1492 minuendo
701 1435 755 1491 ani
769 1425 959 1492 remittendo
981 1426 1159 1493 decreuisse
1182 1427 1260 1494 nihil
1273 1428 1340 1493 ‘uisi
1361 1428 1448 1514 quod
1471 1427 1598 1515 prin-ac

228 1523 315 1610 cipes
329 1519 490 1586 civitatum
513 1539 601 1584 ame
615 1519 840 1606 postulassent,
863 1541 903 1586 ne
923 1520 956 1586 iu
978 1521 1192 1586 venditionem
1213 1520 1405 1588 tributorum
1426 1530 1458 1586 et
1474 1521 1559 1586 illam

228 1614 464 1682 acerbissimam
486 1613 699 1688 exactionem,
722 1633 816 1702 quam
831 1621 866 1679 tu
884 1635 949 1680 non
971 1615 1115 1700 ignoras,
1138 1615 1275 1701 capitum
1296 1623 1390 1703 atque
1404 1616 1560 1682 ostiorum

229 1710 455 1776 inducerentur
474 1718 616 1795 sumptus
634 1707 762 1774 minime
784 1708 964 1773 necessarii.
1006 1712 1075 1794 Ego
1093 1718 1218 1784 autem,
1240 1729 1312 1776 curn
1330 1709 1392 1775 boc
1406 1709 1561 1796 srmcepis-

229 1827 313 1880 sem,
349 1824 414 1870 non
440 1802 543 1870 solum
564 1801 683 1868 iustitia
708 1801 764 1868 sed
792 1803 885 1868 etiam
914 1802 1132 1868 misericordia
1158 1802 1329 1879 adductus,
1365 1813 1400 1869 ni
1420 1805 1560 1871 levarem

231 1898 367 1965 miseriis
384 1897 522 1984 perditas
540 1896 681 1962 civitates
700 1906 732 1962 et
756 1896 895 1981 perditas
915 1895 1051 1962 maxime
1075 1917 1134 1984 per
1154 1896 1353 1982 magistratus
1380 1919 1473 1972 snos,
1496 1917 1600 1963 nonu

231 1994 321 2082 potui
348 1991 381 2058 iu
408 1991 463 2056 illo
491 1999 618 2076 sumptu
642 2012 705 2058 non
729 1991 907 2056 necessario
930 1989 1092 2076 negligens
1114 2011 1194 2056 esse.
1238 1995 1300 2065 Tu,
1336 1991 1363 2056 si
1384 1991 1561 2058 istiusmodi

231 2105 394 2154 sermones
416 2083 456 2149 ad
484 2093 515 2148 te
541 2083 635 2149 delati
659 2083 698 2150 dc
724 2105 774 2150 me
795 2092 887 2160 suut,
908 2105 973 2150 uon
996 2082 1132 2148 debuisti
1154 2082 1301 2162 credere;
1324 2084 1350 2150 si
1374 2095 1478 2152 autem
1501 2083 1563 2150 boc

232 2201 348 2266 genere
373 2177 555 2252 delectaris,
586 2186 641 2253 ut,
677 2199 758 2266 quae
790 2177 848 2244 tibi
881 2177 914 2243 in
951 2185 1087 2242 mentem
1124 2177 1265 2254 veniant,
1299 2177 1369 2243 aliis
1391 2176 1561 2252 attribuas,

232 2295 330 2362 genus
352 2271 508 2339 sermonis
532 2270 654 2337 inducis
675 2270 708 2336 in
730 2272 898 2340 amicitiam
916 2272 1044 2337 minime
1064 2270 1204 2338 liberale.
1261 2275 1346 2358 ligo,
1380 2271 1408 2338 si
1433 2271 1467 2337 in
1487 2292 1564 2358 pro-

232 2368 334 2435 vincia
357 2366 396 2435 de
420 2375 474 2433 tua
491 2366 574 2431 sama
596 2363 762 2432 detrahere
786 2387 923 2453 unquam
945 2365 1147 2452 cogitassem,
1170 2386 1234 2430 non
1256 2365 1279 2446 †
1301 2385 1454 2450 generum
1473 2374 1601 2430 tuumso

232 2459 381 2528 libertum
396 2459 554 2526 Brundisii
569 2481 670 2548 neque
685 2459 725 2526 ad
742 2459 937 2547 praelectum
955 2458 1080 2526 labrrim
1101 2463 1273 2548 Corcyrae,
1296 2481 1391 2546 quem
1409 2458 1562 2526 inlocum

232 2577 283 2621 me
304 2555 412 2622 venire
434 2554 546 2630 velles,
569 2555 770 2621 rettulissem.
814 2558 921 2633 Quare
935 2561 1025 2640 potes
1046 2551 1236 2620 doctissimis
1251 2552 1430 2620 hominibus
1455 2563 1565 2618 auoto-

232 2650 342 2728 ribus,
379 2651 516 2738 quorum
538 2659 611 2715 sum
636 2648 675 2717 de
704 2647 841 2716 amicitia
873 2647 1012 2735 gerenda
1042 2645 1294 2734 praeclarissime
1326 2647 1436 2734 scripti
1468 2645 1563 2724 libri,

233 2767 332 2832 genus
354 2743 415 2810 hoc
436 2752 535 2809 totum
557 2742 710 2810 orationis
727 2743 852 2810 tollere:
877 2739 1123 2828 „disputabant;
1146 2762 1206 2828 ego
1229 2750 1338 2806 oontm
1353 2739 1562 2807 disserebam:

234 2837 395 2916 dicebant;
432 2858 492 2924 ego
520 2835 701 2923 negabam.”
744 2841 774 2903 6.
796 2840 843 2902 hu
871 2833 949 2900 mihi
975 2833 1014 2900 de
1037 2845 1067 2901 te
1094 2834 1171 2900 nihil
1192 2855 1261 2900 esse
1283 2833 1402 2899 dictum
1424 2853 1602 2921 unquamne

233 2939 347 3020 putas?
384 2953 423 2997 ue
454 2931 515 2998 hoc
541 2931 688 3020 quidem,
722 2929 824 3018 quod,
862 2951 934 2994 cum
964 2951 1013 2993 me
1040 2929 1226 2995 Laodiceam
1255 2927 1364 2994 venire
1392 2925 1563 3002 voluisses,

234 3031 373 3094 'laumm
394 3027 461 3113 ipse
479 3026 640 3091 transisti?
662 3024 749 3115 qnod
768 3023 880 3091 iisdem
894 3021 1006 3088 diebus
1021 3042 1110 3088 meus
1124 3027 1296 3087 conventus
1312 3027 1379 3084 erat
1398 3023 1564 3104 Apameae,

236 3121 405 3212 Synnadis,
438 3119 632 3196 Philomelii,
662 3129 734 3186 tuus
770 3117 885 3186 Tarsi?
927 3121 997 3183 Non
1026 3114 1128 3180 dimm
1155 3115 1261 3201 plura,
1293 3134 1353 3188 ne,
1385 3112 1418 3176 iu
1443 3133 1508 3200 quo
1534 3119 1565 3175 te

235 3215 419 3300 obiurgem,
441 3213 474 3280 id
497 3214 600 3300 ipsum
621 3213 730 3280 videar
750 3211 878 3278 imitari.
921 3209 1002 3276 lllud
1025 3209 1126 3275 dicam
1144 3217 1179 3274 ut
1198 3207 1314 3273 sentio:
1337 3205 1364 3271 si
1385 3205 1461 3280 ista,
1484 3225 1565 3290 quae

235 3309 315 3376 alios
334 3308 424 3397 loqui
447 3307 536 3382 dicis,
558 3308 626 3396 ipse
648 3307 754 3384 sentis,
777 3314 830 3372 tua
851 3325 973 3370 summa
993 3304 1084 3390 culpa
1100 3310 1163 3382 est;
1187 3302 1236 3367 sin
1255 3307 1361 3366 autem
1382 3297 1436 3365 alii
1460 3307 1605 3364 tecumso

235 3403 314 3470 haec
330 3403 519 3491 loquuntur,
542 3412 594 3468 tua
615 3412 738 3476 mmen,
761 3397 847 3488 quod
867 3397 977 3474 audis,
999 3395 1090 3484 culpa
1112 3394 1260 3461 nonnulla
1290 3401 1347 3459 est
1389 3396 1460 3458 hlca
1482 3389 1566 3456 ratio

236 3498 357 3564 inlota
380 3495 645 3562 amicitianostra
671 3503 817 3561 constans
838 3501 869 3557 et
894 3489 1000 3579 gravis
1027 3489 1217 3578 reperietur.
1262 3485 1357 3566 Quod
1378 3487 1406 3553 si
1433 3485 1488 3575 qui
1515 3506 1566 3551 me

235 3591 422 3660 astutiorem
439 3589 544 3675 lingit,
566 3589 643 3677 quiid
664 3596 849 3677 potestesse
870 3585 1013 3652 callidius
1031 3605 1144 3672 quam,
1167 3605 1239 3650 cum
1259 3591 1288 3648 te
1306 3579 1467 3646 absentem
1486 3600 1569 3645 sem·

236 3707 297 3774 per
314 3684 527 3760 defenderim,
563 3705 634 3749 cum
654 3680 839 3770 praesertim
859 3679 936 3746 mihi
956 3701 1017 3746 usu
1041 3687 1210 3745 venturum
1233 3697 1296 3743 uon
1318 3674 1510 3750 arbitrarer,
1532 3681 1568 3738 ut

238 3801 299 3867 ego
316 3799 479 3868 qnoqnea
504 3786 534 3844 te
551 3775 664 3843 absens
685 3773 898 3842 defendendus
920 3794 1040 3850 essem,
1062 3793 1145 3840 auno
1166 3769 1362 3838 committere
1384 3775 1513 3845 me,·ut
1533 3775 1605 3836 tuas

237 3875 308 3942 inre
330 3874 450 3962 optimo
470 3893 522 3940 mc
541 3869 703 3938 absentem
721 3869 869 3936 deseram
890 3873 1022 3955 posses?
1066 3871 1096 3932 7.
1119 3871 1220 3933 Unum
1239 3884 1338 3950 genus
1360 3860 1486 3947 excipio
1501 3880 1568 3926 ser

238 3967 365 4044 monis,
384 3967 417 4032 in
440 3988 504 4054 quo
528 3984 680 4054 persaepe
706 3961 825 4049 aliquid
843 3961 971 4039 dicitur,
993 3960 1080 4050 quod
1102 3969 1139 4026 te>
1152 3970 1260 4047 putem
1287 3979 1351 4022 non
1372 3953 1456 4021 nolle
1488 3953 1568 4032 dioi3

239 4062 267 4127 si
289 4069 342 4126 aut
362 4059 538 4144 legatorum
564 4067 692 4124 tuorum
712 4056 849 4144 cuipiam
874 4065 928 4121 aut
948 4055 1178 4142 praefectorum
1202 4062 1256 4119 aut
1279 4050 1481 4117 tribunorum
1502 4046 1568 4114 mil.

240 4153 478 4220 maledicitur:
513 4153 598 4241 quod
624 4162 728 4217 mmen
750 4151 855 4237 ipsum
875 4170 939 4214 nou
970 4148 1149 4214 mehercule
1173 4145 1274 4212 adhuc
1295 4142 1408 4210 accidit
1435 4162 1485 4206 me
1514 4161 1570 4204 au-

240 4247 365 4322 diente,
402 4257 437 4313 ut
458 4256 512 4313 aui
532 4246 660 4333 gravius
683 4244 843 4310 diceretur
865 4253 920 4308 aut
943 4243 976 4307 in
996 4241 1121 4329 plures,
1144 4261 1237 4328 quam
1262 4258 1386 4303 mecum
1411 4237 1607 4322 Corcyraeos

241 4329 1566 4367 ---------—---—-—---—-----·-

311 4403 338 4454 l.
368 4403 506 4453 ridemien
524 4401 672 4453 Manutius.
700 4423 735 4432 —
770 4397 798 4448 6.
817 4398 977 4448 docendum
993 4395 1033 4446 u.
1060 4419 1089 4432 -
1127 4393 1155 4444 6.
1181 4403 1347 4454 mpcmeoe
1373 4401 1431 4438 mm
1447 4385 1570 4450 mund&

239 4473 279 4526 l·
312 4495 342 4508 -
361 4473 389 4524 ’1.
410 4471 556 4522 Philomelii
573 4470 712 4522 Orellinsa
732 4468 868 4518 Philomeli
885 4466 945 4518 ΜΕ.
966 4491 998 4502 -
1030 4466 1074 4518 11.
1093 4479 1112 4514 o
1129 4459 1179 4526 mel
1198 4476 1275 4512 moue
1291 4460 1338 4521 lll,
1356 4459 1471 4510 mamare
1488 4454 1568 4505 liert.

240 4543 307 4606 Lag.
340 4565 370 4578 -
407 4541 451 4593 16.
472 4541 528 4603 Tu,
552 4539 732 4591 storetttnrs
764 4545 794 4588 tu
811 4537 857 4599 hl,
885 4544 915 4588 tu
932 4550 990 4586 cum
1008 4535 1040 4586 ll.
1077 4533 1267 4586 coniecturam
1286 4527 1457 4590 confirmarit
1475 4531 1569 4589 postea

240 4611 385 4664 Bentlrolii
403 4611 470 4662 cod.
500 4611 554 4661 zei.
583 4611 613 4661 li.
653 4635 672 4645 -
713 4609 770 4659 sos
787 4609 819 4658 de
849 4614 896 4656 tuo
912 4608 988 4671 [omo
1005 4605 1141 4655 detrohm
1158 4603 1201 4654 hl:
1230 4599 1365 4650 detrahere
1381 4599 1413 4648 de
1431 4604 1478 4646 tuo
1495 4595 1570 4659 somn

240 4683 272 4735 lt.
293 4706 325 4719 -
360 4695 415 4732 con
439 4695 561 4748 omousi
587 4687 661 4731 tuum
687 4679 809 4728 metum
834 4677 970 4728 Pmndisii
997 4675 1042 4728 lis
1068 4689 1124 4725 nou
1147 4675 1184 4724 ed
1200 4683 1322 4738 generum
1341 4677 1415 4719 tmen
1432 4665 1570 4716 mulum

240 4736 1571 4818 mmcdlidertumtuumllmdttiiB,uonodgeuerummmltomoeneguendlibertaen

241 4823 379 4875 ennoias
398 4823 454 4879 Vh,
472 4835 528 4872 non
544 4821 581 4872 cd
598 4831 720 4887 umerum
738 4824 810 4868 tuum
839 4817 1045 4882 Tarentinaeque
1062 4815 1080 4866 i.
1101 4821 1122 4865 t.
1141 4812 1278 4865 limndirii
1296 4809 1442 4872 ltengelins
1461 4817 1571 4856 rursus·

241 4907 294 4958 que
312 4893 488 4954 Borgheeios.
509 4915 539 4929 -
576 4890 622 4941 66.
641 4891 694 4939 εἰπε
713 4887 829 4939 urnesttt
848 4899 958 4952 operae.
979 4909 1011 4921 -
1047 4885 1093 4935 66.
1113 4881 1162 4948 me]
1181 4895 1266 4932 msam
1284 4879 1322 4931 bl.
1346 4903 1372 4914 -
1405 4877 1450 4930 28.
1469 4876 1572 4940 syden-

241 4963 292 5014 doe
309 4964 347 5015 ll.
371 4985 400 4998 -·
419 4963 464 5013 ³5.
482 4975 500 5012 o
518 4967 543 5011 te
561 4960 653 5012 obrem
669 4958 716 5009 hl:
736 4957 827 5008 ebreus
845 4973 863 5008 o
881 4964 905 5007 te
924 4955 955 5006 Ε.
977 4981 1005 4992 -
1026 4957 1242 5006 committerem
1260 4950 1411 5014 Apparatus
1430 4946 1569 5008 Bengelilr

241 5034 428 5083 committemus
450 5031 510 5083 ΜΒ.
540 5053 571 5066 -
608 5029 654 5081 ³7.
672 5042 727 5080 nco
744 5026 813 5078 code
832 5027 997 5078 Lambinus:
1025 5025 1095 5076 cotie
1112 5024 1172 5077 llll.
1202 5045 1233 5060 -
1270 5021 1316 5072 66.
1334 5021 1453 5086 quipiam
1470 5018 1509 5070 iil·
1539 5037 1570 5053 -

243 5103 286 5155 to.
306 5105 334 5153 iu
351 5099 452 5166 plures]
471 5103 601 5166 impurius
623 5100 654 5152 B.
