3662 5908
441 427 516 490 LIB.
538 427 620 492 xlv.
663 427 721 492 ΕΡ.
742 427 774 492 8.
796 425 827 490 9.
851 428 908 490 10.’
924 427 973 490 11.
998 425 1046 488 IS.
1070 427 1120 490 ta.
1145 426 1193 488 11.
1218 425 1266 488 15.
1451 425 1509 496 att

187 585 380 671 ceperimus,
403 582 490 670 quod
510 604 574 649 non
595 581 684 650 lacile
706 583 864 670 explicare
885 583 1052 668 possimus.
1096 583 1218 660 Quare,
1241 591 1390 669 quantum
1411 591 1513 668 potes,

188 679 310 745 adiuva.
354 677 438 757 Quid
459 687 563 742 autem
585 678 702 764 possis,
736 676 813 742 mibi
833 677 866 741 in
889 686 1024 742 mentem
1046 695 1109 741 non
1131 675 1223 745 venit.
1265 681 1301 741 In
1323 673 1405 739 viam
1427 675 1513 762 qnod

188 771 295 838 tedes
318 772 377 837 boc
397 781 557 857 tempore,
580 770 657 836 nihil
678 779 741 836 est:
770 779 802 835 et
816 770 944 854 longum
966 778 1013 835 est
1035 769 1095 834 iter
1118 779 1149 836 et
1169 791 1234 834 non
1255 778 1371 844 tutnm;
1396 777 1428 833 et
1449 789 1513 834 non

189 864 300 940 rideo,
327 866 403 952 qnid
435 865 584 950 prodesse
612 865 734 951 possis,
770 869 796 931 si
819 863 953 931 veneris.
1009 864 1095 931 Vale.
1150 868 1187 928 1).
1217 862 1298 950 prid.
1326 867 1429 927 Nonas
1452 867 1512 927 No-

190 958 311 1024 vembr.
333 958 510 1024 Brundisio.
1523 976 1537 1013 ³

652 1101 739 1164 arn.
783 1097 831 1182 (A.
858 1101 890 1164 1.
913 1100 946 1163 c.
969 1095 1055 1182 ror.)

526 1223 689 1286 TULLIUS
711 1223 743 1285 S.
764 1223 802 1284 D.
824 1223 1046 1285 TERENTIAE
1070 1223 1178 1285 SUAE.
1598 1234 1678 1316 pff.

273 1333 366 1413 Quod
389 1332 498 1418 scripsi
520 1331 558 1396 ad
581 1340 611 1396 te
640 1331 793 1419 proximis
814 1331 925 1397 litteris
947 1331 986 1398 de
1007 1337 1117 1398 nuntio
1138 1332 1345 1407 remittendo,
1358 1343 1456 1426 (qliae
1475 1334 1515 1418 sit
1537 1347 1546 1379 ¹
1564 1335 1675 1416 effla

189 1428 277 1493 istius
299 1427 346 1492 vis
368 1427 428 1492 boc
456 1436 597 1510 tempore
627 1435 760 1516 atquae
789 1425 955 1491 concitatio
977 1425 1201 1516 multitudinis)
1224 1425 1348 1512 ignoro.
1393 1429 1427 1492 Si
1449 1449 1514 1492 me-
1540 1428 1546 1467 ”

189 1520 322 1587 tuendus
344 1526 441 1586 iratus
462 1529 524 1595 est,
561 1511 724 1607 quiesces}
756 1529 858 1585 tamen
889 1518 928 1584 ab
957 1519 1012 1585 illo
1041 1518 1174 1585 fortasse
1202 1529 1360 1586 nascetur.
1401 1527 1512 1588 Totum
1526 1537 1550 1578 ιο

187 1615 355 1690 iudicabis,
378 1615 469 1702 quale
490 1613 545 1693 sit;
568 1623 600 1678 et
620 1613 705 1701 quod
726 1613 760 1678 in
780 1613 965 1679 miserrimis
986 1612 1083 1680 rebus
1104 1614 1232 1678 minime
1253 1619 1404 1681 miserum
1426 1625 1514 1701 puta·

188 1710 253 1784 bis,
275 1709 308 1775 id
329 1709 434 1774 iacies.
476 1709 563 1773 Vale.
605 1727 653 1773 vr.
675 1706 750 1773 Idus
773 1707 923 1785 Quinctil.

649 1850 731 1913 XIV.
776 1847 829 1928 (A.
855 1849 888 1913 U.
912 1850 944 1913 C.
967 1850 1058 1928 705.)

188 1974 349 2038 TULLIUS
378 1953 599 2036 TERENTIAE
626 1973 677 2035 ET
709 1973 836 2035 PATER
865 1972 1048 2043 TULLIAE,
1083 1972 1234 2034 DUABUS
1256 1974 1390 2037 ANIMIS
1414 1975 1512 2038 SUIS:

251 2070 302 2132 ET
324 2065 466 2132 CIUERO
488 2068 613 2129 MATRI
636 2067 828 2138 OPTIMAE,
851 2065 1109 2128 SUAVISSIMAE
1131 2064 1279 2128 SORORI
1303 2067 1334 2129 S.
1356 2070 1389 2130 P.
1413 2071 1450 2132 D,
1525 2081 1549 2118 rs

275 2182 303 2243 l.
332 2177 366 2242 Si
394 2197 452 2242 vos
480 2174 605 2251 valetis,
638 2196 696 2240 nos
718 2175 869 2240 valemus.
912 2180 1057 2241 Vestrum
1080 2174 1143 2239 iam
1164 2175 1330 2242 consilinm
1352 2186 1413 2253 est,
1451 2199 1513 2244 non

188 2273 290 2338 solnm
311 2291 436 2344 meum,
473 2267 550 2355 quid
571 2273 611 2335 sit
631 2268 722 2335 vobis
744 2268 931 2335 laciendum.
990 2268 1022 2333 Si
1049 2268 1102 2334 ille
1124 2274 1255 2334 Romam
1276 2271 1417 2337 modeste
1439 2293 1513 2336 ven·

188 2376 277 2433 turus
307 2375 369 2440 est,
398 2372 484 2430 recte
511 2362 544 2427 in
576 2363 751 2448 praesentia
778 2361 865 2428 domi
886 2382 954 2428 esse
975 2367 1123 2449 potestis;
1153 2362 1200 2428 sin
1223 2363 1318 2429 bomo
1340 2385 1447 2430 amens
1468 2364 1515 2430 di-

187 2458 360 2547 ripiendam
382 2457 494 2524 urbem
516 2456 645 2522 daturus
666 2465 726 2532 est,
751 2477 883 2530 vereor,
905 2464 941 2521 ut
961 2455 1121 2522 Dolabella
1143 2457 1210 2544 ipse
1232 2457 1306 2524 satis
1328 2457 1418 2524 nobis
1441 2480 1515 2545 pro-

188 2553 278 2620 desse
301 2553 407 2640 possit.
449 2552 551 2617 Etiam
574 2550 651 2616 illud
666 2560 794 2626 metuo,
816 2571 855 2616 ne
877 2549 939 2614 iam
960 2549 1222 2626 intercludamus,
1244 2563 1296 2627 ut,
1319 2573 1390 2618 cum
1412 2554 1554 2621 velitisne

187 2649 287 2723 exire,
308 2669 372 2712 non
393 2647 493 2712 liceat.
525 2645 689 2732 Reliquum
711 2655 772 2720 est,
795 2644 879 2731 quod
901 2643 988 2729 ipsae
1009 2644 1126 2730 optime
1140 2644 1395 2720 considerabitis,
1419 2647 1515 2712 vestri

189 2741 308 2807 similes
340 2739 473 2805 lemicae
502 2739 604 2804 sintne
633 2744 760 2804 Romae.
818 2738 851 2804 si
873 2738 956 2803 enim
978 2757 1041 2802 non
1063 2747 1153 2812 sunt,
1191 2738 1361 2804 ridendum
1388 2748 1450 2813 est,
1480 2749 1515 2804 11

189 2835 318 2901 honeste
340 2855 397 2900 vos
426 2855 495 2898 esse
517 2831 654 2920 possitis.
713 2829 881 2909 Quomodo
903 2829 1030 2917 quidem
1052 2853 1134 2897 nunc
1156 2853 1189 2896 se
1211 2852 1263 2896 res
1286 2831 1395 2906 babet,
1418 2831 1514 2897 modo

189 2936 223 2993 nt
245 2928 322 2993 baec
353 2925 443 2991 nobis
476 2927 544 2991 loca
573 2935 681 2990 tenere
708 2925 814 2998 liceat,
851 2922 1020 2990 bellissime
1053 2925 1103 2990 vel
1126 2946 1248 2990 mecum
1270 2927 1321 2991 vel
1343 2926 1375 2990 in
1397 2928 1513 2991 nostris

188 3021 325 3108 praediis
352 3040 421 3085 esse
449 3019 602 3106 poteritis.
657 3017 758 3083 Etiam
786 3016 864 3083 illud
885 3016 1057 3083 verendum
1086 3028 1147 3092 est,
1179 3039 1219 3082 ne
1252 3017 1341 3083 brevi
1373 3028 1552 3104 temporeas

188 3114 285 3180 sames
307 3114 339 3178 in
360 3112 440 3179 urbe
463 3112 511 3178 sit.
555 3117 585 3178 2.
607 3113 663 3176 His
685 3111 841 3177 derebus
862 3112 955 3176 velim
977 3132 1047 3176 cum
1067 3113 1259 3199 Pomponio,
1282 3133 1352 3176 cum
1375 3111 1513 3182 Camillo,

188 3229 259 3273 oum
292 3206 406 3294 quibus
438 3205 528 3272 vobis
556 3203 732 3279 videbitur,
769 3204 984 3270 consideretis.
1040 3204 1089 3270 Ad
1110 3226 1283 3280 summam,
1312 3210 1417 3270 animo
1440 3204 1515 3269 lorti

188 3302 266 3367 sitis.
308 3299 465 3366 Labienus
486 3321 555 3365 rem
577 3299 740 3364 meliorem
762 3298 846 3363 fecit.
888 3297 1023 3364 Adiuvat
1045 3298 1138 3363 etiam
1161 3298 1250 3373 Piso,
1273 3297 1359 3386 quod
1380 3297 1420 3363 ab
1434 3297 1514 3364 urbo

189 3394 321 3460 discedit
352 3404 384 3459 et
419 3393 546 3460 sceleris
575 3391 761 3458 condemnat
787 3412 939 3478 generum
961 3412 1063 3457 suum.
1106 3395 1189 3466 Vos,
1226 3413 1313 3457 meae
1334 3391 1514 3457 carissimae

188 3489 329 3564 animae,
360 3510 454 3576 quam
484 3487 663 3574 saepissime
696 3485 735 3552 ad
767 3507 817 3551 me
849 3485 996 3560 scribite,
1033 3496 1064 3551 et
1092 3504 1148 3551 vos
1170 3485 1246 3572 quid
1267 3486 1364 3572 agatis
1386 3494 1417 3550 et
1439 3485 1514 3571 quid
1525 3514 1551 3551 sn
1650 3555 1657 3572 κ

187 3583 257 3648 istic
289 3593 410 3668 agatur.
448 3579 603 3672 (Quintus
629 3590 719 3669 pater
757 3589 788 3645 et
816 3579 898 3645 lilius
930 3588 962 3644 et
996 3577 1096 3644 Rufus
1126 3578 1217 3645 vobis
1244 3581 1372 3645 salutem
1396 3571 1532 3674 dicunt.)
1580 3583 1673 3670 „tw

187 3677 306 3743 valete.
349 3695 426 3742 vrri.
448 3675 577 3740 Kalend.
601 3673 746 3752 Quinctil.
767 3672 943 3740 Mintnmis.

659 3819 723 3880 XV.
767 3815 820 3895 (A.
846 3817 879 3880 U.
901 3816 934 3880 C.
957 3815 1046 3894 707.)

580 3939 744 4002 TULLIUS
766 3939 798 4001 S.
819 3941 857 4001 1).
879 3938 1110 4000 TERENTIAE.

274 4050 308 4116 Si
338 4049 437 4123 vales,
470 4047 551 4113 bene
583 4055 640 4113 est.
684 4048 965 4122 Constitueramus,
992 4055 1027 4111 ut
1057 4044 1096 4110 ad
1126 4053 1156 4110 te
1189 4054 1279 4110 antea
1308 4046 1551 4133 scripseram„

188 4143 315 4210 obviam
347 4143 530 4210 Ciceronem
553 4141 678 4207 Caesari
699 4140 842 4218 mittere;
878 4140 933 4208 sed
955 4139 1142 4206 mutavimus
1163 4139 1345 4213 consilinm,
1380 4140 1514 4227 quiade

188 4238 271 4304 iUius
292 4237 427 4303 adventu
450 4236 525 4302 nibil
558 4234 773 4301 audiebamus.
815 4239 862 4298 De
883 4234 995 4299 ceteris
1017 4231 1129 4307 rebus,
1154 4232 1213 4298 etsi
1235 4232 1312 4297 nibil
1335 4243 1402 4298 erat
1423 4234 1515 4306 nori,

108 4375 112 4382 -
188 4341 311 4405 umen,
333 4329 409 4418 quid
432 4329 564 4394 velimus
593 4327 720 4416 etquid
742 4328 803 4393 boc
823 4335 966 4414 tempore
987 4335 1133 4412 putemus
1155 4346 1235 4412 opus
1257 4347 1343 4401 esse,
1366 4349 1407 4392 ex
1430 4326 1516 4391 Sicca

188 4423 306 4512 poteris
334 4443 536 4509 cognoscere.
594 4421 726 4488 Tulliam
753 4419 854 4486 adhuc
886 4440 1008 4485 mecum
1036 4427 1137 4484 teneo.
1193 4419 1410 4486 Valetudinem
1430 4427 1516 4483 tuam

188 4537 265 4582 carra
286 4516 463 4604 diligenter.
505 4515 592 4584 Vale.
635 4535 700 4581 xrr.
722 4513 875 4580 Kalendas
898 4513 1046 4592 Quinctil.
1525 4550 1552 4592 ,0

259 4745 303 4795 10.
321 4745 431 4810 poinces
447 4752 534 4794 tomen
551 4742 597 4793 n:
616 4743 686 4806 qum
704 4750 793 4794 tomen
811 4741 842 4793 lt.
861 4742 935 4793 Fort.
953 4743 1083 4806 pumma:
1101 4747 1252 4791 esttamen.
1272 4740 1324 4792 0u.
1340 4765 1370 4776 -
1390 4740 1432 4790 ts.
1456 4741 1518 4790 Tot-

189 4814 240 4864 ttos
256 4814 305 4866 ida
335 4814 462 4864 Iistttotoe
486 4813 569 4864 11.-
606 4812 650 4862 18.
670 4819 707 4863 ost
734 4825 789 4862 om.
810 4811 847 4862 II.
867 4837 901 4847 -
936 4811 981 4862 10.
1001 4811 1214 4862 intercludomtnt
1231 4811 1327 4861 breed.
1346 4813 1466 4874 quintus.
1483 4837 1513 4848 -

188 4885 235 5004 ἢ,
251 4885 286 5005 τε
301 4883 421 4935 1111111.
443 4909 471 4922 -
509 4883 648 4934 2111111
665 4881 854 4934 1111111111.
876 4905 904 4918 -
936 4881 982 4933 35.
1001 4878 1049 4944 art]
1068 4889 1123 4932 est:
1142 4896 1189 4948 epo
1206 4882 1308 4946 quidem
1326 4881 1400 4930 outae
1417 4881 1515 4932 Drssd.

190 4967 310 5019 onnus.
