3662 5892
731 435 802 496 le.
825 435 848 496 l.
893 435 949 496 ΕΡ.
975 433 1022 496 16.
1472 433 1532 495 769

217 615 348 684 prorsus
368 613 443 680 prae
465 603 497 658 te
517 591 600 658 seras
622 613 684 658 non
706 590 857 658 sublatam
879 589 1121 657 dominationem
1144 590 1198 656 sed
1213 591 1373 658 dominum
1396 613 1534 660 commu-

218 701 315 758 tatum
339 709 417 754 esse.
461 685 564 755 Verba
591 697 643 752 tua
664 703 870 771 recognosce,
900 695 932 750 et
957 685 1036 750 aude
1065 705 1179 770 negare
1200 686 1364 754 servientis
1385 686 1534 750 adversus

218 803 325 870 regem
346 782 421 846 istas
442 801 510 846 esse
532 801 651 868 preces.
696 785 795 848 Unum
816 780 862 846 ais
884 800 968 855 esse,
997 779 1082 866 quod
1110 777 1149 843 ab
1172 801 1211 844 eo
1231 780 1407 866 postuletur
1429 789 1459 844 et
1480 801 1534 844 er-

219 883 390 965 spectctur:
419 884 455 940 ut
476 896 531 940 eos
552 876 652 950 cives,
682 873 857 962 dequibus
879 874 939 939 viri
961 871 1034 939 boni
1059 873 1255 960 populusque
1277 879 1433 938 Romanus
1455 873 1535 938 benc

218 971 389 1042 existimet,
418 967 520 1035 salvos
548 970 632 1035 velit.
683 968 781 1046 Quid,
814 968 839 1033 si
869 968 960 1041 nolit,
989 989 1051 1033 non
1080 968 1218 1034 erimus‘t
1254 973 1347 1055 Atqui
1376 989 1441 1034 nou
1467 989 1557 1033 esses

218 1085 312 1151 quam
340 1081 409 1128 esse
436 1081 495 1149 per
516 1063 604 1128 illum
631 1072 777 1148 praestet.
821 1067 850 1128 2.
879 1067 946 1147 Ego
974 1061 1187 1128 mediusfidius
1215 1083 1279 1127 non
1301 1062 1447 1128 existimo
1473 1072 1535 1127 tarn

218 1177 326 1224 omnes
354 1155 431 1221 deos
452 1175 580 1221 aversos
601 1177 671 1222 esse
699 1177 717 1221 e
739 1156 838 1222 salute
862 1155 969 1242 populi
991 1157 1138 1230 Romani,
1168 1166 1203 1222 ut
1225 1157 1371 1221 Octavius
1400 1157 1536 1222 orartdus

219 1253 260 1316 sit
281 1270 341 1337 pro
363 1248 461 1315 salute
482 1251 664 1338 cuiusquam
686 1252 777 1326 civis,
800 1272 863 1316 non
885 1250 985 1316 dicam
1005 1271 1066 1336 pro
1088 1249 1309 1316 liberatoribus
1330 1249 1417 1314 orbis
1439 1262 1537 1316 terra·

217 1367 300 1410 rum.
343 1347 432 1408 luvat
461 1342 542 1408 enim
573 1343 733 1429 magnifice
762 1345 848 1430 loqui
877 1355 1017 1410 atcerte
1046 1344 1135 1409 decet
1163 1343 1312 1410 adversus
1340 1345 1536 1430 ignorantes,

219 1437 296 1526 quid
321 1455 382 1524 pro
412 1456 538 1522 quoque
567 1438 739 1504 timendum
767 1448 821 1504 aut
849 1459 1015 1525 equoque
1037 1438 1203 1524 petendum
1227 1439 1275 1503 sit
1319 1443 1387 1504 Hoc
1409 1449 1458 1512 tu,
1489 1439 1574 1506 ei-n·

219 1553 310 1608 cero,
340 1549 433 1618 posse
455 1530 561 1597 lateris
585 1534 766 1610 Octavium,
794 1544 825 1601 et
845 1533 891 1600 illi
913 1535 1030 1600 amicus
1052 1540 1109 1599 est
1138 1543 1204 1608 aut,
1235 1534 1261 1598 si
1283 1554 1334 1598 me
1355 1553 1460 1598 carum
1483 1533 1538 1597 ba·

218 1627 290 1700 bes,
313 1631 360 1690 vis
377 1629 494 1690 Romae
517 1627 633 1702 videri;
655 1647 743 1702 cum,
765 1635 800 1694 ut
821 1626 878 1693 tibi
899 1648 968 1692 esse
989 1648 1131 1712 possem,
1153 1627 1416 1692 commendandus
1436 1649 1537 1712 puero

217 1723 264 1788 illi
285 1720 420 1787 luerim?
450 1719 506 1784 Cui
528 1720 603 1808 quid
619 1722 684 1806 agis
706 1723 836 1807 gratias,
852 1721 896 1795 si,
917 1731 953 1787 ut
967 1743 1025 1788 nos
1047 1721 1148 1786 salvos
1162 1741 1231 1786 esse
1252 1720 1327 1787 velit
1348 1732 1379 1785 et
1392 1721 1536 1806 patiatur,

219 1816 394 1903 rogandum
408 1820 522 1896 putast
543 1823 590 1881 An
605 1816 665 1882 boc
686 1837 745 1900 pro
760 1814 912 1881 beneficio
934 1812 1110 1880 babendum
1124 1823 1184 1888 est,
1208 1814 1292 1900 qnod
1315 1835 1348 1878 se
1370 1836 1461 1902 quam
1478 1823 1538 1881 An·

218 1911 339 1976 tonium
360 1932 428 1978 esse
450 1909 607 1985 maluerit,
629 1931 646 1974 a
670 1931 732 1996 quo
754 1912 812 1974 ista
833 1909 967 1994 petenda
988 1913 1112 1974 essent?
1135 1907 1257 1974 Vindici
1277 1907 1403 1992 quidem
1418 1908 1537 1974 alienae
1547 1923 1571 1964 te

220 2004 454 2081 dominationis,
488 2025 551 2068 non
580 2003 716 2079 vicario,
751 2005 857 2090 ecquis
886 2003 1052 2089 supplicat,
1082 2011 1117 2067 nt
1143 2002 1261 2088 optime
1288 2002 1407 2066 meritis
1435 2002 1473 2067 de
1501 2023 1537 2067 re

219 2096 342 2184 publica
369 2099 459 2165 liceat
487 2119 555 2163 esse
577 2098 690 2162 salvis?
726 2102 757 2163 3.
779 2103 840 2163 lsta
861 2119 938 2163 vero
959 2097 1156 2162 imbecillitas
1177 2106 1208 2161 et
1228 2096 1420 2182 desperatio,
1449 2097 1538 2162 cuius

219 2193 309 2279 culpa
338 2214 401 2259 non
429 2198 528 2278 magis
558 2193 590 2256 in
613 2201 643 2256 te
668 2192 784 2258 residet
814 2213 907 2278 quarn
936 2193 968 2257 in
990 2190 1135 2258 omnibus
1163 2192 1231 2257 aliis
1261 2201 1292 2256 et
1313 2195 1477 2257 Caesarem
1506 2191 1537 2254 in

219 2285 418 2372 cupiditatem
447 2287 536 2372 regni
562 2285 685 2372 impulit
712 2295 744 2350 et
764 2287 898 2352 Antonio
927 2295 998 2373 post
1018 2286 1178 2352 interitum
1200 2285 1283 2350 illius
1305 2284 1474 2370 persuasit,
1503 2293 1539 2349 ut

218 2379 373 2446 interlecti
399 2382 503 2447 locum
532 2399 687 2466 occupare
713 2390 898 2454 conaretur,
928 2389 960 2445 et
980 2399 1063 2445 nunc
1083 2399 1215 2465 puerum
1236 2379 1331 2444 istum
1353 2379 1478 2452 extulit,
1503 2389 1574 2444 ut²⁰

219 2484 253 2539 tu
275 2475 430 2542 iudicares
451 2473 596 2562 precibus
618 2493 688 2539 esse
708 2473 933 2560 impetrandam
955 2472 1084 2538 salutem
1108 2473 1218 2539 talibus
1240 2473 1332 2546 viris,
1360 2474 1538 2539 misericor-

220 2567 332 2656 diaque
361 2572 469 2644 unius,
498 2571 551 2635 vix
580 2569 756 2634 etiamnunc
784 2569 860 2643 viri,
889 2577 972 2634 tutos
1000 2567 1070 2633 lore
1098 2587 1171 2643 nos,
1201 2565 1284 2633 baud
1310 2567 1373 2633 ulla
1402 2568 1462 2634 alia
1490 2589 1536 2632 re.

220 2661 342 2739 Quodsi
364 2668 520 2728 Romanos
541 2683 600 2726 nos
622 2682 690 2727 esse
713 2663 977 2735 meminissemus,
1008 2681 1072 2726 non
1093 2660 1241 2726 audacius
1268 2661 1422 2729 dominari
1444 2683 1536 2748 cupe-

219 2765 290 2820 rent
309 2755 460 2840 postremi
483 2755 640 2828 bomines,
664 2775 756 2840 quam
779 2754 812 2819 id
833 2775 891 2820 nos
912 2753 1170 2840 prohiberemus,
1192 2776 1294 2842 neque
1316 2755 1414 2840 magis
1435 2757 1538 2822 irrita·

220 2856 270 2912 tus
292 2857 373 2913 esset
393 2847 545 2912 Antonius
565 2867 664 2931 regno
687 2847 828 2913 Caesaris
856 2867 949 2934 quam
976 2846 1018 2912 ob
1040 2847 1179 2912 eiusdem
1201 2859 1335 2914 mortem
1358 2849 1574 2915 deterritus.²·t

219 2945 251 3005 t.
278 2945 325 3006 Tu
355 2940 482 3028 quidem
510 2941 682 3006 consularis
711 2951 742 3005 et
770 2951 927 3007 tantorum
955 2941 1108 3006 scelerum
1136 2941 1251 3007 vindex
1275 2943 1451 3029 -quibus
1481 2965 1538 3028 op-

218 3033 336 3119 pressis
357 3055 486 3110 vereor,
515 3055 556 3098 ne
583 3034 614 3099 in
637 3032 734 3100 breve
754 3042 878 3120 tempus
905 3034 998 3100 dilata
1020 3035 1059 3100 sit
1086 3034 1140 3099 abs
1169 3044 1200 3100 te
1221 3036 1376 3120 pernicies
1398 3075 1452 3111 --,
1482 3037 1537 3125 qui

219 3135 309 3212 potes
336 3127 450 3192 intueri
481 3147 560 3214 quae
586 3129 735 3213 gesseris,
765 3128 857 3194 simul
886 3138 917 3193 et
937 3128 997 3193 ista
1024 3128 1074 3194 vel
1095 3126 1230 3213 probare
1260 3129 1376 3195 velita
1403 3130 1537 3196 demisse

220 3240 257 3285 ac
284 3219 374 3285 facile
395 3221 475 3306 pati,
502 3229 537 3286 ut
556 3219 717 3306 probantis
739 3223 873 3307 speciem
896 3220 1034 3287 babeas?
1066 3221 1160 3300 Quod
1180 3233 1283 3288 autem
1305 3223 1361 3288 tibi
1383 3245 1453 3290 cum
1476 3235 1537 3290 An-

219 3309 307 3378 tenid
329 3313 483 3400 privatum
504 3314 632 3381 odiunt
655 3321 771 3402 Nempe
792 3315 865 3402 quia
887 3314 1063 3401 postulabat
1083 3315 1173 3381 baec:
1197 3316 1327 3381 salutem
1349 3316 1441 3384 absc
1463 3319 1537 3404 peti,
1547 3333 1575 3376 ³⁰

218 3409 393 3493 precariam
421 3429 478 3473 nos
499 3407 744 3475 incolumitatem
768 3408 901 3482 babere,
929 3407 1083 3497 aquibus
1110 3409 1178 3494 ipse
1198 3409 1372 3475 libertatern
1400 3413 1537 3498 accepis·

220 3513 281 3578 set,
311 3523 378 3568 esse
400 3500 565 3568 arbitrium
592 3523 682 3568 suum
711 3503 806 3570 dere
828 3503 967 3590 publica,
998 3502 1174 3589 quaerenda
1197 3525 1266 3570 esse
1292 3525 1378 3570 arma
1405 3505 1537 3590 putasti,

219 3594 333 3682 quibus
355 3595 510 3662 dominari
531 3595 762 3680 prohiberetur.
806 3597 945 3672 Scilicet,
974 3607 1010 3663 ut
1030 3597 1085 3664 illo
1106 3597 1265 3684 prohibito
1286 3618 1471 3684 rogaremus
1493 3598 1537 3662 ul·

219 3701 335 3763 terum,
365 3691 418 3776 qui
440 3711 474 3755 se
502 3690 535 3754 in
558 3691 624 3757 eius
646 3692 748 3757 locum
771 3692 883 3778 reponi
903 3701 1077 3776 pateretur,
1105 3715 1143 3758 an
1165 3701 1200 3758 ut
1222 3705 1303 3760 esset
1330 3693 1379 3759 sui
1401 3694 1479 3759 iuris
1500 3714 1537 3758 ac

219 3782 365 3869 mancipii
386 3804 437 3848 res
459 3785 602 3870 publicat
623 3785 687 3850 Nisi
710 3784 791 3851 lorte
813 3805 876 3850 non
898 3785 938 3851 de
957 3785 1106 3852 servitute
1128 3786 1183 3851 sed
1204 3786 1244 3851 de
1265 3787 1448 3853 condicione
1470 3803 1573 3853 ser-³⁵

218 3876 323 3941 viendi
345 3887 520 3943 recusatum
543 3891 589 3946 est
618 3899 635 3942 a
658 3876 757 3944 nobis.
801 3879 892 3965 Atqui
914 3899 977 3944 non
998 3879 1099 3944 solum
1122 3877 1206 3946 bono
1228 3879 1355 3947 domino
1377 3881 1536 3967 potuimus

218 3971 353 4036 Antonio
375 3970 510 4036 tolerare
532 3983 670 4038 nostram
691 3972 848 4038 lortunam
870 3972 925 4056 sed
947 3973 1038 4038 etiam
1060 3971 1221 4038 beneficiis
1248 3986 1341 4061 atque
1362 3975 1535 4042 honoribus

218 4072 254 4127 ut
279 4065 445 4151 participes
473 4065 552 4142 frui,
581 4067 704 4153 quantis
732 4066 892 4132 vellemus.
936 4066 1019 4144 Quid
1048 4067 1130 4132 enim
1160 4078 1289 4153 negaret
1315 4069 1369 4144 iis,
1398 4092 1534 4156 quorum

217 4156 395 4241 patientiam
424 4159 545 4225 videret
572 4161 743 4224 maximum
774 4159 991 4226 dominationis
1022 4183 1097 4226 suae
1117 4161 1306 4246 praesidium
1335 4169 1430 4228 esso‘l
1473 4163 1534 4229 Sed

219 4247 295 4313 nibil
321 4249 397 4315 tanti
424 4251 496 4326 luit,
525 4275 589 4339 quo
618 4253 824 4320 venderemus
851 4253 944 4320 fidem
973 4265 1110 4320 nostram
1133 4265 1168 4320 et
1194 4255 1378 4325 libertatern.
1421 4263 1450 4325 5.
1477 4257 1571 4322 tticu

287 4479 314 4530 5.
333 4479 447 4530 nolucrit
465 4481 485 4531 1.
507 4507 538 4518 -
570 4483 610 4532 tt.
629 4484 725 4534 uem.
745 4483 766 4533 1.
787 4509 819 4518 -
852 4485 1038 4534 tabaaacots
1057 4483 1078 4532 l.
1098 4471 1131 4519 ¹-
1170 4483 1213 4533 12.
1232 4483 1321 4532 videre
1340 4483 1533 4535 1111111111Αά-

218 4563 303 4601 ueras.
323 4564 349 4613 p·
370 4550 446 4600 1803.
467 4575 500 4588 -
536 4551 579 4602 ll.
600 4553 746 4604 leuberedum
763 4559 800 4604 eat
816 4555 883 4606 llssl:
904 4561 941 4604 cat
959 4553 1108 4604 babendum
1126 4553 1171 4603 111.
1191 4579 1223 4589 -
1260 4555 1303 4604 15.
1323 4551 1459 4616 supplicat
1475 4557 1533 4604 cirt-

218 4621 271 4672 tla'cl
287 4619 329 4669 1111
346 4621 452 4682 guidem
468 4644 479 4655 ·
496 4644 507 4655 ·
524 4636 579 4672 uon
595 4625 708 4673 sicario.
737 4625 771 4674 111
789 4627 848 4688 gula
867 4625 889 4674 1.
912 4651 939 4662 -
976 4625 1018 4674 13.
1039 4620 1223 4686 conoberto]
1242 4623 1339 4673 nedum
1358 4627 1459 4674 vicario
1478 4640 1533 4676 ma·

217 4691 310 4742 lebant
327 4690 452 4740 Bartbius
476 4696 503 4742 et
522 4693 707 4744 Marklandus·
744 4693 1007 4745 Sedcsr.}luldrici
1033 4694 1414 4756 magnamtubarum.
1439 4721 1471 4730 -
1508 4702 1532 4746 et

217 4761 276 4824 puls
294 4759 369 4810 11111.
391 4783 421 4816 -,-
445 4762 489 4812 20.
509 4759 659 4825 conaretur]
678 4767 807 4816 atteratur
824 4765 845 4814 1.
866 4789 897 4800 -
919 4765 997 4815 utum
1014 4767 1055 4814 tta
1074 4765 1167 4814 extulit
1185 4763 1342 4814 Lambinus.
1366 4789 1393 4800 -
1422 4766 1532 4816 211111-

217 4829 439 4894 aarr'cordiompue
456 4831 478 4880 1.
500 4857 530 4868 -
561 4833 604 4882 23.
624 4846 761 4894 oppressus
778 4835 810 4886 11.
830 4859 862 4870 -·
893 4835 937 4886 29.
957 4833 1063 4898 bubona]
1079 4835 1211 4897 praebeas
1229 4834 1376 4884 Lambinus
1388 4836 1422 4884 ad
1438 4837 1530 4885 flerat.

217 4901 285 4965 Bpp.
308 4902 339 4960 1,
359 4900 407 4961 18,
426 4901 452 4951 2.
474 4926 504 4937 -
524 4901 803 4964 3133111111.-
823 4919 840 4955 u
859 4906 891 4956 tt.
915 4931 939 4941 -
967 4906 1011 4955 32.
1031 4905 1064 4955 dc
1084 4905 1247 4967 republica,
1267 4905 1419 4968 quaerendo
1436 4907 1529 4956 Rlllba

217 4973 251 5021 tle
268 4983 298 5020 re
311 4971 428 5032 publicu.
458 4972 615 5035 Quaerenda
634 4973 663 5023 11.
688 4997 713 5007 -
752 4973 796 5024 33.
816 4975 989 5026 recusandum
1008 4975 1039 5026 11.
1061 5001 1096 5012 -
1130 4975 1173 5026 38.
1193 4982 1302 5037 creparet
1321 4975 1483 5038 Cratander,
1503 4982 1532 5026 ut

217 5041 325 5092 nolebat
337 5041 491 5092 Ernestiua:
510 5049 585 5106 nepot
602 5041 698 5095 1111111.
721 5069 750 5080 -
769 5045 811 5096 39.
832 5046 1022 5096 comissationis
1033 5059 1097 5096 auce
1115 5045 1182 5099 tttt:
1202 5044 1468 5096 maadomtuuta'onis
1487 5047 1529 5096 lE.

302 5149 374 5190 cum
387 5148 409 5189 r.
426 5149 460 5190 ru
818 5189 827 5196 ,
1281 5123 1323 5185 te
