3662 5908
761 389 1035 456 aristolaum!
1055 391 1107 454 tlt
1129 393 1217 456 Fam
1277 437 1279 444 ,

757 550 897 616 axau.
938 551 990 633 (a.
1016 553 1048 615 n
1070 553 1102 615 c.
1125 551 1215 631 roa.)

724 671 866 740 oceno
887 673 1020 739 scuto
1041 675 1206 742 raneos,
1229 677 1261 740 s,

417 803 445 863 l.
474 800 552 864 Cum
576 797 739 863 Demetrio
764 801 853 880 Mega
877 795 954 860 milri
980 805 1136 863 vetustum
1170 795 1339 882 hospitium
1362 807 1426 870 est,
1455 797 1655 863 familiaritas

328 900 433 958 autem
457 901 559 968 tauta,
596 900 710 978 quanto
738 911 810 955 eum
832 890 936 957 Siculo
958 890 1055 955 nullo.
1108 891 1144 957 Ei
1164 888 1325 957 Dolabella
1346 901 1458 977 rogatu
1481 911 1552 956 meo
1574 891 1656 956 ciri·

304 996 423 1053 atatem
444 1007 462 1051 a
484 990 617 1053 Caesare
637 985 830 1071 impetravit,
852 1006 913 1072 qua
935 983 967 1049 iu
988 1005 1025 1049 re
1047 1005 1106 1069 ego
1122 985 1260 1051 interfui.
1302 990 1410 1073 ltaque
1425 1005 1507 1052 none
1521 989 1554 1050 P.
1573 988 1656 1051 Cor·

327 1081 429 1147 uellus
451 1089 590 1145 vocatur.
648 1083 788 1165 Cumque
809 1087 939 1165 propter
959 1078 1111 1165 quosdam
1140 1079 1286 1146 sordidos
1308 1078 1466 1154 homines,
1497 1080 1552 1167 qui
1574 1084 1656 1146 Cae·

328 1175 407 1242 saris
427 1172 577 1238 beneficia
599 1172 790 1248 vendebant,
826 1171 979 1246 tabulam.
1014 1173 1047 1238 in
1074 1195 1135 1260 qua
1164 1173 1290 1239 nomina
1319 1173 1441 1238 civitate
1463 1172 1653 1238 donatorum

327 1269 424 1336 incisa
456 1279 573 1343 essent,
605 1267 716 1333 revelli
748 1267 909 1343 iussisset,
946 1266 1047 1332 eidem
1072 1265 1250 1332 Dolabellae
1283 1288 1334 1332 me
1362 1266 1506 1332 audiente
1536 1269 1654 1332 Caesar

328 1364 406 1430 dixit
427 1362 503 1428 nibil
526 1383 610 1437 esse,
633 1361 719 1449 quod
736 1360 776 1426 de
791 1365 879 1446 nega
895 1371 1078 1440 vereretur;
1100 1359 1284 1426 beneficium
1303 1383 1394 1426 suurn
1409 1361 1442 1426 in
1457 1381 1497 1426 eo
1512 1381 1653 1426 manere.

292 1463 358 1524 ¹⁰⁴2.
379 1463 448 1524 Hoc
469 1467 499 1522 te
521 1457 602 1522 scire
624 1455 726 1530 volui,
763 1466 798 1522 ut
819 1476 891 1520 eum
912 1455 945 1520 in
966 1456 1081 1520 civium
1103 1460 1315 1522 llomanorum
1344 1475 1477 1520 numero
1498 1455 1653 1533 haberes;

329 1557 503 1638 ceterisque
526 1550 558 1615 in
580 1548 675 1616 rebus
697 1549 753 1615 tibi
775 1571 846 1614 eum
876 1549 918 1614 ita
940 1547 1140 1625 commendo,
1171 1558 1206 1614 ut
1226 1549 1346 1615 maiore
1368 1548 1470 1614 studio
1492 1547 1652 1615 neminem

328 1645 582 1712 commendarim.
627 1627 844 1732 Gratissimum
867 1642 943 1709 mihi
965 1642 1093 1716 feceris,
1119 1642 1239 1708 sicum
1261 1643 1303 1708 ita
1325 1643 1484 1717 tractaris,
1506 1651 1541 1708 ut
1562 1641 1655 1709 intel-

327 1740 403 1826 ligat
423 1760 525 1804 meam
547 1737 847 1804 commendationem
869 1758 982 1823 magno
1004 1736 1065 1803 sihi
1085 1745 1269 1803 ornamento
1292 1734 1398 1802 fuisse.

754 1908 910 1972 arsur.
954 1905 1003 1990 (a.
1028 1909 1060 1972 u.
1083 1908 1115 1970 c.
1138 1902 1224 1982 ros.)

291 2056 318 2096 a
719 2028 861 2095 cuano
883 2028 1016 2094 sermo
1037 2028 1202 2094 uacuos,
1225 2029 1257 2092 s,

411 2152 577 2240 Hippiam,
614 2150 778 2216 Philoxeni
805 2149 922 2224 lilium.
960 2148 1166 2223 Calactinum‚
1199 2146 1353 2306 hospitem
1380 2155 1412 2211 ct
1440 2147 1651 2213 necessarium

329 2265 449 2322 meum,
472 2245 528 2310 tibi
549 2244 735 2310 commendo
757 2244 789 2308 in
811 2235 962 2308 maiorem
984 2241 1122 2308 modum.
1165 2241 1240 2308 Eius
1283 2261 1362 2314 ona,
1386 2239 1651 2328 quemadmodum

328 2339 367 2403 ad
396 2361 446 2404 me
476 2337 578 2403 delata
607 2359 658 2403 res
686 2349 747 2413 est,
783 2335 907 2423 publice
935 2335 1135 2422 possidentur
1161 2335 1263 2402 alieno
1289 2334 1414 2400 nomine
1435 2345 1543 2400 contra
1565 2335 1651 2419 loger

330 2432 567 2499 Calactinorum.
620 2431 655 2497 ld
686 2432 714 2497 si
734 2433 777 2496 ila
798 2440 860 2504 est.
896 2431 988 2495 etiam
1010 2429 1077 2494 sine
1099 2449 1168 2494 mea
1189 2429 1460 2495 commendatione
1481 2428 1520 2494 ab
1542 2427 1651 2515 aequi·

291 2535 390 2591 notate
413 2533 466 2590 tua
488 2546 539 2590 res
561 2525 627 2612 ipsa
649 2525 819 2610 impetrare
840 2523 949 2599 debet,
972 2532 1006 2588 ut
1020 2527 1050 2588 ei
1065 2521 1240 2589 subvenias.
1284 2526 1420 2610 Quoquo
1435 2522 1530 2588 modo
1545 2531 1651 2586 autem

329 2639 362 2683 se
383 2640 436 2684 res
457 2617 571 2694 habel,
594 2629 668 2705 peto
690 2640 707 2682 a
730 2627 777 2692 te,
799 2627 834 2684 ut
855 2617 985 2684 honoris
1007 2615 1068 2682 mei
1090 2637 1182 2682 causa
1203 2638 1276 2683 eum
1297 2616 1446 2703 expedias
1467 2625 1651 2703 tantumque

328 2711 358 2777 ei
380 2712 561 2778 commodos
583 2722 615 2778 et
636 2712 667 2777 in
689 2711 803 2776 haere
826 2720 856 2776 et
876 2712 910 2777 in
931 2711 1062 2786 ceteris,
1093 2719 1242 2797 quantum
1271 2720 1324 2778 tua
1351 2711 1429 2778 tides
1454 2709 1650 2796 dignitasque

328 2804 471 2892 patietur.
513 2805 550 2871 ld
570 2805 648 2871 mibi
669 2805 870 2872 vehementer
892 2815 1014 2890 gratum
1036 2807 1106 2871 erit.

749 2976 919 3039 aarum.
962 2972 1011 3057 (A.
1037 2975 1069 3038 u
1093 2976 1125 3039 c.
1148 2971 1232 3058 ros.)

288 3129 317 3174 e
720 3098 862 3163 arcano
884 3098 1016 3162 seruo
1037 3097 1203 3161 rnocos,
1225 3099 1256 3162 s.

193 3225 216 3320 p
412 3221 445 3282 L.
467 3217 622 3290 Bruttius,
657 3237 754 3303 eques
783 3222 957 3292 llomanus,
991 3216 1172 3283 adolescens
1202 3217 1347 3284 omnibus
1375 3215 1470 3285 rebus
1498 3231 1647 3294 ornatius,

328 3311 359 3376 in
389 3311 467 3378 meis
495 3309 746 3376 familiarissimis
779 3322 827 3377 est
855 3333 967 3399 meque
999 3309 1146 3378 observat
1174 3309 1425 3396 diligentissime3
1458 3313 1546 3380 cuius
1578 3335 1647 3380 cram

326 3415 415 3491 patre
444 3425 554 3490 magna
581 3404 659 3470 milri
690 3404 749 3470 fuit
779 3404 916 3470 amicilia
947 3405 1011 3469 iarn
1041 3405 1113 3470 inde
1144 3425 1162 3470 a
1193 3415 1362 3492 quaestura
1393 3427 1462 3470 mea
1484 3406 1646 3473 Siciliensi.

329 3499 463 3563 Omnino
485 3520 567 3564 nunc
588 3503 656 3584 ipse
677 3498 815 3563 Bruttius
836 3504 953 3564 Romae
975 3519 1096 3563 mecum
1129 3508 1190 3575 est;
1227 3498 1282 3564 sed
1304 3510 1405 3564 tamen
1429 3500 1558 3566 domurn
1580 3500 1648 3566 eius

290 3599 359 3666 ‚net
379 3612 447 3657 rem
469 3590 654 3657 familiarem
677 3602 708 3656 et
729 3602 952 3677 procuratores
973 3590 1030 3656 tihi
1052 3591 1098 3657 sic
1118 3593 1318 3667 commendo,
1346 3602 1382 3659 ut
1402 3594 1522 3660 maiore
1544 3593 1647 3660 studio

328 3684 546 3749 commendare
566 3705 630 3750 non
651 3685 780 3771 possim.
824 3685 1041 3752 Gratissimum
1063 3685 1138 3751 mibi
1154 3685 1280 3762 feceris,
1303 3685 1330 3751 si
1344 3688 1480 3763 curaris,
1503 3699 1538 3763 ut
1558 3688 1648 3753 intel·

328 3777 402 3861 ligat
434 3778 572 3844 Bruttius
606 3814 644 3828 -
672 3777 704 3843 id
734 3778 819 3864 quod
846 3779 876 3845 ei
904 3778 1011 3866 recepi
1039 3815 1080 3828 -
1113 3779 1192 3844 hanc
1219 3801 1320 3846 meam
1347 3780 1647 3847 commendationem

327 3869 386 3936 sibi
407 3891 520 3957 magno
542 3870 720 3938 adiumento
744 3871 851 3938 fuisse.

756 4042 897 4105 srrrr.
941 4041 994 4122 (A.
1020 4044 1053 4106 o.
1076 4045 1108 4107 o.
1131 4043 1222 4124 roa.)

719 4164 862 4228 crosno
883 4164 1016 4229 acum
1039 4165 1202 4230 rnocos.
1224 4167 1256 4229 s.

411 4285 488 4348 Cum
509 4280 625 4348 familia
647 4283 788 4348 Titurnia
817 4283 1013 4350 necessitudo
1035 4285 1112 4350 milri
1133 4284 1298 4352 intercedit
1318 4295 1425 4364 retus;
1451 4307 1491 4352 ex
1514 4309 1575 4374 qua
1597 4308 1648 4352 ro·

325 4377 429 4463 liquos
457 4385 505 4441 est
532 4381 573 4444 Μ.
601 4377 760 4443 Titurnius
789 4377 903 4454 Rufus,
940 4378 996 4467 qui
1028 4378 1105 4444 mihi
1132 4380 1218 4445 omni
1247 4379 1406 4464 diligentia
1428 4391 1521 4468 atque
1543 4380 1647 4447 officio

326 4479 373 4537 est
394 4469 537 4536 tuendus.
594 4476 649 4537 Est
670 4471 766 4557 igitur
787 4472 820 4537 in
842 4484 894 4540 tua
915 4481 1087 4562 potestate.
1114 4482 1149 4538 ut
1175 4473 1228 4538 ille
1249 4474 1282 4538 in
1309 4495 1358 4539 me
1381 4474 1454 4540 satis
1476 4473 1535 4540 sibi
1558 4495 1649 4560 prae-

326 4563 399 4631 sidii
419 4572 507 4651 putet
528 4584 606 4630 esse.
664 4568 865 4653 Quapropter
886 4588 958 4633 eom
981 4565 1037 4632 tibi
1058 4566 1244 4633 commendo
1265 4567 1298 4632 in
1320 4567 1472 4634 maiorem
1497 4566 1646 4641 modum,

287 4666 358 4728 net
377 4656 434 4722 abs
455 4667 485 4722 te
507 4665 597 4744 pelo,
620 4658 747 4732 efficias,
770 4668 805 4726 ut
825 4660 853 4725 is
874 4659 1174 4726 commendationem
1199 4660 1278 4726 hanc
1293 4662 1443 4748 intelligat
1457 4660 1518 4726 sibi
1533 4681 1647 4746 magno

326 4748 508 4817 adiumento
527 4750 636 4816 luisse.
678 4751 746 4817 Erit
765 4751 798 4818 id
819 4753 895 4818 milri
917 4754 1118 4822 vehementer
1138 4765 1272 4840 gratum.

226 2201 242 2260 p-

287 4219 316 4260 ss

394 4969 438 5018 ¹³.
465 4969 515 5019 rili
541 4983 596 5020 om.
625 4969 662 5020 Μ.
695 4994 725 5006 -
761 4973 982 5023 accommanda·
999 4974 1037 5023 Μ.
1069 4997 1100 5011 -
1137 4975 1310 5024 alestorn.
1333 4973 1369 5024 Μ.
1403 4999 1428 5011 -
1468 4973 1513 5024 Μ.
1536 4975 1592 5022 Erit
1617 4973 1646 5022 fd

324 5039 388 5088 anili
405 5037 569 5089 Cratander:
598 5040 659 5090 Brit
676 5042 741 5091 mili
758 5041 817 5092 ΜΕ.
938 5073 940 5078 ,
