3668 5924
785 1464 951 1474 —..---.

706 1591 1042 1678 emnam)

690 1714 831 1779 cronno
853 1715 996 1780 arnico
1018 1717 1050 1779 s,

213 1844 241 1908 1.
283 1820 462 1907 Petilianis
489 1848 629 1917 nostrae,
657 1863 751 1930 quam
777 1842 834 1909 tibi
861 1863 1001 1909 summae
1029 1863 1124 1909 curre
1145 1863 1213 1911 esse
1234 1843 1318 1920 scio,
1348 1843 1526 1910 huiusmodi

210 1934 291 2000 ratio
323 1943 383 2009 est,
416 1933 500 2022 qnod
531 1934 633 2001 adbue
662 1936 842 2002 coniectura
873 1935 1035 2023 brovideri
1063 1937 1171 2022 possit.
1228 1941 1357 2003 Preusat
1385 1958 1466 2003 unus
1493 1942 1526 2002 P.

212 2026 319 2094 Galba.
375 2028 448 2094 Sine
479 2027 552 2094 luca
579 2049 616 2094 aa
642 2028 793 2102 fallaciis,
825 2050 915 2095 more
947 2035 1121 2105 maiomm,
1154 2039 1295 2115 negatur.
1352 2034 1389 2096 Ut
1419 2031 1549 2116 opinior

211 2129 259 2186 est
283 2121 466 2196 bominum,
502 2143 565 2188 non
592 2121 693 2188 aliena
721 2123 835 2189 rationi
864 2131 989 2189 nostrae
1020 2122 1080 2189 luit
1104 2123 1186 2189 illius
1214 2122 1290 2188 baec
1315 2145 1527 2210 praepropera

210 2215 379 2300 prensatio.
434 2221 510 2281 Nam
536 2215 582 2283 illi
609 2216 652 2281 ita
679 2226 792 2302 negant
820 2217 935 2302 vulgo,
969 2227 1005 2283 ut
1025 2216 1101 2283 mibi
1121 2237 1156 2282 se
1177 2216 1293 2282 debere
1314 2215 1427 2283 dicam.
1483 2221 1527 2282 lta

210 2308 359 2396 quiddam
386 2329 479 2396 spero
509 2308 600 2376 nabis
627 2309 753 2397 profici,
782 2332 853 2378 cum
876 2311 936 2378 hoo
957 2310 1199 2397 percrebresnit,
1229 2310 1382 2396 plurimos
1403 2319 1528 2376 nostros

209 2403 327 2468 amicos
352 2403 495 2469 inveniri.
551 2409 613 2470 Nos
640 2411 744 2470 autem
770 2404 894 2471 initium
921 2403 1090 2493 prensandi
1114 2403 1218 2470 faeere
1249 2404 1457 2488 cogitaramus
1487 2424 1528 2469 eo

209 2496 279 2582 ipso
305 2502 463 2582 tempore,
491 2518 555 2585 qno
583 2508 671 2564 tuum
698 2517 832 2584 puemm
853 2519 924 2566 enm
953 2499 1002 2565 bis
1022 2497 1134 2566 litteris
1160 2497 1315 2584 proficisci
1337 2499 1461 2566 Cincius
1482 2497 1565 2563 diro

210 2588 313 2665 nebat,
335 2590 368 2656 in
388 2610 516 2677 eampo,
543 2591 678 2657 comitiis
698 2589 888 2667 tribuniciis,
918 2615 947 2658 a.
968 2591 1000 2658 d.
1020 2612 1093 2660 xvi.
1114 2588 1243 2658 Kalend.
1265 2590 1449 2672 Saiticam
1472 2591 1530 2657 eti-

210 2691 311 2760 tares‚
348 2683 403 2770 qui
430 2685 508 2750 certi
536 2705 605 2750 esso
633 2684 812 2773 videantur,
851 2685 948 2752 Galba
975 2692 1007 2752 et
1034 2685 1187 2752 Antonius
1214 2693 1246 2749 et
1273 2685 1311 2762 Q.
1335 2613 1541 2760 Cornibblns.)
1597 2673 1688 2758 12:²-

210 2781 341 2843 Putate
363 2777 394 2842 in
416 2777 476 2843 boe
496 2786 550 2844 ant
569 2777 678 2845 risisse
698 2789 752 2844 aut
773 2779 974 2862 ingemuisse.
1016 2782 1055 2845 Ut
1075 2777 1210 2844 frontem
1232 2777 1341 2854 ferias,
1364 2790 1451 2853 sunt,
1474 2783 1529 2865 qni

210 2871 303 2936 etiarn
335 2872 520 2939 Caesonium
552 2879 670 2959 putent.
725 2872 895 2959 Aquillinm
927 2894 991 2939 non
1017 2870 1221 2944 arbitramur,
1253 2869 1309 2956 qai
1337 2870 1469 2956 denegat
1498 2879 1530 2936 et

210 2963 326 3031 iuravit
354 2963 500 3031 morbum
529 2975 561 3032 et
588 2965 666 3032 illud
692 2986 784 3032 suum
811 2986 944 3051 regnum
965 2964 1113 3032 iudiciale
1134 2964 1292 3051 opposuit
1333 2965 1480 3037 Catilina,
1502 2963 1567 3029 sira

210 3057 379 3124 iudicatum
400 3059 461 3124 erit
481 3059 613 3126 meridie
634 3080 698 3127 non
718 3059 834 3134 lucere,
856 3068 961 3125 sertus
982 3058 1044 3125 erit
1063 3057 1261 3143 competitor.
1302 3061 1350 3122 Do
1371 3058 1442 3124 Auli
1463 3056 1529 3122 lilio

211 3161 243 3218 et
270 3151 309 3217 de
335 3152 480 3219 Palicano
508 3173 571 3220 non
592 3163 670 3239 puto
695 3164 727 3220 te
755 3161 955 3239 exspectare,
989 3151 1063 3220 dam
1085 3149 1230 3216 scribam.
1273 3154 1303 3216 2.
1324 3156 1371 3218 De
1392 3151 1450 3224 iis,
1475 3150 1531 3236 qni

211 3267 293 3311 nnnc
321 3253 445 3332 petunt,
479 3251 593 3315 Caesar
619 3255 724 3313 oertns
751 3254 887 3332 putatur.
936 3245 1087 3312 'l’bermus
1115 3265 1185 3312 oum
1208 3243 1314 3310 Silano
1341 3241 1530 3310 contendere

211 3339 423 3419 existimatum
458 3341 513 3428 qui
534 3341 579 3407 sic
600 3341 709 3427 inopes
740 3338 832 3406 stab
852 3339 960 3406 amicis
981 3349 1014 3404 et
1034 3337 1263 3404 existimatione
1284 3345 1370 3411 sant,
1399 3345 1434 3402 nt
1454 3335 1530 3401 mibi

211 3431 355 3499 videatur
375 3455 438 3500 non
460 3454 528 3500 esse
549 3436 712 3502 ἀδύνατον
734 3434 863 3501 Curium
885 3431 1054 3500 obducere.
1096 3431 1158 3498 Sed
1179 3430 1240 3496 boe
1260 3441 1385 3517 praeter
1405 3451 1456 3496 me
1477 3451 1568 3498 nea·

211 3525 287 3591 mini
314 3525 448 3594 videtur.
504 3529 624 3596 Nostris
645 3527 819 3595 rationibus
848 3531 983 3593 maxime
1012 3525 1188 3594 conducere
1215 3524 1340 3616 vidntur
1360 3525 1530 3592 Thermum

209 3617 280 3686 lieri
309 3641 379 3686 cum
410 3626 552 3689 Caesare.
608 3627 706 3688 Nemo
728 3631 775 3688 est
803 3621 887 3689 enim
909 3642 950 3686 ex
970 3621 1026 3694 iis,
1056 3619 1110 3707 qui
1139 3637 1222 3685 aune
1251 3627 1374 3705 petunt,
1402 3618 1475 3706 qui,
1504 3615 1531 3682 si

210 3710 244 3776 in
275 3723 417 3780 nostram
449 3735 564 3782 annum
594 3716 757 3791 reciderit,
793 3714 915 3780 firmior
948 3713 1129 3781 candidatus
1160 3712 1230 3780 lore
1262 3712 1421 3790 videntum
1456 3730 1532 3797 pro-

210 3813 318 3890 pterea
336 3807 434 3894 ·quod
460 3820 588 3876 curator
613 3821 661 3877 est
687 3811 755 3877 viae
781 3808 970 3883 Flaminiae,
1008 3829 1089 3895 quae
1116 3818 1182 3875 tum
1212 3806 1273 3872 erit
1293 3805 1435 3872 absolata
1457 3824 1531 3870 sano

209 3900 311 3968 laaile.
364 3907 444 3969 Eum
473 3903 608 3971 libenter
638 3906 758 3987 †mnn
779 3903 874 3970 cinari
902 3905 1012 3970 consul
1039 3902 1216 3969 acciderint.
1258 3901 1429 3978 Petitarum
1456 3897 1569 3986 haenau
1628 3873 1646 3950 l

280 4121 309 4172 5.
326 4122 466 4172 matarum.
502 4123 635 4188 Nouato,
665 4130 696 4175 at
713 4125 802 4188 aptata
819 4135 871 4174 erra
888 4124 1020 4173 bominum
1037 4121 1158 4172 atdsatar
1173 4134 1227 4170 aaa
1244 4121 1275 4170 n.
1304 4145 1339 4156 -
1372 4118 1400 4170 o.
1420 4123 1458 4167 ert
1475 4128 1531 4166 am.

211 4190 286 4240 1.-
321 4199 419 4243 anatra.
457 4192 683 4246 Faltbasatllias
699 4207 814 4258 propera
834 4194 855 4243 1.
883 4215 914 4229 -
948 4193 975 4243 8.
995 4193 1097 4256 quidem
1113 4192 1145 4242 lt.
1173 4216 1203 4225 -
1243 4191 1285 4242 10.
1306 4185 1429 4252 tempore]
1448 4186 1530 4237 dial.

215 4286 239 4300 -
273 4275 382 4324 pueram
399 4269 472 4312 taam
489 4263 512 4314 1.
544 4288 575 4299 -
612 4265 655 4315 12.
673 4265 829 4316 videbantur
847 4263 878 4312 ll.
908 4288 936 4299 —
976 4263 1019 4312 13.
1042 4263 1203 4326 indemutata.
1254 4261 1285 4309 Ut
1302 4261 1415 4324 [reatem
1431 4257 1531 4321 serias.

210 4337 272 4380 sart
289 4331 431 4381 llrasmns:
449 4335 619 4398 inarrratsae,
637 4341 667 4384 at
678 4336 791 4399 frontem
807 4335 898 4398 feriat·
917 4332 984 4382 Suae
1002 4331 1071 4382 lllll.
1088 4353 1116 4365 ·-
1137 4332 1308 4393 remorantia
1325 4330 1369 4394 ant
1386 4328 1460 4376 illam
1477 4339 1533 4374 aaa

211 4400 253 4456 Μ.
270 4408 384 4464 putant,
412 4404 458 4465 aar·
477 4404 550 4453 idam
566 4418 619 4454 aaa
639 4404 662 4454 l.
693 4431 726 4440 -
761 4403 959 4454 arbitrabamur
976 4403 1018 4461 ll,
1046 4401 1213 4451 arbitrantur
1229 4400 1253 4450 l.
1284 4425 1316 4436 ·-
1357 4401 1403 4462 qai
1422 4398 1531 4460 manat

211 4470 285 4522 llll:
305 4473 350 4535 aul
367 4471 493 4538 &meant
511 4474 551 4524 bl:
571 4476 615 4538 qai
631 4481 656 4524 at
673 4476 779 4539 mauolt
796 4473 856 4532 xz,
875 4474 920 4536 aar·
937 4473 1072 4535 quarrit
1091 4469 1121 4520 E.
1144 4495 1173 4508 —
1211 4471 1254 4520 15.
1273 4476 1297 4520 el
1316 4468 1417 4518 carano
1436 4466 1472 4516 Μ.
1502 4489 1529 4500 -

211 4539 254 4590 ld.
275 4541 370 4604 llam
386 4542 429 4605 Μ,
449 4543 523 4594 lt'arro
540 4544 573 4593 ll.
594 4566 624 4580 -·
660 4543 721 4593 Aatt
736 4545 791 4610 filio
810 4544 952 4592 (inveneras
972 4541 1038 4605 (eir.
1059 4541 1104 4603 Ep.
1125 4541 1168 4591 18.
1188 4541 1232 4590 20.
1251 4541 1280 4598 2,
1301 4537 1333 4598 3,
1354 4539 1411 4590 l.l:
1430 4535 1533 4600 Aufidio

211 4623 273 4660 cnm
292 4611 368 4662 llbrls
388 4611 419 4662 ll.
440 4638 468 4650 -
507 4613 550 4665 17.
569 4615 681 4664 drante
699 4615 824 4664 Palicano
842 4626 897 4662 ora.
918 4612 969 4664 ΜΙ.
998 4635 1028 4646 -
1064 4613 1103 4660 iris
1122 4611 1172 4662 ΜΙ.
1201 4635 1232 4644 -
1271 4605 1530 4660 martianaeus.

213 4703 242 4714 -
270 4681 314 4731 20.
332 4682 474 4733 otaaanrar
491 4683 529 4734 Μ.
559 4705 593 4721 -
627 4679 768 4735 ἀδύνατοι
788 4696 844 4744 mg.
863 4681 900 4732 Μ.
928 4707 957 4718 -
995 4695 1085 4730 aarum
1102 4681 1147 4737 Μ.
1181 4681 1286 4730 Tarium
1305 4679 1341 4739 Ζ,
1361 4678 1458 4727 tarium
1477 4689 1530 4738 mg.

211 4749 248 4800 Μ.
278 4773 308 4786 -·
341 4759 431 4814 preter
451 4755 503 4803 anat
523 4767 556 4802 aa
579 4753 683 4803 minima
708 4768 748 4816 nr.
774 4753 813 4804 Μ.
842 4777 876 4786 -
912 4751 955 4800 22.
975 4751 1015 4800 leta
1033 4751 1084 4802 llll.
1115 4777 1148 4787 -
1183 4751 1227 4801 2³.
1246 4749 1416 4799 candidatam
1434 4745 1471 4796 Μ.
1502 4771 1529 4781 -

210 4819 255 4870 at.
270 4829 432 4883 procurator
449 4823 472 4874 1.
491 4847 525 4858 —
560 4819 631 4885 tam]
650 4836 707 4872 rum
724 4823 762 4874 Μ.
784 4849 813 4860 -
834 4821 955 4872 absolata
972 4835 1035 4870 saar
1052 4821 1137 4884 [aetla.
1169 4821 1234 4872 Eam
1254 4821 1363 4868 libenter
1379 4831 1441 4865 maa
1459 4815 1534 4866 ciceri

210 4891 300 4939 amuel
316 4892 458 4943 maidartat
475 4892 537 4943 XY:
563 4891 685 4942 absolata
700 4906 764 4944 saar
780 4892 857 4958 [edla
873 4905 930 4940 earu
948 4892 1054 4941 libantur
1071 4907 1134 4940 mna
1150 4893 1224 4940 citeri
1241 4889 1332 4939 consili
1349 4887 1496 4937 moderant
1515 4885 1533 4934 7.

211 4965 279 5010 terte
297 4960 390 5022 llario,
409 4987 437 4998 ··
455 4962 563 5014 librator
578 4964 707 5013 annotari
731 4962 823 5012 cornill
839 4961 986 5012 occiduunt
996 4961 1023 5010 1Ζ
1042 4968 1108 5012 teste
1128 4961 1269 5018 Larnbino.
1289 4984 1324 4996 ··
1342 4956 1450 5007 libenter
1467 4969 1534 5006 aaran

210 5030 288 5080 caleri
315 5030 458 5091 (numitori
476 5047 532 5096 mg.
550 5031 596 5094 Μ)
625 5033 723 5084 rantuli
740 5033 878 5083 occiderim
894 5031 976 5090 llllll,
1006 5031 1137 5080 absolata.
1174 5031 1242 5081 saar
1259 5031 1337 5094 [aetla
1353 5041 1410 5077 rum
1430 5023 1533 5089 [libert]

211 5095 323 5170 bonade
348 5099 474 5161 (volabat
491 5099 620 5175 benerae)
646 5105 721 5153 aiaarr¹
748 5099 881 5165 [aemil]
907 5101 1057 5152 accederint
1074 5115 1137 5150 curn
1155 5101 1178 5150 l.
1197 5101 1336 5150 Gronorio
1355 5098 1386 5148 ll.
