3666 5874
269 455 346 514 mi

353 605 450 674 llaec
469 605 538 674 illc.
581 603 718 674 aarum
745 625 828 676 sana
854 607 960 676 verba
979 606 1016 674 in
1037 606 1271 678 controversia
1292 609 1402 695 posita
1423 627 1445 678 a
1466 605 1540 676 Md.
1561 609 1597 677 et

268 707 411 778 Victorii
432 709 495 778 Eld.
509 712 661 798 utraque.
704 713 840 781 Habent
861 713 970 779 autem
993 729 1035 777 ex
1058 710 1144 777 bidd.
1157 712 1234 779 mibi
1256 714 1348 778 notis
1364 709 1596 800 Cratandrina,

268 813 479 882 Coloniensia
500 819 681 884 memorata
702 815 867 905 Bangelio
889 818 925 882 et
945 814 1164 906 Bengeliana.
1205 814 1290 883 Post
1310 812 1532 885 Cratandrum
1554 836 1596 885 aa

267 937 384 986 rursus
405 919 504 987 eiecit
525 923 606 986 anie
629 918 812 987 victorium
829 921 1039 1010 llervagius;
1060 919 1218 987 Ascensii
1233 923 1343 987 autem
1358 926 1477 988 neutra
1492 921 1595 989 editio

268 1043 310 1090 ea
331 1023 478 1090 exhibet.
521 1023 599 1114 Ego
620 1041 704 1091 vero
726 1025 761 1090 in
783 1023 836 1091 bis
851 1041 982 1110 semper
995 1026 1122 1114 agnovi
1136 1023 1348 1092 Grammatici
1364 1025 1504 1093 alicuius
1518 1025 1596 1093 liali

267 1123 347 1198 Sec.
360 1125 455 1195 XIV.
476 1129 533 1195 vel
555 1126 632 1195 XV.
652 1128 963 1218 interpolationem,
985 1128 1155 1215 perillum
1177 1122 1259 1196 cdd.
1279 1130 1406 1217 aliquot
1423 1130 1597 1197 recentio-

266 1253 338 1301 rum
364 1249 552 1320 numerum,
583 1237 622 1298 ut
648 1232 702 1323 iit,
735 1235 967 1322 propagatam.
1010 1232 1241 1318 interpolator
1265 1237 1375 1300 autem
1395 1233 1534 1319 perinde
1555 1251 1596 1302 ac

266 1335 466 1404 Wunderus
488 1338 730 1424 oppositionem
753 1338 895 1424 aliquam
915 1336 1108 1420 requirebat
1129 1337 1218 1402 inter
1238 1337 1344 1404 rerba
1363 1339 1516 1426 paudere
1538 1338 1596 1405 dt-

266 1446 400 1508 ctorem
421 1443 458 1507 et
479 1438 701 1532 cobortutna,
721 1459 786 1528 qua
808 1444 918 1507 tamen
941 1459 1027 1526 opus
1048 1438 1136 1505 baud
1159 1441 1227 1527 est,
1248 1442 1277 1506 si
1292 1441 1421 1528 quidem
1436 1443 1598 1528 cumipse

267 1545 496 1633 gratulatione
517 1543 698 1635 gaudiique
712 1545 920 1628 testimonio,
941 1544 1085 1632 urbane,
1106 1547 1144 1610 ut
1159 1543 1301 1612 decebat
1314 1542 1508 1613 Ciceronem
1524 1565 1596 1614 cum

267 1667 351 1738 rege
372 1651 634 1736 colloquentem,
663 1651 768 1716 mixta
789 1651 862 1716 erat
884 1646 1089 1715 cohortatio:
1127 1666 1212 1735 quac
1233 1667 1399 1738 arrogans
1419 1650 1541 1716 fuisset
1562 1654 1598 1717 et

267 1754 455 1840 umbrans,
486 1771 558 1820 eam
579 1754 608 1819 si
631 1754 834 1820 seiunxinet
855 1771 876 1819 a
897 1751 1135 1843 gratulatione.
1177 1750 1361 1820 Praeterea
1382 1752 1452 1819 dari
1474 1757 1597 1840 potest,

267 1861 306 1924 ut
332 1857 557 1943 interpolator
587 1859 718 1924 veritus
750 1859 813 1944 sit,
845 1859 919 1924 sinc
950 1856 1019 1922 ulla
1046 1859 1158 1922 tamen
1186 1873 1304 1943 causa,
1335 1876 1379 1924 ne
1404 1860 1438 1923 ln
1465 1859 1598 1925 sincera

267 1959 414 2028 lectione
427 1960 489 2029 cd·
507 1960 582 2029 Md.
598 1979 631 2027 r.
646 1960 849 2030 coloniolae
862 1961 1107 2053 significatione
1117 1963 1254 2048 passiva
1265 1959 1493 2047 accipiendam
1506 1964 1598 2029 essct

267 2067 334 2132 alc:
357 2061 742 2132 «Ariobarznnercme
760 2063 963 2134 cohortatur
981 2057 1175 2152 discretim
1200 2065 1389 2152 ecatonis,
1411 2084 1478 2131 non
1498 2065 1597 2132 'l'ullii

268 2169 528 2236 consuetudine:
548 2172 597 2236 uti
612 2171 707 2237 simili
721 2188 862 2257 prorsus
875 2171 1006 2236 ratione
1022 2169 1195 2236 Liuianum
1210 2168 1307 2234 iilud:
1330 2169 1364 2255 l,
1386 2168 1427 2261 8,
1448 2164 1501 2236 a:
1519 2187 1599 2236 enm

266 2276 425 2341 secutum
453 2291 636 2341 crumenam
662 2278 794 2361 patant
815 2292 837 2341 a
859 2275 1027 2341 nonnullis
1051 2277 1243 2359 corruptum
1271 2274 1384 2340 estin
1412 2278 1598 2361 atemptare

267 2377 447 2466 inigitur,
481 2396 546 2464 quo
568 2378 626 2444 vei
659 2376 809 2461 adesset,
843 2396 938 2466 quam
968 2376 1198 2463 desiderabat,
1231 2377 1415 2463 oppositio,
1448 2378 1505 2444 vei
1533 2396 1599 2461 quo

267 2481 460 2567 tolleretur,
483 2483 538 2568 qui
561 2481 757 2568 videbatur,
777 2483 1012 2570 soloecismus,
1034 2482 1091 2548 iila
1112 2483 1311 2571 inculcavit,
1334 2480 1493 2571 languida
1515 2483 1599 2548 satis
1705 2547 1711 2560 ,

268 2585 324 2651 vel
338 2587 478 2672 propter
492 2586 598 2670 ipsam
616 2588 800 2654 iuncturam
816 2586 938 2654 tactam
955 2603 1016 2671 per
1029 2605 1087 2652 vv.
1103 2589 1289 2675 ettamen,
1311 2603 1384 2651 cum
1400 2603 1482 2652 sane
1497 2585 1599 2676 longe

268 2689 386 2756 mellus
407 2689 529 2756 luisset
551 2691 607 2756 vel
629 2689 736 2757 ctmnt
756 2688 975 2778 cohortatur,
1007 2691 1064 2756 vel
1090 2694 1203 2784 atquae·
1219 2689 1338 2756 eodem
1360 2695 1513 2775 tempore
1536 2710 1598 2756 co-

267 2791 449 2879 bortatna3
481 2794 597 2881 inepta
617 2798 727 2860 autem
749 2798 889 2880 propter
910 2795 1016 2879 ipsum
1039 2791 1204 2860 deiectum
1225 2792 1322 2858 verbi
1344 2791 1600 2860 adolescentem
1691 2849 1695 2856 ,

269 2897 483 2984 contemptim
504 2915 614 2984 paena
636 2896 680 2964 de
702 2897 818 2965 eodem
836 2901 1045 2985 usurpatum,
1067 2915 1162 2979 quem
1176 2896 1299 2982 ubique
1313 2914 1471 2983 perquam
1487 2897 1599 2964 bono-

267 3000 360 3068 riiicc
381 3018 501 3090 regern
522 3004 703 3088 nuncupat.
745 3001 820 3069 lloo
847 3003 957 3068 autem
983 3000 1150 3067 vocabulo
1171 3000 1318 3068 absurdo
1340 3017 1423 3066 sano
1444 3019 1525 3068 usus
1546 3004 1600 3068 est

267 3107 506 3196 grammaticus
532 3107 605 3196 ille,
637 3124 705 3172 non
734 3107 871 3192 proprio
891 3102 1165 3180 Ariobarzanis,
1198 3123 1266 3170 non
1288 3107 1500 3194 pronomine,
1531 3124 1599 3170 non

268 3211 334 3278 alio
356 3209 518 3296 denique,
554 3213 630 3297 quia
660 3228 723 3278 nec
751 3228 873 3277 nomen
898 3209 1067 3295 proprium
1090 3211 1198 3276 locum
1220 3207 1343 3276 babere
1365 3213 1499 3294 poterat
1522 3203 1599 3296 post

268 3312 507 3400 praecedentia
537 3310 651 3405 Atque
680 3313 740 3380 iile
770 3318 897 3400 nmmo,
935 3330 999 3380 nec
1028 3330 1211 3400 pronomen
1237 3314 1354 3382 iterari
1382 3316 1462 3399 post
1484 3315 1600 3402 epact

269 3417 410 3507 elegans
431 3418 523 3483 ratio·
540 3417 737 3505 videbatur;
773 3415 894 3485 callide
916 3417 1020 3507 igitur
1041 3421 1077 3484 et
1098 3420 1209 3483 tamen
1229 3416 1333 3482 stulte
1354 3417 1513 3503 praetulit
1534 3435 1599 3501 ap-

269 3521 463 3605 pellativum
479 3520 744 3589 adolescentem.
786 3521 856 3589 Cir.
873 3522 1006 3587 omnino
1021 3520 1098 3588 Lib.
1110 3521 1151 3588 2.
1167 3520 1231 3607 Ep.
1248 3516 1301 3586 17
1310 3567 1320 3605 ,
1341 3513 1379 3603 S.
1400 3515 1436 3588 7.
1463 3520 1600 3608 Repre-

268 3623 432 3691 lrensione
461 3627 639 3710 praeterea
666 3625 771 3712 digna
798 3629 878 3692 sunt
906 3628 1045 3711 propter
1073 3624 1192 3691 falsam
1223 3625 1476 3692 collocationem
1504 3626 1601 3692 istius

269 3727 426 3797 vocabuli
459 3729 730 3819 adolescentem,
767 3747 839 3798 cum
877 3729 995 3796 saitem
1030 3728 1205 3796 dicendum
1239 3727 1375 3796 luisset:
1414 3724 1503 3797 Corn
1539 3749 1599 3819 epo

270 3833 486 3901 odotercerrtt
505 3833 709 3922 prandetur
730 3851 841 3900 esrem
854 3872 875 3889 -
889 3836 967 3900 -et
992 3838 1112 3900 tomen
1140 3851 1219 3899 eram
1247 3851 1357 3900 cerem
1387 3832 1599 3902 cohortatur.

269 3936 446 4003 Postremo
474 3938 592 4004 merito
621 3935 829 4012 offendimus,
842 3939 876 4003 ln
902 3938 1037 4026 ingrata
1057 3937 1260 4020 repetitione
1280 3957 1315 4002 v.
1334 3954 1444 4005 carent
1466 3939 1501 4005 in
1523 3941 1600 4024 epi-

270 4041 359 4108 stola
390 4045 457 4107 tom
490 4042 674 4108 elaborata.
717 4038 885 4124 Quattuor
913 4044 1016 4131 igitur
1043 4042 1137 4108 vitiis
1165 4040 1297 4107 laborat
1321 4040 1413 4107 istud
1443 4045 1601 4128 quattuor

270 4146 449 4213 verborum
472 4145 650 4229 emblema,
681 4149 821 4232 propter
849 4163 935 4232 quae
956 4149 1008 4212 tot
1029 4163 1070 4213 ac
1092 4149 1158 4211 tam
1181 4145 1357 4212 manifesta
1378 4147 1463 4213 viiia
1482 4149 1599 4214 merito

271 4267 292 4318 a
314 4249 483 4337 plerisque
505 4247 702 4316 Editoribus
721 4251 881 4317 relectum
904 4253 965 4316 est.

275 4407 279 4417 .
356 4350 450 4421 Sane
471 4351 513 4420 da
535 4357 608 4419 toto
632 4353 696 4421 boc
717 4371 843 4440 genere
865 4353 951 4420 idem
973 4354 1082 4439 valet,
1105 4351 1194 4440 quod
1209 4352 1251 4419 de
1273 4351 1414 4440 quodam
1436 4353 1601 4422 Verrina-

271 4473 342 4523 rum
364 4453 490 4527 Codice
513 4455 595 4524 dicit
616 4457 814 4525 [leonardus
833 4458 970 4525 Brunus
985 4459 1164 4525 Arretinos
1186 4459 1219 4522 ln
1242 4457 1305 4544 bip.
1327 4454 1389 4523 13.
1411 4451 1529 4546 (app.
1549 4460 1602 4528 ed.

271 4555 400 4629 Metuo
428 4560 465 4627 'l'.
481 4561 506 4626 l.
527 4580 559 4647 p.
579 4552 682 4642 49.):
719 4561 827 4628 Mitto
862 4562 926 4629 ttbi
957 4566 1134 4628 orationes
1170 4557 1347 4628 Otceronia
1381 4567 1418 4628 in
1458 4561 1601 4629 Verrem

271 4669 365 4732 recte
387 4665 524 4749 qoddern
538 4669 707 4756 scriptor,
730 4666 809 4757 aed,
830 4672 872 4733 nt
884 4666 1034 4755 otdebta,
1055 4665 1147 4732 maie
1162 4665 1378 4733 emendatos.
1425 4664 1492 4748 Qni
1509 4672 1601 4735 natm

272 4771 444 4854 eorrtpere
466 4769 593 4860 coluit,
616 4769 805 4852 caepione
827 4773 992 4856 corrupti.

358 4866 429 4938 Sed
451 4873 529 4940 alibi
552 4891 684 4960 quoque
704 4871 939 4939 eiusdemmodi
954 4872 1231 4958 interpolationes
1245 4871 1371 4940 habent
1385 4869 1445 4943 cd.
1464 4873 1600 4942 illitor-

272 4975 393 5065 pianus
423 4977 581 5063 imprimis
609 4981 644 5044 et
675 4974 797 5044 liresd.
824 4979 963 5064 tertius;
998 4976 1209 5062 eiusdemque
1241 4979 1394 5068 generis,
1427 4979 1470 5046 ab
1503 4978 1600 5044 italis

273 5079 433 5150 videlicet
463 5081 707 5151 recentioribus
738 5100 800 5150 suo
832 5082 996 5151 arbitrata
1028 5081 1152 5152 naam
1181 5083 1303 5172 pannis
1334 5085 1461 5176 ornati,
1494 5082 1600 5152 rusa
