3656 5868
207 853 220 950 l

317 430 379 494 tta
745 425 1020 492 EPISTOLABUM
1039 429 1092 492 AB
1114 427 1205 492 Falt.

314 587 426 674 pseris.
479 589 510 652 B.
544 587 668 663 Querar
697 606 768 650 cum
796 590 934 652 Vacerra
956 596 987 651 et
1007 585 1151 661 Manili0;
1173 605 1244 648 nam
1267 583 1413 650 Cornelio
1434 585 1510 650 nibil
1532 585 1635 653 audeo

315 682 437 756 dicere,
460 679 549 746 cuius
572 689 606 744 tu
627 679 768 765 periculo
796 680 907 747 stultus
929 703 981 757 es,
1011 681 1159 767 quoniam
1182 690 1211 744 te
1233 677 1273 744 ab
1295 700 1334 744 eo
1357 700 1466 765 sapere
1489 680 1634 746 didicisse

314 773 483 862 profiteris.
527 774 611 852 Quin
639 784 674 839 ιιι
705 795 799 859 urges
827 775 917 840 istam
950 775 1146 840 occasionem
1175 783 1206 837 et
1227 772 1418 848 facultatem,
1441 795 1502 860 qua
1522 775 1635 840 melior

315 893 473 957 nunquam
495 869 688 955 reperietur!
723 869 815 947 Quod
852 867 962 934 scribis
996 869 1035 932 de
1061 868 1115 934 illo
1147 867 1297 933 Preciano
1325 868 1552 960 iureconsulto,
1575 892 1634 954 ego

292 973 345 1032 ate
375 965 405 1028 ei
433 986 497 1029 nou
530 963 639 1029 desino
668 963 903 1042 commendare;
936 962 1044 1028 scribit
1073 962 1155 1026 enim
1185 961 1252 1048 ipse
1282 961 1358 1026 mihi
1388 970 1418 1025 tc
1440 961 1500 1026 sibi
1521 965 1634 1046 gratias

315 1079 411 1143 agere
433 1055 559 1123 dehere.
608 1062 653 1122 Be
676 1057 813 1144 ecquid
842 1058 899 1133 sit,
933 1079 1026 1132 cura,
1059 1065 1093 1121 ut
1114 1056 1220 1122 sciam.
1276 1059 1343 1141 Ego
1376 1065 1495 1122 vestras
1516 1062 1635 1124 Britan-

315 1151 399 1217 nicas
420 1151 538 1218 litteras
560 1161 719 1239 exspecto.

789 1295 843 1357 ιι.
887 1290 935 1377 (ι.
962 1295 994 1358 ιι.
1017 1296 1049 1358 c.
1072 1290 1157 1375 roo.)

788 1415 930 1481 ClCERO
953 1416 1160 1480 TREBATIO.

282 1549 308 1592 ιι
402 1533 430 1595 1.
452 1533 518 1596 lam
539 1527 624 1594 diu
614 1546 743 1611 ignoro,
772 1525 849 1612 quid
870 1549 959 1612 agas;
981 1526 1058 1591 nibil
1080 1527 1164 1592 enim
1185 1527 1310 1604 scribis,
1337 1551 1440 1616 neque
1462 1551 1522 1614 ego
1543 1530 1583 1596 ad
1603 1541 1634 1596 te

315 1622 363 1710 bis
391 1623 515 1689 duobus
546 1620 707 1687 mensibus
733 1621 931 1706 scripseram.
982 1620 1076 1698 Quod
1104 1641 1176 1685 cum
1209 1625 1326 1700 Quinto
1352 1625 1450 1690 fratre
1478 1647 1550 1691 meo
1572 1647 1634 1690 non

315 1738 401 1793 eras,
434 1738 498 1824 quo
530 1715 684 1781 mitterem
706 1722 759 1779 aut
780 1714 829 1778 cui
852 1714 975 1790 darem,
1012 1715 1199 1782 nesciebam.
1244 1718 1342 1804 Cupio
1365 1706 1444 1784 scire
1465 1720 1541 1805 quid
1562 1741 1634 1805 agas

314 1821 346 1876 et
373 1810 427 1876 ubi
456 1810 498 1875 sis
520 1809 723 1875 hiematurus,
776 1791 930 1895 Equidem
948 1809 1040 1874 velim
1063 1831 1134 1875 cum
1157 1814 1306 1886 Caesare,
1329 1813 1382 1877 sed
1406 1814 1445 1878 ad
1468 1835 1540 1879 enm
1563 1836 1635 1901 pro-

313 1915 383 1991 pter
412 1910 480 1970 eius
508 1905 743 1991 occupationem
771 1903 847 1967 nibd
876 1925 945 1968 sum
974 1923 1068 1967 ausus
1096 1902 1263 1982 scriberc;
1303 1906 1343 1970 ad
1372 1906 1500 1972 Balbum
1531 1919 1634 1972 umen

279 1999 437 2086 ttseripsi.
490 2002 521 2064 2.
557 2004 604 2064 Tu
635 1997 692 2064 tibi
719 1997 827 2086 deesse
854 1996 928 2062 noli.
972 1997 1079 2060 Serius
1108 1997 1211 2083 potius
1233 1954 1272 2062 ad
1301 2021 1372 2075 nos,
1402 2001 1476 2065 dum
1498 2002 1633 2086 plenior.

315 2093 407 2171 Quod
430 2094 491 2157 buc
511 2113 678 2179 properes,
701 2091 778 2156 nibil
799 2100 863 2164 est,
886 2090 1070 2176 pracsertim
1086 2095 1209 2156 Battara
1224 2101 1360 2158 mortuo.
1405 2095 1466 2158 Sed
1484 2093 1540 2160 tibi
1561 2115 1635 2161 con·

314 2187 418 2252 silium
446 2207 509 2250 non
541 2186 638 2250 deest.
688 2184 772 2263 Quid
794 2185 1010 2258 constitueris,
1041 2183 1133 2269 cupio
1155 2185 1246 2250 scire.
1290 2189 1319 2251 3.
1343 2190 1397 2256 Cn.
1421 2189 1567 2254 Octavius
1589 2197 1635 2254 est

314 2301 355 2344 an
377 2283 431 2345 Cn.
454 2279 616 2345 Cornelius
639 2278 787 2365 quidam,
816 2287 887 2343 tuus
909 2278 1095 2364 familiaris,
1124 2299 1246 2344 summo
1268 2299 1383 2364 genere
1405 2290 1509 2364 natus,
1531 2291 1635 2346 terrae

314 2373 414 2451 lilius3
437 2373 464 2438 is
487 2394 551 2446 me,
575 2373 647 2459 quia
669 2371 726 2436 scit
747 2382 834 2436 tuum
855 2370 1041 2436 familiarem
1064 2390 1146 2446 esse,
1169 2371 1282 2436 crebro
1304 2373 1344 2438 ad
1365 2394 1494 2438 coenam
1515 2374 1634 2440 invitat.

277 2466 423 2532 tondbuc
444 2487 507 2531 non
529 2465 630 2552 potuit
651 2464 843 2551 perducere;
866 2465 921 2530 sed
943 2464 1019 2529 mibi
1041 2471 1144 2530 tamen
1165 2477 1288 2552 gratum
1309 2477 1365 2534 est.

799 2607 837 2669 r.
880 2604 929 2687 (l.
954 2607 987 2670 a
1010 2608 1042 2670 c
1064 2609 1149 2677 ιιι.)

691 2721 733 2783 ιι.
756 2720 898 2786 crunno
922 2720 953 2781 s.
975 2722 1012 2782 n.
1035 2721 1243 2785 susanne.

401 2846 429 2908 1.
459 2845 535 2927 Legi
564 2848 632 2906 tuas
659 2839 794 2914 litteras,
825 2837 1005 2925 exquibus
1032 2838 1171 2906 intellexi
1199 2849 1230 2905 te
1260 2841 1384 2906 Caesari
1412 2855 1521 2908 nostro
1544 2843 1634 2910 valde

314 2937 562 3004 iureconsultum
594 2935 705 3000 videri.
760 2937 815 2999 Est
843 2931 928 3020 quod
958 2932 1094 3018 gaudeas
1121 2945 1151 2999 te
1173 2935 1205 2999 in
1233 2935 1292 3000 ista
1314 2935 1382 3000 loca
1404 2937 1547 3010 venisse,
1579 2937 1634 3004 ubi

275 3063 304 3103 rs
313 3032 429 3119 aliquid
461 3051 572 3117 sapere
600 3028 756 3095 viderere.
800 3026 921 3106 Quodsi
941 3027 974 3091 iu
996 3028 1185 3094 Britanniam
1208 3049 1334 3116 quoque
1355 3029 1513 3115 profectus
1538 3051 1635 3106 esses,

312 3125 455 3212 profecto
484 3146 577 3189 nemo
603 3123 636 3189 in
664 3123 718 3188 illa
746 3130 829 3187 tantu
855 3121 956 3187 insula
977 3121 1111 3208 peritior
1132 3131 1161 3188 te
1189 3122 1307 3188 fuisset.
1349 3130 1571 3190 Verumtamen
1593 3163 1634 3172 -

312 3218 469 3284 rideamus
503 3218 596 3296 licata
628 3238 697 3282 snm
729 3217 813 3281 euim
844 3237 863 3279 a
890 3227 921 3280 te
949 3215 1096 3282 invitatus
1124 3223 1165 3263 -’
1194 3217 1378 3284 subinvideo
1401 3219 1474 3294 tibi,
1497 3220 1581 3286 ultro
1605 3233 1634 3284 te

312 3313 405 3378 etiam
427 3311 610 3376 arcessitum
632 3309 672 3373 ab
695 3330 756 3384 eo,
792 3308 831 3374 ad
852 3330 947 3395 quem
969 3309 1088 3385 ceteri,
1110 3331 1173 3374 nou
1194 3323 1324 3399 propter
1345 3313 1523 3398 superbiam
1545 3315 1635 3388 eius,

314 3405 369 3472 sed
390 3415 521 3490 propter
549 3403 804 3489 occupationem,
835 3402 997 3488 adspirare
1024 3425 1087 3468 nou
1117 3415 1256 3489 possunt.
1312 3412 1343 3472 B.
1375 3406 1436 3472 Sed
1467 3417 1500 3472 tu
1522 3408 1553 3473 in
1577 3413 1635 3473 ista

275 3499 444 3585 ,aepistola
478 3498 555 3562 nihil
581 3496 658 3562 mibi
685 3496 835 3584 scripsisti
864 3495 903 3559 de
933 3496 994 3560 tuis
1026 3496 1135 3572 rebus,
1173 3519 1252 3585 quae
1275 3501 1451 3566 mehercule
1472 3499 1547 3564 mihi
1571 3523 1634 3566 non

313 3591 428 3656 minori
456 3610 551 3656 curae
584 3600 656 3655 suut
686 3611 781 3677 quam
813 3607 911 3654 meae.
961 3589 1058 3654 Valde
1080 3599 1203 3666 metuo,
1226 3615 1264 3658 ne
1287 3594 1401 3680 frigeas
1422 3595 1454 3658 iu
1477 3594 1634 3672 hibernis;

312 3682 517 3771 quamobrem
538 3684 660 3748 camino
682 3684 839 3749 luculento
863 3682 1013 3747 utendum
1035 3703 1147 3750 censeo
1170 3721 1207 3732 -
1230 3686 1313 3752 idem
1331 3687 1434 3753 Mucio
1457 3697 1487 3752 et
1508 3687 1635 3752 Manilio

265 3797 272 3812 ¹
311 3776 454 3864 placebat
475 3811 531 3851 -,
554 3777 738 3863 praesertim
760 3776 814 3863 qui
835 3775 921 3860 sagis
943 3797 1005 3840 non
1028 3774 1213 3844 abundares.
1257 3783 1451 3867 Quanquam
1474 3803 1530 3847 vos
1553 3801 1634 3845 nunc

311 3871 381 3936 istic
402 3871 476 3936 satis
498 3871 600 3935 calere
619 3869 737 3947 audi0;
760 3890 823 3956 quo
838 3869 967 3955 quidem
980 3871 1088 3936 nuntio
1103 3872 1192 3938 valde
1207 3872 1384 3940 mehercule
1409 3874 1448 3939 de
1473 3883 1502 3939 ta
1523 3875 1636 3939 timue-

274 3988 390 4038 ,ιι-ιιι.
436 3964 499 4030 Sed
532 3975 565 4030 tu
599 3965 631 4028 in
653 3985 689 4029 re
718 3963 845 4029 militari
868 3962 966 4028 multo
988 3984 1021 4028 cs
1044 3965 1165 4030 cautior
1186 3988 1280 4053 quam
1301 3967 1334 4034 in
1355 3967 1633 4045 advocationibus,

311 4064 364 4147 qui
386 4080 488 4146 neque
510 4059 541 4122 in
564 4061 689 4123 Oceano
703 4067 810 4123 natare
830 4057 986 4132 volueris,
1008 4057 1252 4125 studiosissimus
1266 4060 1360 4126 bomo
1375 4064 1509 4138 natandi,
1532 4084 1634 4149 neque

309 4162 452 4238 spectare
474 4151 667 4226 essedarios,
689 4173 783 4239 quem
805 4159 896 4215 antea
919 4171 959 4214 ne
982 4149 1165 4217 andabatam
1187 4153 1313 4239 quidem
1336 4153 1524 4222 defraudare
1544 4167 1635 4242 pota-

308 4268 425 4313 ramus.
479 4246 541 4311 Scd
563 4246 625 4310 iam
647 4246 721 4311 satis
742 4245 836 4310 iocati
859 4266 976 4310 sumus.
1027 4251 1057 4311 3.
1090 4251 1157 4332 Ego
1179 4248 1218 4313 de
1241 4249 1330 4314 lead
1353 4255 1516 4316 Caesarem
1539 4269 1633 4334 quam

310 4341 476 4426 diligenter
507 4339 703 4427 scripserim,
735 4349 799 4404 tute
822 4337 899 4414 scis;
922 4360 1151 4426 quamsaepe,
1174 4363 1243 4428 ego.
1288 4343 1350 4408 Sed
1371 4342 1549 4408 mehercule
1571 4347 1633 4406 iam

271 4435 557 4510 mintermiseram,
578 4455 618 4502 uc
637 4433 762 4499 viderer
783 4430 992 4498 liberalissimi
1014 4430 1149 4499 hominis
1163 4436 1287 4522 meique
1302 4435 1502 4500 amantissimi
1522 4435 1634 4500 volun-

377 4657 405 4705 B.
424 4657 549 4719 quoniam
566 4654 612 4705 lt:
631 4666 711 4717 guum
728 4651 760 4701 B.
781 4677 811 4687 -
831 4651 858 4701 6·
878 4651 1048 4702 Britannicus
1067 4651 1169 4703 litterar
1188 4653 1234 4705 tl:
1255 4655 1357 4705 littorea
1374 4654 1545 4704 Britannicus
1558 4654 1587 4703 B.
1600 4677 1633 4692 -

308 4726 351 4773 11.
371 4727 440 4788 qaod
458 4725 502 4774 tt:
523 4726 585 4788 quta
604 4722 636 4772 E.
658 4749 687 4759 -
726 4721 769 4770 tt.
788 4720 820 4772 V.
840 4723 1023 4782 occupationes
1042 4723 1069 4771 iu
1088 4722 1116 4773 bl
1134 4725 1264 4773 omissum
1284 4739 1314 4774 ex
1335 4731 1425 4774 vetere
1444 4725 1632 4787 supplemento

307 4795 408 4844 habeut
421 4796 528 4844 Ambrr.
544 4807 657 4854 omnes,
677 4790 734 4850 ulii,
748 4790 779 4840 B.
805 4791 924 4840 Praetuli
938 4795 1132 4854 occupationem
1145 4808 1175 4843 ex
1190 4795 1238 4858 Ep.
1253 4795 1295 4853 10,
1308 4799 1332 4845 1.
1353 4795 1403 4844 Οιι.
1423 4819 1442 4828 -
1468 4797 1510 4844 15.
1529 4797 1633 4858 scripsit

307 4865 646 4925 octochordorum
686 4862 724 4911 Τιι
743 4863 825 4912 deesse
843 4863 890 4911 tttt
909 4863 939 4912 B.
960 4885 991 4894 -
1029 4863 1072 4912 lli.
1093 4865 1161 4926 Quid
1178 4864 1216 4914 tt.
1239 4891 1268 4901 -
1294 4867 1404 4915 Vacerra
1422 4865 1578 4915 Cratander.
1598 4889 1631 4898 -

309 4934 351 4982 17.
371 4935 424 4983 dest
443 4935 480 4984 Μ.
508 4956 540 4968 -
567 4935 615 4982 Co.
635 4933 758 4982 Octooim
776 4939 812 4981 est
830 4946 868 4980 uo
886 4933 933 4983 Gn.
953 4932 1086 4982 Cornelius
1116 4936 1223 4998 quidum
1250 4935 1277 4985 Μ
1307 4934 1369 4999 (nisi
1389 4936 1459 4998 quod
1480 4935 1559 4984 habet
1578 4938 1633 4997 put·

307 5003 395 5060 daal:
424 5004 470 5052 cn.
491 5003 614 5052 Octavius
632 5017 668 5051 on
687 5001 733 5052 Ca.
754 5001 887 5051 Cornelius
905 5003 1011 5065 quidam
1029 5011 1066 5052 est
1084 5003 1114 5052 tt.
1135 5031 1163 5041 -
1185 5005 1229 5055 25.
1250 5019 1339 5067 capere
1358 5005 1395 5056 lll.
1417 5031 1445 5040 -
1466 5005 1508 5053 27.
1529 5014 1552 5055 ta
1570 5011 1633 5054 aute

307 5075 389 5124 attam
406 5087 462 5124 orn.
482 5073 520 5124 M.
542 5097 569 5108 —
600 5071 645 5121 ⁶28.
665 5073 817 5122 accersitum
836 5071 873 5124 111.
890 5095 921 5106 -
949 5072 993 5124 37.
1013 5073 1150 5126 onduhuto
1168 5073 1305 5127 Gesnerus
1325 5077 1352 5125 in
1372 5076 1521 5125 Thesauro.
