3662 5908
610 384 683 448 Llll.
705 387 728 448 l.
771 385 829 450 ΕΡ.
854 387 881 449 1.
925 387 957 451 C.
980 388 1010 450 8.
1032 389 1062 451 9.
1087 389 1135 452 ld.
1464 395 1526 459 att

209 549 254 617 te:
276 549 384 627 patere
412 559 504 604 aures
533 548 601 605 tuas
633 541 769 626 querelis
790 540 946 621 omnium;
976 543 1090 612 nullius
1111 545 1249 632 inopiam
1270 569 1306 614 ac
1327 550 1527 619 solitudinem

208 656 273 700 non
294 635 390 700 modo
410 634 465 700 illo
494 635 635 720 populari
663 657 790 702 accessu
819 657 855 701 ac
884 636 1044 713 tribunali,
1082 639 1137 704 sed
1164 661 1204 706 ne
1232 641 1326 708 domo
1348 645 1474 730 quidem
1495 658 1528 714 et

208 728 353 796 cubiculo
373 749 443 793 esse
466 729 623 794 exclusam
645 738 716 808 tuo;
739 739 805 796 toto
827 729 962 817 denique
983 732 1016 796 iu
1040 731 1174 819 imperio
1195 735 1271 800 nihil
1286 737 1431 806 acerbum
1447 761 1526 817 esse,

208 823 286 889 nihil
299 822 442 897 crudele,
465 832 557 908 atque
577 823 682 888 omnia
702 823 792 909 plena
814 823 1009 900 clementiae,
1031 827 1294 905 mausuetudinis,
1317 829 1526 900 humanitatis.

291 920 345 981 1x.
378 920 429 980 26.
463 918 620 993 Quantum
642 937 719 982 vero
740 916 817 984 illud
840 925 887 982 est
914 916 1101 985 beneficium
1123 929 1226 996 tuum,
1255 923 1341 1009 quod
1364 924 1473 1012 iniquo
1495 937 1550 992 ets

208 1009 296 1094 gravi
318 1009 461 1095 vectigali
482 1009 641 1086 aedilicio,
674 1031 745 1075 cum
768 1011 887 1095 magnis
908 1013 1023 1078 nostris
1044 1013 1266 1090 simultatibus,
1288 1018 1391 1082 Asiam
1412 1019 1527 1086 libera·

208 1104 268 1169 sti?
308 1103 450 1178 Etenim,
483 1104 510 1169 si
535 1125 616 1169 unus
641 1104 736 1169 bomo
761 1103 874 1170 nobilis
901 1107 1044 1192 queritur
1067 1107 1170 1192 palam
1193 1119 1238 1182 te,
1262 1111 1347 1196 quod
1372 1111 1525 1189 edixeris,

209 1217 250 1264 nr
268 1217 312 1263 nn
335 1215 444 1262 uvoos
467 1217 629 1264 racvnrnn
651 1217 954 1274 oacannsnrnrvn,
979 1201 1049 1264 118.
1066 1219 1117 1267 cc.
1139 1201 1199 1266 sibi
1213 1203 1389 1289 eripuisse:
1411 1216 1526 1293 quamn

208 1292 331 1358 tandern
350 1291 481 1379 pecunia
499 1291 702 1377 penderetur,
724 1292 750 1356 si
772 1293 913 1357 omnium
933 1293 1076 1366 nomine,
1098 1294 1275 1384 quicunque
1292 1304 1410 1366 Romae
1435 1301 1525 1368 ludos
1626 1315 1629 1322 '

207 1385 361 1460 lacerent,
383 1385 468 1472 quod
490 1396 557 1451 erat
577 1385 637 1452 iarn
660 1387 846 1461 institutum,
868 1392 1074 1472 erogaretur?
1112 1390 1307 1476 Quamquam
1330 1393 1385 1459 bas
1410 1417 1523 1483 quere-
1536 1409 1562 1449 ¹⁰

206 1479 251 1545 las
275 1479 438 1545 bominum
456 1487 637 1546 nostrorum
663 1481 718 1545 illo
742 1480 873 1546 consilio
898 1482 1126 1568 oppressimus,
1163 1483 1249 1569 quod
1270 1484 1302 1550 in
1323 1487 1392 1553 Asia
1418 1490 1524 1556 nescio

206 1594 343 1661 quonam
364 1572 479 1648 modo,
502 1580 619 1640 Romae
641 1574 767 1660 quidem
789 1595 852 1639 non
873 1574 1024 1641 mediocri
1047 1596 1118 1641 cum
1143 1575 1349 1645 admiratione
1370 1581 1525 1658 laudatur,

205 1665 305 1753 quod,
330 1687 401 1731 cum
422 1668 462 1733 ad
484 1669 633 1754 templum
659 1678 956 1755 monumentumque
977 1677 1120 1734 nostrum
1141 1670 1279 1738 civitates
1300 1676 1448 1759 pecunias
1472 1677 1526 1742 dc-

205 1760 392 1835 crevissent,
413 1781 547 1846 cumque
575 1760 606 1827 id
631 1771 663 1827 et
683 1783 742 1849 pro
762 1762 839 1826 meis
867 1762 988 1846 magnis
1013 1761 1133 1828 meritis
1158 1774 1190 1830 ct
1217 1786 1276 1851 pro
1298 1768 1359 1834 tuis
1379 1771 1524 1838 maximis

205 1853 364 1919 beneliciis
393 1876 513 1920 summa
537 1877 592 1921 sua
619 1857 776 1922 voluntate
804 1854 967 1930 iecissent,
996 1857 1242 1945 nominatimque
1264 1860 1316 1926 lex
1345 1867 1522 1949 exciperet,
1535 1875 1561 1916 ¹⁵

206 1967 250 2013 vr
271 1968 315 2014 no
338 1967 499 2014 rrnrcvu
521 1967 760 2016 nonvuanrvu
783 1968 910 2015 carens
933 1968 1091 2030 uicenam
1128 1971 1261 2039 cumque
1279 1953 1331 2028 id,
1362 1956 1447 2042 quod
1469 1956 1524 2023 da·

204 2041 311 2116 batur,
333 2063 397 2107 non
418 2052 501 2108 esset
515 2044 729 2118 interiturum,
752 2043 806 2108 sed
828 2043 860 2107 in
882 2043 1071 2109 ornamentis
1093 2046 1200 2131 templi
1225 2047 1385 2124 futurum,
1406 2059 1523 2116 utnon

205 2135 280 2201 mibi
302 2137 405 2222 potius
424 2159 516 2224 quam
534 2139 653 2225 populo
673 2144 814 2205 Romano
839 2156 875 2200 ac
899 2136 959 2202 diis
979 2137 1207 2205 immortalibus
1225 2140 1331 2207 datum
1347 2140 1522 2210 videretur:

192 2223 307 2306 (tamen
328 2230 380 2303 id,
402 2235 434 2296 in
458 2252 522 2319 quo
545 2241 614 2310 erat
645 2231 794 2317 dignitas,
830 2237 898 2294 erat
915 2228 989 2304 lex,
1027 2239 1094 2295 erat
1116 2251 1243 2308 eorum,
1271 2234 1326 2320 qni
1347 2235 1522 2312 iaciebant,
1579 2229 1662 2307 ἄν

205 2310 368 2410 voluntas)
396 2325 611 2412 accipiendum
642 2345 706 2390 non
734 2313 931 2414 putavilcum
965 2321 1034 2388 aliis
1065 2323 1104 2388 de
1132 2325 1249 2400 causis,
1285 2339 1351 2394 tum
1374 2333 1468 2394 etiam
1488 2340 1560 2395 utw

204 2417 308 2482 animo
328 2419 478 2504 aequiore
501 2418 620 2485 ierrent
641 2419 679 2494 ii,
713 2415 827 2506 quibus
849 2438 907 2482 nec
925 2415 1093 2482 deberetur
1118 2438 1176 2482 nec
1203 2419 1321 2487 liceret
1365 2425 1415 2488 27.
1439 2426 1524 2500 Qua·

204 2519 335 2597 propter
355 2510 499 2578 incumbe
519 2521 585 2579 toto
604 2518 708 2579 animo
727 2521 758 2577 et
778 2511 882 2578 studio
905 2510 990 2576 omni
1010 2511 1043 2577 in
1065 2531 1134 2576 eam
1149 2513 1318 2590 rationem,
1341 2535 1402 2604 qua
1423 2517 1524 2584 adbuc

203 2626 280 2670 usus
302 2627 350 2678 es,
373 2613 505 2690 ut(eos,
528 2628 607 2693 quos
629 2617 699 2673 tuae
721 2606 794 2672 fidei
818 2607 1026 2692 potestatique
1044 2616 1169 2674 senatus
1193 2609 1390 2698 populusque
1410 2616 1524 2676 Roma-
1642 2667 1647 2683 ,

203 2720 262 2763 nus
286 2699 441 2767 commisit
461 2708 493 2764 et
515 2700 671 2802 crediditq
697 2681 814 2786 diligas]
829 2709 860 2765 et
880 2701 966 2766 omni
987 2701 1109 2766 ratione
1133 2711 1258 2778 tueare,
1288 2715 1319 2767 et
1339 2723 1408 2768 esse
1429 2725 1523 2789 quam

203 2785 411 2857 beatissimos
423 2793 511 2858 velis.
555 2788 674 2871 Quodsi
698 2802 728 2858 te
757 2816 826 2861 sors
846 2793 930 2859 Afris
960 2805 1013 2860 aut
1033 2796 1178 2879 Hispanis
1200 2806 1253 2860 aut
1281 2794 1376 2862 Gallis
1399 2796 1560 2882 praese-⁸⁵

202 2885 311 2958 cisset,
342 2884 530 2951 immanibus
554 2907 590 2951 ac
618 2885 760 2952 barbaris
781 2886 976 2963 notionibus,
1004 2897 1107 2952 tamen
1126 2897 1207 2953 esset
1230 2887 1429 2954 humanitatis
1451 2898 1522 2956 tuae

202 2979 367 3044 consulere
392 3000 503 3045 eorum
529 2980 702 3046 commodis
728 2989 760 3045 et
779 2981 904 3046 utilitati
931 2981 1083 3067 salutique
1109 2982 1240 3046 servire.
1284 2985 1362 3048 Cum
1387 3002 1465 3048 vero
1491 2980 1521 3046 ei

201 3073 311 3158 generi
332 3072 493 3138 bominum
516 3074 705 3160 praesimns,
733 3093 795 3139 non
817 3074 913 3139 modo
931 3075 963 3138 in
982 3095 1046 3160 quo
1070 3074 1140 3160 ipso
1160 3075 1217 3149 sit,
1240 3072 1405 3139 sedetiam
1424 3095 1520 3160 aquo

201 3166 241 3231 ad
262 3167 340 3232 alios
360 3167 540 3253 pervenisse
558 3176 687 3255 putetur
704 3167 893 3241 humanitas,
916 3177 1001 3234 certe
1017 3167 1057 3233 iis
1079 3189 1149 3233 eam
1167 3168 1363 3254 potissimum
1379 3166 1521 3233 tribuere

202 3260 370 3336 debemus,
402 3261 551 3348 aquibus
571 3261 758 3347 accepimus.
801 3264 851 3326 28.
873 3264 942 3326 Non
962 3261 1045 3326 enim
1066 3282 1116 3327 me
1139 3261 1200 3326 boc
1219 3260 1281 3325 iam
1297 3258 1405 3324 dicere
1423 3259 1517 3346 pudo
1529 3273 1557 3312 ⁸⁰

201 3353 266 3431 bit,
298 3357 483 3442 praesertim
508 3356 598 3421 inea
623 3355 685 3420 vita
710 3364 802 3440 atque
820 3355 859 3420 iis
883 3353 978 3420 rebus
1001 3355 1108 3440 gestis,
1138 3355 1171 3421 in
1197 3353 1311 3441 quibus
1333 3373 1396 3418 non
1417 3362 1521 3437 potest

200 3449 340 3515 residere
359 3449 490 3515 inertiae
508 3459 562 3514 aut
576 3448 709 3514 levitatis
723 3449 785 3513 ulla
800 3449 1033 3535 suspicio,(nos
1047 3449 1104 3532 eal
1127 3470 1207 3536 quae
1225 3447 1383 3514 consecuti
1402 3467 1518 3522 sumus,
1632 3509 1645 3537 Ι

150 3557 155 3566 ’
187 3527 241 3606 (iis
264 3541 375 3608 studiis
398 3550 429 3606 et
451 3541 570 3608 artibus
591 3563 659 3607 esse
676 3540 823 3626 adeptos,
845 3563 926 3629 quoe
944 3543 1005 3608 sint
1024 3541 1288 3638 nobislGrneciao
1309 3541 1519 3606 monumentis
1588 3525 1693 3624 Ν

200 3637 611 3724 disciplinisquetraditae.)
645 3639 750 3714 Quare
775 3625 901 3721 praeter
920 3656 1116 3702 communem
1139 3635 1252 3710 fidem,
1274 3655 1354 3721 quae
1375 3633 1520 3700 omnibus

200 3729 347 3804 debetur,
380 3740 543 3816 praeterea
564 3751 622 3796 nos
648 3729 700 3793 isti
721 3729 884 3796 bominum
902 3730 1010 3814 generi
1031 3731 1200 3817 praecipue
1222 3728 1336 3796 debere
1354 3728 1558 3802 cidamum

200 3834 253 3900 ut,
276 3846 412 3912 quorum
432 3829 606 3912 praeceptis
629 3844 736 3888 sumus
757 3823 891 3897 eruditi,
914 3823 997 3910 apud
1018 3845 1073 3891 eos
1093 3825 1194 3911 ipsos,
1217 3821 1303 3911 quod
1322 3821 1362 3887 ab
1385 3822 1424 3888 iis
1441 3821 1521 3888 didi·

202 3919 353 3993 cerimus,
377 3919 508 3985 velimus
530 3938 728 4004 expromere.

284 4016 323 4077 X.
346 4016 397 4077 29.
419 4019 520 4098 Atque
541 4013 593 4078 ille
621 4010 748 4097 quidem
774 4012 920 4097 princeps
941 4011 1057 4097 ingenii
1084 4021 1115 4077 et
1144 4009 1304 4076 doctrinae
1335 4011 1421 4076 Plato
1453 4017 1520 4074 tum
1616 3961 1643 4059 f

199 4104 335 4193 deniqne
350 4107 420 4172 lore
434 4107 542 4172 beatas
554 4127 608 4172 res
620 4105 760 4193 publicas
779 4091 918 4191 putavit,
940 4105 968 4170 si
989 4114 1042 4170 aut
1055 4103 1139 4170 docti
1158 4113 1192 4168 et
1209 4103 1363 4189 sapientes
1377 4103 1519 4168 bomines

268 4317 295 4368 2.
322 4319 424 4383 quidem
443 4323 490 4367 tuo
507 4324 532 4368 st
550 4317 572 4366 l.
601 4342 631 4353 -
669 4315 694 4366 3.
715 4315 845 4366 culmem
864 4321 931 4372 teror
962 4319 1018 4363 toto
1037 4312 1192 4364 Manutius:
1221 4311 1369 4362 occlusum.-
1397 4317 1443 4361 tuo
1461 4317 1519 4362 toto

198 4386 268 4437 unt.
300 4411 332 4425 -
367 4391 397 4439 tn
413 4389 522 4450 imperio
540 4387 570 4435 1:
601 4387 710 4449 irnperio
729 4385 811 4437 111111.
830 4411 864 4421 -
899 4384 926 4435 d.
957 4383 1076 4434 oadtltcto
1094 4397 1151 4434 cam
1173 4384 1277 4447 mcqnt'e
1293 4381 1517 4434 Lueaemannaa:

198 4457 378 4507 aulaeorum
406 4458 509 4521 mupnir
534 4469 596 4506 cum
628 4456 705 4505 libris
732 4455 762 4504 ll.
783 4481 814 4492 -
850 4455 877 4505 ’1.
897 4455 998 4505 Etenim
1015 4452 1076 4504 1111
1094 4454 1233 4504 Enimvero
1250 4451 1305 4502 ult.
1327 4475 1357 4487 -
1394 4451 1436 4500 12.
1456 4465 1520 4516 quo·

197 4540 260 4576 nom
277 4527 364 4579 alut:
384 4542 435 4593 qoo
453 4526 600 4578 Ernestiue.
638 4523 916 4577 ctr.rtattouectc.
938 4523 1075 4587 lippael.
1097 4521 1304 4584 11121142.
1334 4544 1364 4556 -
1400 4520 1518 4571 11111-

197 4599 254 4660 pau'a
271 4601 334 4647 mets
353 4598 376 4647 1.
397 4621 428 4633 -
456 4598 499 4648 16.
519 4597 559 4658 at]
578 4603 602 4647 et
623 4596 645 4646 1.
663 4619 698 4630 -
715 4601 909 4645 monomottum
927 4592 1063 4644 Orelllnaa
1082 4599 1108 4642 et
1124 4597 1318 4642 monumentum
1335 4589 1404 4647 1111,
1422 4604 1518 4640 monu-

197 4674 360 4731 mentumque
379 4667 422 4716 111.
443 4691 474 4704 -
494 4667 537 4717 18.
557 4667 675 4716 Romano
690 4664 830 4727 popalo'l.
852 4687 883 4699 -
902 4665 944 4713 20.
965 4660 1032 4726 nrm]
1052 4671 1107 4713 tom
1126 4662 1147 4713 1.
1169 4684 1199 4698 -
1219 4663 1264 4713 21.
1282 4658 1376 4720 1111,
1394 4659 1464 4710 tol.
1486 4686 1517 4696 -

197 4735 240 4786 21.
261 4744 285 4786 et
303 4751 356 4788 case
374 4738 559 4788 Facctolatuer
580 4743 608 4786 ot
627 4747 678 4786 auc
696 4747 758 4784 cum
778 4735 853 4784 libris
872 4733 903 4783 E.
932 4755 963 4768 -
1001 4733 1046 4783 28.
1064 4735 1121 4796 ipso
1139 4731 1266 4782 llalaiuat
1284 4731 1344 4793 ipsc
1361 4743 1422 4779 cum
1443 4730 1518 4781 libris

197 4805 228 4856 E.
250 4830 279 4844 -
318 4808 362 4858 22.
381 4809 414 4856 ita
431 4809 511 4858 etiam
527 4820 585 4856 enm
604 4806 625 4856 1.
647 4828 678 4841 -
714 4804 757 4854 31.
782 4812 860 4868 atque
876 4803 917 4853 bis
935 4803 964 4862 l,
983 4809 1061 4867 atque
1078 4805 1107 4853 in
1124 4803 1157 4852 ite
1175 4800 1213 4853 ld.
1234 4823 1264 4835 -
1301 4799 1345 4850 33.
1364 4801 1398 4849 iis
1417 4801 1460 4850 ll:
1478 4801 1519 4850 lete

197 4875 271 4927 lllli.
302 4901 332 4912 -
369 4877 411 4928 31.
433 4879 550 4928 traditae
568 4879 597 4927 la
628 4875 730 4925 tradito
748 4873 831 4926 ltltll.
863 4896 894 4908 -
930 4872 974 4923 35.
991 4881 1130 4935 praetereo
1147 4874 1302 4934 suspectum
1321 4869 1453 4922 Ernestio.
1486 4891 1518 4907 -

197 4945 241 4996 311.
260 4960 348 4996 manus
366 4949 461 4998 cruditi
479 4948 553 4998 bilta
582 4946 771 4996 mditiasimoa
789 4945 821 5006 tl.
841 4957 867 4994 e.
886 4943 983 4992 eruditi
999 4939 1090 5008 mmor)
1110 4943 1142 5005 l,
1160 4943 1239 4994 1111111
1255 4940 1353 4992 eruditi
1371 4940 1402 4992 11.
1423 4965 1453 4977 -
1479 4941 1518 4990 loir

197 5015 249 5067 111.
270 5041 300 5053 -
338 5017 382 5068 32.
401 5025 426 5068 et
445 5018 513 5068 na:
538 5025 585 5068 out
605 5017 635 5077 l,
655 5028 687 5066 ar
704 5027 765 5064 cum
784 5013 900 5064 Grutero
918 5012 949 5063 11.
