3666 5874
301 441 343 504 20
724 433 1001 498 EPISTOLAllUM
1022 434 1075 496 Al)
1097 431 1188 494 ΕΔΜ.

300 600 341 668 de
356 599 417 666 tuis
436 596 532 662 rebus
558 593 705 662 omnibus
725 605 757 659 et
781 593 822 657 de
846 591 969 658 Lentuli
989 591 1034 656 tui
1053 592 1216 678 nostrique
1240 588 1350 656 studiis
1371 599 1402 655 et
1416 586 1623 664 {exoculatio-

299 695 392 762 nibus
423 694 517 760 velim
547 713 641 778 quam
672 687 911 754 familiarissime
938 687 1105 752 certiorem
1131 695 1162 750 ct
1187 706 1280 772 quam
1302 685 1483 770 saepissime
1512 684 1622 758 iacias,

300 789 522 873 existimesque
551 785 707 852 neminem
734 783 879 870 utiquam
901 803 1003 869 neque
1029 781 1184 846 cariorem
1205 801 1307 866 noque
1327 779 1542 845 iucundiorem
1565 803 1623 846 un-

300 903 393 971 quam
415 882 512 948 luisse
535 901 629 968 quam
650 888 681 944 te
705 878 794 953 mibi,
831 875 925 962 idque
948 897 1012 948 me,
1042 897 1105 940 uon
1130 875 1226 940 modo
1248 884 1281 940 ut
1302 884 1335 939 tu
1358 875 1492 951 sentias,
1515 875 1571 940 sed
1590 887 1624 942 ut

276 995 410 1044 somnes
428 987 552 1062 gentes,
574 975 667 1039 etiam
678 982 713 1038 ut
725 971 891 1058 posteritas
903 969 1003 1036 omnis
1015 969 1180 1052 intelligat,
1203 990 1272 1034 esse
1286 969 1450 1034 lucturum.
1486 973 1536 1034 25.
1561 975 1622 1054 Ap-

298 1071 370 1159 pius
393 1071 425 1135 in
447 1067 645 1134 sermonibus
665 1078 755 1132 antea
776 1063 949 1138 dictitabat,
972 1073 1081 1150 postea
1106 1062 1184 1127 dixit
1206 1063 1300 1128 etiam
1321 1062 1353 1126 in
1375 1074 1484 1128 senatu
1505 1063 1622 1148 palam,

299 1185 384 1238 sese,
407 1164 433 1229 si
454 1163 570 1229 licitum
593 1170 675 1228 esset
697 1161 796 1246 legem
822 1159 971 1224 curiatam
993 1158 1094 1232 lerre,
1117 1158 1300 1224 sortiturum
1323 1177 1391 1222 esse
1413 1177 1485 1221 curu
1504 1156 1623 1240 collega

299 1258 512 1346 provinciam
535 1256 561 1322 si
584 1255 704 1321 curiata
725 1254 777 1318 lex
799 1273 862 1318 non
885 1263 986 1328 esset,
1009 1261 1248 1338 separaturum
1272 1273 1344 1318 curu
1363 1251 1481 1334 collega
1503 1249 1623 1337 tibique

300 1371 533 1428 successurum
555 1350 656 1433 legem
682 1347 832 1413 curiatam
851 1346 972 1413 consuli
990 1345 1067 1410 ferri
1092 1366 1172 1430 opus
1193 1367 1282 1419 esse,
1304 1365 1432 1410 necesse
1452 1365 1515 1409 non
1538 1365 1623 1420 esse;

264 1467 354 1521 rose,
376 1445 525 1532 quoniam
548 1465 588 1508 ex
609 1451 733 1508 senatus
754 1441 897 1506 consulto
919 1441 1111 1528 provinciam
1130 1439 1279 1514 baberet,
1302 1439 1371 1524 lega
1398 1439 1542 1505 Cornelia
1566 1439 1623 1502 im·

298 1539 421 1628 perium
448 1538 641 1610 habiturum,
663 1534 767 1623 quoad
790 1533 822 1599 in
839 1533 952 1599 urbem
972 1534 1141 1600 introisset.
1182 1539 1271 1619 Ego,
1294 1533 1369 1621 quid
1384 1533 1424 1598 ad
1446 1543 1475 1598 te
1495 1542 1622 1597 tuorum

298 1633 431 1719 quisque
459 1631 707 1696 necessariorum
735 1626 866 1703 scribat,
899 1628 1025 1706 nescio;
1060 1629 1162 1694 varim
1191 1649 1260 1692 esse
1286 1627 1450 1714 opiniones
1474 1626 1622 1710 intelligo.

299 1730 392 1800 Sunt,
414 1725 467 1812 qui
489 1735 599 1810 putent
621 1743 713 1810 posse
735 1731 766 1787 te
787 1743 851 1786 non
873 1721 1041 1796 decedere,
1064 1723 1150 1809 quod
1170 1723 1236 1788 sino
1257 1723 1327 1807 loge
1342 1721 1459 1786 curiata
1482 1718 1536 1784 tibi
1553 1740 1621 1784 suo·

298 1819 442 1893 cedatur:
464 1827 536 1885 sunt
557 1817 667 1890 etiam,
690 1815 762 1903 qui,
785 1815 812 1880 si
827 1814 976 1891 decedas,
998 1825 1063 1881 ate
1080 1817 1214 1904 relinqui
1236 1837 1343 1902 posse,
1366 1814 1419 1902 qui
1442 1812 1623 1897 provinciae

262 1914 424 2000 opressit.
466 1913 541 1978 Mihi
567 1934 630 1978 non
653 1921 714 1976 tam
736 1909 775 1974 de
797 1909 866 1974 inre
888 1917 1008 1974 certum
1034 1918 1082 1974 est
1103 1945 1142 1958 -
1165 1930 1353 1998 quamquam
1376 1930 1416 1972 ne
1437 1907 1468 1972 id
1496 1906 1623 1994 quidem

297 2007 388 2074 valde
410 2005 539 2073 dubium
562 2013 610 2070 est
630 2041 672 2052 —
694 2023 787 2090 quam
808 2001 884 2067 illud
907 2002 946 2068 ad
968 2011 1053 2067 tuam
1075 2024 1226 2068 summam
1249 2001 1500 2090 amplitudinem,
1523 1999 1624 2084 digni·

296 2111 406 2176 tatem,
429 2100 621 2173 libertatem,
644 2119 706 2185 qua
728 2108 759 2163 tc
778 2096 843 2161 scio
864 2094 1066 2160 libentissime
1086 2096 1147 2162 lrui
1168 2097 1289 2171 solere,
1312 2096 1486 2183 pertinere,
1511 2095 1624 2161 tesino

297 2194 361 2260 ulla
384 2214 471 2259 mora
500 2191 695 2280 provinciam
719 2188 893 2254 successori
915 2188 1103 2262 concedere,
1136 2189 1320 2275 praesertim
1343 2209 1414 2254 cum
1437 2189 1503 2254 sinc
1524 2188 1625 2273 suspi-

297 2287 389 2352 cione
412 2297 482 2351 tuae
500 2284 675 2371 cupiditatis
691 2302 753 2347 non
776 2281 879 2366 possis
899 2281 981 2346 illius
1004 2282 1202 2368 cupiditatem
1222 2282 1371 2348 refutare.
1415 2287 1481 2367 Ego
1502 2291 1621 2348 utrum·

260 2401 360 2468 eoque
381 2401 486 2445 meum
507 2389 584 2465 puto
605 2397 690 2451 esse,
718 2387 750 2441 et
773 2375 848 2462 quid
873 2375 1019 2450 sentiam,
1047 2375 1233 2452 ostendero,
1256 2385 1287 2441 et
1311 2376 1396 2465 quod
1419 2375 1547 2450 leceris,
1571 2373 1625 2440 de·

297 2473 437 2539 lendcre.
493 2477 546 2538 26.
581 2471 703 2557 Scripta
734 2469 795 2534 iam
830 2469 961 2556 epistola
992 2469 1156 2555 superiore
1188 2468 1293 2556 accepi
1330 2478 1398 2534 tuas
1438 2468 1555 2533 litteras
1585 2468 1625 2532 de

297 2565 490 2653 publicanis,
525 2563 640 2651 quibus
666 2563 853 2650 aequitatem
884 2571 968 2628 tuam
997 2584 1060 2628 non
1090 2563 1179 2650 potui
1200 2585 1264 2630 nou
1285 2563 1439 2650 probara;
1478 2561 1625 2627 facilitate

299 2660 426 2748 quidem
448 2659 573 2728 vellem,
583 2657 732 2743 consequi
747 2656 919 2744 potuisses,
944 2678 984 2721 ne
999 2657 1066 2722 eius
1082 2656 1220 2732 ordinis,
1244 2678 1337 2744 quem
1353 2677 1478 2742 semper
1495 2656 1624 2730 ornasti,

299 2774 367 2818 rem
390 2763 444 2819 aut
465 2754 656 2819 voluntatem
679 2750 867 2816 offenderes.
925 2751 1078 2838 Equidem
1101 2771 1163 2816 non
1187 2751 1325 2816 desinam
1347 2759 1400 2816 tua
1422 2749 1548 2815 decreta
1570 2749 1623 2812 de

262 2847 449 2924 essendera3
472 2846 528 2911 sed
551 2845 632 2910 nosti
654 2844 912 2910 cousuetudinem
935 2844 1114 2921 bominum;
1137 2845 1213 2920 scis,
1236 2865 1329 2932 mam
1351 2843 1490 2929 grantes
1511 2843 1625 2907 inimici

301 2941 359 3028 ipsi
391 2941 434 3006 illi
465 2943 504 3018 Q.
536 2939 706 3005 Scaevolae
733 2937 859 3003 luerint.
916 2938 985 3005 Tibi
1016 2948 1117 3003 tamen
1140 2960 1209 3005 snm
1231 2949 1356 3012 auctor,
1390 2947 1442 3012 ut,
1465 2936 1625 3023 siquibus

300 3034 395 3100 rebus
418 3035 535 3121 possis,
558 3055 630 3099 eum
652 3033 708 3099 tibi
730 3031 874 3098 ordinem
896 3041 949 3098 aut
971 3033 1155 3098 reconcilies
1177 3042 1231 3098 aut
1252 3032 1386 3119 mitiges.
1430 3031 1464 3098 ld
1487 3030 1545 3096 etsi
1567 3029 1625 3094 dil-

301 3127 382 3195 ficilc
404 3139 467 3203 est,
490 3139 595 3194 tamen
617 3127 692 3194 mibi
715 3126 839 3192 videtur
861 3148 929 3192 esse
951 3126 1138 3213 prudentiae
1164 3137 1245 3193 tuae.

784 3269 1140 3348 rucuma

263 3406 291 3447 a
503 3386 545 3448 n.
567 3381 711 3448 emmo
734 3383 766 3446 s.
786 3385 825 3444 n.
846 3383 883 3446 1..
903 3382 1078 3447 nummo
1101 3380 1421 3447 musconsumo.

302 3552 311 3570 .
334 3551 342 3570 .
365 3550 374 3568 .
396 3522 453 3567 cur
474 3502 557 3566 enim
580 3501 634 3566 tibi
657 3501 717 3566 boc
739 3523 802 3566 non
824 3499 996 3586 gratificer,
1026 3500 1150 3578 nesci03
1178 3501 1362 3586 praesertim
1386 3521 1456 3566 curn
1479 3500 1527 3565 bis
1548 3511 1623 3567 tem-

301 3594 433 3682 poribus
454 3596 583 3662 audacia
604 3615 665 3682 pro
687 3595 837 3681 sapientia
860 3593 950 3658 liccat
971 3595 1027 3659 uti.
1071 3594 1202 3661 Lentulo
1225 3605 1334 3660 nostro
1355 3595 1405 3678 egi
1427 3615 1485 3679 per
1507 3593 1626 3658 litteras

302 3699 358 3755 tuo
379 3689 505 3754 nomine
526 3689 641 3774 gratias
663 3688 838 3773 diligenter.
893 3687 956 3752 Sed
978 3697 1011 3753 tu
1033 3687 1125 3752 velim
1149 3686 1272 3753 desinas
1294 3689 1357 3752 iam
1379 3687 1494 3752 nostris
1517 3687 1626 3752 littoris

302 3783 348 3850 uti
370 3792 401 3848 et
430 3804 488 3848 nos
521 3781 688 3869 aliquando
709 3781 828 3847 revisas
850 3791 882 3846 et
902 3780 947 3846 ibi
970 3781 1058 3847 malis
1086 3803 1172 3856 esse,
1206 3781 1261 3848 ubi
1283 3781 1389 3869 aliquo
1411 3803 1544 3847 numero
1566 3781 1625 3854 sis,

265 3897 397 3964 uquam
418 3876 503 3951 istic,
536 3875 591 3943 nbi
613 3877 699 3942 solus
721 3896 832 3962 sapere
854 3874 992 3940 videare.
1036 3879 1234 3961 Quamquam
1255 3875 1310 3960 qui
1331 3875 1421 3940 istinc
1442 3895 1525 3940 nunc
1541 3875 1625 3940 veni·

303 3980 374 4045 unt,
406 3969 521 4055 partim
550 3980 580 4037 te
608 3967 779 4056 superbum
808 3989 877 4034 esse
906 3967 1029 4043 dicunt,
1062 3969 1146 4056 quod
1175 3969 1252 4034 nibil
1274 3967 1480 4056 respondeas;
1513 3968 1625 4054 partim

303 4063 580 4139 contumeliosum,
616 4062 702 4150 quod
730 4061 811 4127 male
839 4059 1040 4147 respondeas.
1092 4062 1155 4127 Sed
1184 4061 1245 4126 iam
1273 4061 1367 4147 cupio
1395 4071 1497 4128 tecum
1519 4081 1626 4126 coram

302 4156 412 4224 iocari.
467 4159 573 4235 Quare
602 4156 666 4232 lac,
696 4165 732 4222 ut
759 4153 1015 4242 quamprimum
1044 4155 1150 4220 venias
1178 4175 1280 4242 neque
1310 4155 1343 4221 in
1372 4155 1513 4240 Apuliam
1542 4163 1626 4219 tuam

304 4250 450 4326 accedas,
471 4260 507 4317 ut
526 4251 683 4343 possimus
704 4251 824 4315 salvum
846 4247 969 4314 venisse
990 4249 1138 4333 gaudere.
1181 4255 1258 4314 Nam
1280 4249 1334 4316 illo
1348 4249 1375 4315 si
1390 4249 1532 4323 veneris,
1550 4255 1626 4312 tam·

186 4377 200 4420 t
267 4365 399 4439 coquum
420 4344 526 4444 Ulixes
547 4363 717 4429 cognosces
738 4351 864 4408 tuorum
886 4341 1052 4407 neminem.

1163 4459 1626 4474 a--u—-n—fl—

374 4507 401 4557 7.
430 4521 488 4557 nem
514 4505 611 4570 collega
636 4507 747 4568 omli,
776 4507 853 4571 quasi
878 4518 940 4555 cum
971 4505 1032 4555 cod.
1058 4505 1156 4569 Lipa,
1182 4507 1225 4556 oui
1253 4512 1343 4557 tamen
1371 4521 1426 4557 non
1457 4506 1566 4556 desunt.
1594 4529 1626 4540 -

305 4577 425 4642 illapsas
444 4575 504 4627 llll:
534 4571 662 4642 legemque
680 4577 717 4628 bl.
739 4600 767 4611 -
798 4577 864 4642 [ersi
883 4580 992 4625 auctore
1017 4575 1140 4626 Ernestio
1158 4591 1213 4626 om.
1237 4575 1315 4627 biart.
1341 4577 1407 4638 teg.
1428 4600 1458 4612 -
1496 4577 1539 4626 ll.
1558 4574 1627 4639 qreod

305 4646 344 4699 bl·
366 4673 392 4684 -
433 4647 476 4697 1³.
494 4652 592 4709 putum
611 4646 648 4698 bl.
668 4672 700 4682 -
737 4646 781 4696 l'l.
801 4643 1003 4696 libertatemlli:
1024 4646 1206 4696 liberalitatem
1226 4646 1255 4696 ll.
1275 4647 1330 4698 Clr.
1350 4645 1420 4708 M.
1443 4670 1467 4680 -
1507 4647 1552 4696 2⁶2.
1571 4645 1627 4708 qul·

306 4712 362 4780 tau]
389 4717 418 4766 lu
440 4717 531 4781 quibus
556 4722 666 4766 anctore
691 4715 813 4766 Ernestio
840 4717 996 4768 sconetztus
1016 4716 1043 4767 iu
1062 4717 1126 4767 edit.
1147 4719 1210 4766 mai.
1230 4741 1263 4750 -
1299 4719 1428 4782 socllltute
1445 4715 1486 4766 N:
1504 4715 1627 4780 [aaaron

307 4785 367 4836 sta.
387 4809 418 4822 -
455 4787 500 4836 23.
527 4783 638 4852 quidem]
665 4799 683 4836 a
708 4787 771 4850 quid
796 4785 833 4838 ll.
864 4810 894 4822 -
931 4789 976 4839 ³0.
996 4787 1106 4837 Lentulo
1128 4787 1230 4837 Valerio
1246 4786 1285 4838 bl.
1306 4813 1334 4824 -·
1373 4787 1417 4837 ³5.
1436 4787 1481 4836 letl
1499 4799 1567 4836 nureo
1584 4797 1624 4846 pr.

306 4853 349 4912 bl,
368 4856 439 4904 latim
457 4870 525 4906 nuuc
543 4857 593 4906 Vb.
620 4855 675 4906 Clr.
696 4855 754 4905 Lib.
774 4855 808 4916 7,
829 4855 871 4918 to,
890 4856 916 4908 3.
963 4859 1040 4908 Haud
1061 4857 1139 4907 Ture.
1169 4857 1217 4908 lll.
1246 4872 1272 4922 p.
1298 4857 1360 4907 ΜΞ.
1379 4871 1448 4906 uuna
1466 4869 1521 4907 om.
1542 4855 1572 4904 ll.
1592 4878 1625 4888 -

307 4923 351 4975 37.
378 4925 534 4988 respondeus
557 4926 613 4976 del.
632 4927 712 4978 Mart.
734 4925 798 4988 teg.
821 4951 851 4961 -
869 4926 913 4976 to.
936 4927 1020 4979 Ulixes
1039 4927 1084 4980 lllt
1106 4927 1204 4992 tstpuee
1222 4927 1253 4978 E.
1274 4951 1305 4964 -
1324 4926 1422 4979 blisum
1442 4927 1470 4976 ui
1489 4923 1627 4989 scripserit

308 4993 433 5045 Tullius:
464 5009 613 5060 cognoscere
629 5011 648 5046 o
666 5003 772 5046 tuorum
789 4996 899 5047 nmine.
918 4995 970 5049 Oa.
