3656 5868
645 436 719 498 tte.
741 436 808 500 Vll.
852 435 911 498 ΕΡ.
934 433 965 496 3.
986 433 1018 495 d.
1438 434 1498 496 1⁰9

172 595 253 662 dere
270 593 407 668 institui,
440 602 475 658 ut
492 590 608 657 bellum
631 591 768 657 duceret.
810 595 878 656 Hoc
904 588 1061 656 interdum
1085 586 1239 674 probabat
1257 600 1288 654 et
1314 592 1405 658 inea
1430 615 1498 659 sen·

173 691 274 757 tentia
302 688 466 756 videbatur
489 688 559 752 lore
592 696 623 751 et
643 685 754 752 luisset
775 686 923 760 sortasse,
946 685 1004 750 nisi
1028 683 1162 771 quadam
1186 705 1351 770 expugna
1377 690 1494 775 coepis-

173 796 224 850 set
236 785 302 850 suis
328 781 478 848 militibus
497 779 666 846 confidere.
709 785 815 847 Exeo
841 789 983 866 tempore
1006 778 1055 842 vir
1073 777 1124 842 ille
1148 801 1286 844 summus
1313 783 1415 846 nullus
1441 784 1499 847 im-

173 887 306 966 perator
337 876 404 942 luit.
463 876 579 960 Signa,
612 876 715 940 tirone
746 885 778 939 et
811 874 982 940 collecticio
1021 873 1182 946 exercitu,
1220 894 1290 938 cum
1323 874 1499 960 legionibus

173 971 401 1038 robustissimis
426 969 575 1045 contulit;
597 969 697 1034 victus
718 969 896 1055 turpissime
914 968 1035 1032 arnissis
1053 967 1144 1032 etiam
1175 968 1284 1032 castris
1304 971 1389 1035 solus
1409 971 1522 1057 lugit5

174 1071 207 1134 3.
234 1071 326 1131 Hunc
353 1084 412 1149 ego
442 1063 520 1128 mibi
544 1061 619 1127 belli
644 1061 738 1128 linem
767 1063 843 1137 leci,
866 1083 924 1127 nec
949 1061 1069 1148 putavi,
1102 1083 1172 1127 curn
1194 1063 1305 1144 integri
1326 1084 1417 1149 pares
1436 1087 1499 1130 uon

174 1161 360 1230 fuissemus,
383 1157 498 1221 lractos
520 1155 701 1242 superiores
724 1156 803 1221 lore.
846 1155 981 1221 Discessi
999 1153 1039 1219 ab
1065 1177 1103 1220 eo
1129 1155 1233 1231 bello,
1255 1158 1288 1220 in
1309 1180 1372 1244 quo
1392 1169 1445 1224 aut
1466 1160 1499 1224 in

175 1255 243 1319 acie
264 1251 436 1318 cadendum
459 1250 517 1315 luit
546 1260 599 1314 aut
623 1250 656 1314 in
678 1251 797 1337 aliquas
822 1249 948 1314 insidias
976 1249 1175 1314 incidendum
1196 1261 1248 1315 aut
1270 1251 1499 1318 deveniendum

175 1349 208 1413 in
233 1347 364 1412 victoris
392 1366 501 1409 manus
522 1353 576 1409 aut
604 1343 644 1408 ad
670 1343 777 1408 lubam
801 1343 1043 1428 confugiendum
1074 1353 1127 1408 aut
1152 1345 1320 1430 capiendus
1343 1356 1499 1433 tamquam

175 1442 290 1508 exsilio
316 1441 404 1505 locus
427 1447 480 1502 aut
511 1437 730 1503 consciscenda
754 1459 840 1502 mors
863 1437 1048 1503 voluntaria.
1107 1441 1197 1504 Certe
1228 1439 1304 1505 nihil
1328 1440 1385 1505 luit
1408 1462 1538 1527 prae-10

176 1547 283 1610 terea,
321 1535 348 1600 si
373 1543 403 1597 te
434 1532 547 1596 victori
573 1532 672 1597 nolles
703 1539 842 1596 autnon
867 1531 1001 1596 auderes
1029 1533 1233 1600 committere.
1276 1539 1325 1598 Ex
1353 1534 1498 1599 omnibus

175 1640 282 1696 autem
304 1629 362 1702 iis,
400 1647 480 1713 quae
510 1625 592 1698 dixi,
626 1625 831 1691 incommodis
851 1625 929 1690 nibil
948 1625 1141 1691 tolerabilius
1161 1628 1291 1700 exsilio,
1313 1629 1498 1713 praesertim

175 1721 359 1795 innocenti,
381 1719 437 1785 ubi
463 1719 547 1784 nulla
564 1718 709 1784 adiuncta
735 1729 782 1783 est
807 1719 984 1804 turpitudo;
1021 1720 1102 1786 addo
1125 1720 1239 1796 etiam,
1261 1743 1333 1786 cum
1355 1744 1392 1786 ea
1418 1721 1499 1787 urbe

174 1837 300 1891 careas,
337 1814 370 1879 in
399 1835 460 1901 qua
489 1812 565 1878 nibil
595 1813 648 1886 sit,
686 1813 771 1898 quod
800 1813 909 1878 videre
931 1815 1032 1900 possis
1057 1814 1124 1879 sine
1155 1814 1276 1880 dolore.
1332 1820 1398 1901 Ego
1428 1839 1499 1882 cum
1534 1803 1539 1814 ⁵

175 1911 317 1976 meis-
341 1908 367 1972 si
384 1907 554 1994 quidquam
576 1927 657 1971 nunc
679 1907 862 1994 cuiusquam
884 1917 932 1973 est
963 1945 1004 1954 -
1034 1907 1125 1972 etiam
1148 1908 1181 1972 in
1202 1911 1280 1973 meis
1303 1930 1370 1975 esse
1393 1910 1537 1988 malui.15

176 2008 266 2083 Quae
286 2001 480 2074 acciderunt,
510 2000 614 2064 omnia
635 2000 701 2065 dixi
727 2000 841 2067 lutura.
899 2006 929 2068 4.
950 2001 1029 2066 Veni
1049 2001 1195 2075 domum,
1218 2025 1281 2067 non
1301 2025 1363 2090 quo
1380 2006 1498 2090 optima

174 2096 304 2164 vivendi
331 2093 473 2160 condicio
500 2101 601 2166 esset,
639 2093 694 2159 sed
717 2104 838 2170 tamen,
865 2095 892 2160 si
918 2104 999 2161 esset
1018 2095 1121 2180 aliqua
1141 2094 1242 2160 lorma
1267 2095 1313 2159 rei
1339 2097 1497 2182 publicae,

175 2199 336 2277 tamquam
355 2189 387 2253 iu
402 2187 504 2273 patria
518 2195 553 2252 ut
574 2209 692 2262 essem,
715 2189 742 2253 si
759 2189 859 2263 nulla,
881 2196 1038 2273 tamquam
1054 2190 1085 2253 in
1104 2189 1226 2255 exsilio.
1269 2196 1401 2256 Mortem
1422 2193 1500 2258 mibi

174 2306 233 2350 cur
257 2282 502 2354 consciscerem,
539 2302 630 2346 causa
659 2303 721 2346 uon
748 2282 815 2346 visa
845 2291 908 2361 est;
952 2303 1009 2347 cur
1035 2291 1197 2369 optarem,
1235 2284 1350 2349 multae
1377 2307 1498 2352 causae.

174 2384 275 2446 Vetus
298 2385 345 2441 est
360 2377 463 2442 enim:
488 2373 567 2448 „Ubi
582 2395 644 2440 non
660 2375 701 2440 sis
723 2375 778 2461 qui
793 2374 906 2450 lucris,
930 2397 992 2441 nou
1007 2398 1075 2442 esse
1093 2397 1151 2442 cur
1172 2377 1249 2442 velis
1270 2378 1404 2444 vivere.”
1437 2381 1499 2446 Sed
1509 2411 1537 2454 ιο

175 2481 282 2537 umen
308 2491 421 2534 vacare
443 2469 534 2554 culpa
554 2489 700 2553 magnum
724 2479 771 2533 est
789 2469 950 2543 solatium,
972 2470 1158 2556 praesertim
1184 2492 1255 2536 cum
1275 2472 1404 2538 babeam
1423 2475 1499 2540 duas

175 2587 244 2640 res,
268 2563 383 2652 quibus
405 2585 455 2628 me
480 2571 670 2636 sustentem,
707 2563 896 2648 optimarum
918 2565 1033 2629 artium
1058 2563 1217 2630 scientiam
1239 2575 1270 2631 et
1290 2568 1499 2633 maximarum

175 2681 285 2725 rerum
308 2658 457 2744 gloriam;
490 2677 624 2743 quarum
648 2656 744 2722 altera
767 2655 843 2721 mibi
865 2662 938 2723 vivo
964 2679 1122 2745 nunquam
1147 2660 1315 2746 eripietur,
1338 2663 1436 2727 altera
1460 2684 1500 2728 ne

175 2761 305 2819 mortuo
327 2751 465 2838 quidem.
514 2755 544 2815 5.
566 2753 650 2814 Haec
675 2750 714 2814 ad
739 2761 768 2816 te
790 2750 901 2836 scripsi
935 2751 1100 2818 verbosius
1122 2761 1153 2817 et
1176 2753 1234 2819 tibi
1261 2753 1410 2819 molestus
1436 2754 1498 2828 lui,

176 2846 265 2936 quod
287 2854 317 2911 te
339 2865 409 2909 cum
434 2844 512 2919 mei,
534 2854 599 2909 tum
618 2843 665 2908 rei
684 2843 826 2930 publicae
855 2845 990 2929 cognovi
1012 2846 1268 2912 amantissimum.
1310 2854 1423 2913 Notum
1444 2848 1538 2924 tibia,

176 2961 272 3008 omne
294 2960 400 3004 meum
418 2937 582 3004 consilium
598 2959 665 3002 esse
686 2938 785 3011 volui,
808 2947 842 3002 ut
856 2938 992 3023 primum
1007 2939 1103 3004 scires
1118 2961 1168 3003 me
1188 2961 1347 3028 uunquam
1362 2942 1500 3006 voluisse

176 3036 247 3122 plus
259 3054 448 3122 quemquam
463 3052 555 3118 posse
570 3052 663 3117 quam
684 3030 863 3094 universam
881 3052 949 3095 rem
963 3031 1119 3117 publicam
1132 3055 1140 3110 ;
1162 3043 1270 3119 postea
1285 3043 1389 3099 autem
1406 3055 1500 3122 quam

176 3129 310 3194 alicuius
331 3127 422 3213 culpa
451 3135 570 3192 tantum
598 3125 716 3189 valeret
737 3145 832 3200 unus,
862 3133 895 3190 ut
919 3124 1029 3190 obsisti
1050 3147 1113 3191 nou
1134 3136 1256 3211 posset,
1291 3147 1341 3192 me
1363 3127 1500 3193 voluisse

176 3244 306 3311 pacem;
330 3222 445 3286 amisso
467 3219 609 3285 exercitu
632 3230 663 3283 et
685 3239 724 3283 eo
746 3218 838 3290 duce,
862 3218 895 3284 in
912 3239 975 3305 quo
992 3239 1062 3304 spes
1078 3219 1179 3285 suerat
1196 3242 1276 3296 uno,
1300 3243 1350 3286 me
1362 3222 1499 3287 voluisse

177 3317 274 3382 etiam
297 3314 428 3400 reliquis
451 3313 612 3388 omnibus;
634 3321 801 3399 postquam
821 3333 885 3376 uon
908 3314 1085 3400 potuerim,
1108 3313 1185 3378 mibi
1206 3315 1266 3401 ipsi
1283 3313 1537 3390 finemtecisse„

177 3411 273 3488 belli;
303 3428 385 3474 nunc
406 3407 583 3490 autem,(si
607 3406 684 3486 baec
708 3407 817 3471 civitas
837 3410 910 3487 est)
935 3407 1035 3472 civem
1061 3428 1129 3473 esse
1154 3429 1220 3486 me;
1257 3409 1284 3474 si
1306 3429 1384 3484 non,
1407 3431 1500 3474 exsu-
1574 3400 1638 3487 esf

178 3505 240 3570 lem
274 3522 428 3570 essenon
449 3500 697 3565 incommodiore
719 3500 807 3576 loco,
837 3523 931 3589 quam
961 3501 988 3566 si
1009 3500 1152 3568 Rhodum
1181 3523 1231 3568 me
1264 3511 1318 3567 aut
1338 3503 1500 3592 Mytilenas
1627 3495 1632 3506 ’

177 3597 390 3663 contulissem.
449 3599 478 3658 6.
500 3598 586 3660 Haec
605 3603 707 3659 tecum
730 3615 836 3660 coram
854 3595 1041 3674 malueram;
1064 3596 1119 3661 sed
1141 3597 1215 3682 quia
1240 3596 1363 3682 longius
1387 3596 1499 3673 fiebat,

178 3690 267 3758 volui
285 3711 343 3776 per
365 3689 483 3754 litteras
506 3688 632 3762 eadem,
648 3697 684 3754 ut
703 3685 859 3763 haberes,
883 3690 959 3776 quid
986 3690 1122 3763 diceres,
1145 3690 1310 3778 siquando
1326 3691 1359 3756 in
1380 3692 1501 3778 vitupe-

178 3795 302 3852 ratores
328 3803 417 3847 meos
438 3781 613 3847 incidisses.
657 3786 735 3848 Sunt
754 3784 853 3858 euim,
876 3784 946 3872 qui,
968 3806 1040 3850 cum
1058 3804 1146 3850 meus
1170 3784 1313 3850 interitus
1338 3785 1414 3851 nihil
1433 3785 1537 3858 lue-³5

178 3880 222 3944 rit
241 3877 289 3944 rei
320 3875 465 3964 publicae
501 3875 702 3962 profuturus,
740 3877 879 3943 criminis
911 3879 981 3944 loeo
1010 3888 1118 3964 putent
1155 3899 1238 3954 esse,
1269 3879 1355 3966 quod
1385 3880 1499 3945 vivam.

180 3971 304 4050 Quibus
324 3991 383 4056 ego
407 3979 493 4036 certo
517 3971 583 4035 scio
606 3991 668 4035 non
688 3969 790 4036 videri
816 3971 889 4037 satis
917 3973 1031 4038 multos
1050 3973 1189 4057 perisse:
1218 3972 1295 4060 qui,
1318 3973 1344 4038 si
1367 3994 1417 4037 me
1446 3996 1502 4040 au-

180 4065 311 4140 dissent,
334 4064 477 4152 quamvis
495 4065 602 4150 iniqua
622 4084 715 4150 pace,
735 4062 866 4130 honeste
887 4075 993 4130 tamen
1016 4065 1175 4145 viverent3
1197 4066 1292 4131 armis
1315 4067 1398 4130 enim
1421 4067 1499 4132 inle-

180 4161 299 4234 riores,
323 4181 386 4226 nou
408 4179 500 4224 causa
516 4158 656 4224 luissent.
699 4156 803 4223 Habes
826 4158 987 4244 epistolam
1007 4157 1225 4224 verbosiorem
1241 4158 1383 4235 sortasse,
1406 4181 1499 4246 quam

180 4255 287 4321 velles.
330 4253 425 4331 Quod
447 4252 504 4318 tibi
520 4252 562 4316 ita
580 4251 682 4317 videri
700 4250 832 4337 putabo,
854 4253 914 4318 uisi
935 4252 1012 4318 mihi
1026 4252 1202 4339 longiorem
1225 4254 1394 4320 remiseris.
1421 4259 1538 4340 Egon

180 4347 222 4424 si,
245 4368 325 4434 quae
347 4347 438 4423 volo,
460 4345 649 4432 expediero,
672 4343 762 4410 brevi
783 4353 926 4432 tempore
948 4357 993 4422 te,
1014 4357 1050 4412 ut
1069 4368 1182 4434 spero,
1204 4346 1329 4415 videbo.

657 4467 1022 4552 rvmucmp

569 4575 610 4636 u.
633 4571 776 4638 crcuao
799 4573 831 4636 s.
852 4574 890 4635 u.
912 4576 953 4637 u.
974 4572 1111 4636 namo.

264 4689 300 4751 Α.
322 4684 353 4751 d.
377 4704 425 4749 rx.
446 4683 513 4748 Kal.
532 4681 565 4747 in
587 4687 759 4749 Cumanum
780 4683 853 4748 veui
874 4702 945 4747 cum
965 4682 1085 4749 Libone
1101 4693 1155 4750 tuo
1175 4683 1225 4751 vel
1245 4693 1354 4751 nostro
1377 4687 1498 4772 potius;

182 4779 214 4844 in
233 4778 456 4864 Pompeianum
485 4777 589 4842 statim
617 4777 732 4862 cogito,
763 4776 819 4842 sed
839 4775 951 4841 seciam
978 4785 1048 4843 ante
1070 4786 1101 4843 te
1122 4779 1300 4845 certiorem.
1360 4785 1403 4845 Te
1425 4801 1496 4845 cum
1509 4811 1536 4854 aa

250 4941 277 4992 b.
296 4942 359 4991 mitt
377 4941 435 4991 uates
454 4941 497 4990 bl:
517 4941 578 4991 tatu
595 4943 658 4992 mibi
678 4941 707 4990 E.
727 4965 760 4976 —-
796 4941 839 4990 1⁰.
858 4941 1029 4991 cometarum
1046 4941 1083 4992 Μ.
1105 4965 1136 4977 -
1156 4943 1197 4991 12.
1218 4943 1257 4992 tta
1274 4942 1311 4993 Μ.
1333 4969 1364 4979 -
1386 4944 1427 4994 te.
1445 4957 1500 4994 nou

183 5011 221 5062 ll:
242 5011 318 5061 nullu
336 5010 366 5060 E.
387 5035 418 5047 -
437 5011 519 5060 uuest
537 5011 574 5061 Μ.
594 5035 625 5047 -
643 5011 740 5060 multoe
758 5024 851 5060 euruue
868 5011 914 5061 bl:
934 5011 1032 5062 multae
1052 5010 1118 5075 (om.
1138 5013 1242 5070 cumae)
1261 5013 1291 5062 Ε.
1310 5039 1343 5049 -
1362 5013 1406 5063 32.
1433 5015 1500 5064 libo·

183 5082 242 5132 &m
258 5095 298 5134 me
315 5087 363 5132 aut
381 5079 446 5132 cod.
467 5080 708 5146 Guelferbytanus:
731 5081 848 5131 ilbodum
865 5087 914 5132 out
931 5081 991 5133 ΜΕ.
1010 5107 1041 5116 -
1079 5081 1124 5132 dd.
1143 5083 1205 5146 quid
1222 5083 1267 5135 ld:
1287 5083 1355 5148 quod
1373 5083 1404 5134 Ε.
