3658 5930
713 420 787 483 LlB.
809 420 864 482 xl.
907 419 966 482 ΕΡ.
988 420 1019 482 ’1.
1454 419 1516 480 615

199 582 278 649 saris
300 580 430 654 liberto,
464 601 557 666 wem
579 598 640 665 ego
661 599 726 644 aon
747 578 828 652 vidi,
866 577 921 664 qui
941 578 1015 642 istas
1037 575 1384 644 Alexandreaslitteras
1406 577 1517 641 attulit.

198 682 228 744 ls
249 671 371 743 dicitur
385 673 516 742 vidisse:
539 694 578 738 aa
600 679 746 738 euntem?
768 693 808 736 an
828 672 890 736 iam
911 672 943 736 ia
965 675 1059 736 Asia?
1089 676 1169 735 Tuas
1192 671 1327 744 litteras,
1357 677 1450 755 prout
1466 689 1518 732 res

198 771 349 858 postulat,
377 777 542 853 exspecta:
571 788 649 853 quas
671 765 765 832 velim
787 787 878 831 cares
899 786 993 852 quam
1015 763 1151 850 primum
1172 764 1212 829 ad
1234 786 1284 830 me
1305 763 1517 850 perferendas.

199 884 265 930 1111.
286 862 354 928 Kal.
375 858 540 928 Decembr.

657 984 721 1046 ur.
763 982 824 1061 (A.
850 984 882 1046 a.
905 983 937 1046 c.
960 981 1051 1066 roe.)

675 1104 817 1169 CICERO
839 1106 983 1170 ATTICO
1006 1107 1037 1170 S.

284 1223 313 1284 1.
341 1222 454 1284 Graiae
482 1223 552 1281 tuae
590 1214 666 1280 mibi
698 1214 820 1279 litterae
852 1226 945 1291 suat,
986 1215 1101 1303 quibus
1134 1229 1279 1284 accurato
1311 1219 1520 1304 perscripsisti

197 1311 319 1385 omnia,
354 1332 434 1397 quae
456 1308 496 1375 ad
517 1329 569 1374 me
588 1312 748 1396 pertinere
769 1307 936 1374 arbitratus
959 1331 1002 1376 es.
1045 1312 1140 1392 lFac
1162 1321 1195 1377 tu
1218 1313 1330 1399 igitur,
1352 1323 1388 1378 ut
1409 1311 1520 1378 scribis

196 1405 264 1471 istis
299 1403 423 1490 placere
456 1400 569 1468 iisdem
605 1402 673 1466 istis
709 1400 872 1466 lictoribus
908 1422 959 1467 me
993 1403 1056 1478 uti,
1095 1405 1180 1490 quod
1210 1427 1389 1472 concessum
1419 1406 1521 1472 Sestio

197 1499 253 1576 sit;
289 1496 341 1562 cai
361 1517 425 1562 aaa
446 1507 522 1583 puto
544 1515 618 1562 suos
650 1516 719 1560 esse
740 1512 906 1562 concessos
928 1495 983 1562 sed
1004 1496 1043 1562 ab
1065 1502 1134 1584 ipso
1157 1499 1256 1565 datos.
1312 1500 1414 1566 Audio
1436 1501 1518 1565 euim
1535 1528 1561 1569 aa

131 1657 133 1662 ,
198 1615 270 1660 eum
300 1613 336 1656 ea
367 1600 491 1656 senatus
518 1589 658 1655 consulta
686 1587 883 1675 improbare,
921 1610 1002 1676 quae
1031 1600 1101 1677 post
1129 1591 1299 1660 discessum
1322 1594 1520 1661 tribunorum

198 1685 277 1752 lacta
299 1695 380 1752 sant.
438 1687 544 1763 Quare
566 1683 697 1771 poterit,
720 1683 747 1748 si
767 1683 852 1748 volet
874 1682 933 1748 sibi
955 1693 1118 1760 constare,
1143 1699 1267 1754 nostros
1290 1689 1415 1754 lictores
1437 1710 1519 1755 com=

198 1780 346 1868 probare.
388 1784 419 1846 3.
452 1783 649 1866 Quamquam
679 1777 754 1860 quid
783 1798 842 1862 ego
870 1776 909 1841 de
942 1777 1123 1853 lictoribus,
1157 1781 1212 1866 qui
1240 1802 1337 1867 paene
1366 1805 1406 1848 ex
1434 1784 1520 1849 ltalia

199 1875 353 1942 decedere
374 1874 432 1940 sim
454 1873 579 1938 iussas‘l
609 1877 685 1936 Nam
707 1869 746 1936 ad
767 1892 818 1936 me
839 1871 924 1936 misit
944 1873 1096 1938 Antonius
1118 1876 1295 1961 exemplum
1319 1877 1459 1942 Caesaris
1480 1877 1519 1942 ad

199 1991 234 2036 se
260 1971 449 2043 litterarum,
486 1966 653 2055 inquibus
683 1975 765 2039 erat,
803 1986 838 2030 se
856 1964 989 2044 ¹audisse
1018 1970 1165 2033 Catonem
1193 1980 1225 2034 et
1251 1974 1286 2035 L.
1308 1971 1466 2036 Metellum
1487 1970 1560 2036 inis

198 2063 317 2130 ltaliam
346 2062 484 2134 venisse,
521 2065 637 2127 ltomae
665 2069 700 2126 ut
723 2069 826 2124 essent
847 2059 968 2146 palam:
1001 2058 1034 2125 id
1061 2061 1122 2127 sibi
1144 2083 1206 2128 non
1228 2063 1372 2149 placere,
1404 2084 1444 2128 ne
1466 2065 1519 2149 qui

197 2165 302 2223 motus
320 2178 361 2221 ex
383 2176 422 2220 eo
444 2153 572 2233 fierent:
610 2152 835 2240 probiberique
857 2173 967 2218 omues
988 2153 1091 2228 ltalia,
1120 2155 1180 2221 nisi
1201 2177 1336 2243 qaorum
1358 2157 1426 2243 ipse
1447 2178 1522 2221 cau·

198 2272 263 2317 sam
287 2249 499 2335 cognovisset:
522 2249 624 2335 deque
647 2269 685 2314 eo
708 2246 922 2312 vehementius
945 2255 1013 2312 erat
1038 2247 1197 2334 scriptum.
1240 2253 1347 2336 ltaque
1369 2250 1520 2316 Antonius

198 2344 323 2432 petebat
350 2365 367 2408 a
395 2365 445 2408 me
474 2363 531 2430 per
559 2343 691 2416 litteras,
727 2351 763 2407 ut
791 2339 850 2406 sibi
878 2341 1094 2426 ignoscerem:
1123 2342 1229 2408 lacere
1257 2365 1292 2408 se
1320 2364 1383 2410 non
1410 2364 1520 2430 posse,

198 2439 274 2525 quin
296 2439 334 2504 iis
355 2437 465 2502 litteris
488 2447 622 2522 pareret.
668 2441 747 2502 Tum
769 2434 809 2500 ad
831 2455 903 2499 eum
925 2434 996 2500 misi
1018 2439 1053 2500 L.
1074 2435 1229 2510 Lamiam,
1253 2437 1307 2523 qui
1329 2437 1559 2502 demonstra-aa

198 2543 246 2598 rei
275 2531 362 2597 illum
389 2529 571 2597 Dolabellae
599 2529 735 2603 dixisse,
771 2537 806 2594 ut
834 2527 873 2594 ad
902 2549 953 2594 me
975 2528 1142 2604 scriberet,
1179 2539 1214 2595 ut
1234 2530 1267 2595 in
1288 2531 1408 2596 ltaliam
1429 2553 1522 2618 quam

197 2625 332 2713 primum
354 2623 509 2699 venirem;
545 2623 613 2688 eius
635 2643 685 2686 me
707 2623 818 2688 litteris
840 2623 974 2688 venisse.
1029 2629 1107 2688 Tum
1128 2623 1181 2691 ille
1203 2623 1302 2690 edixit
1321 2625 1382 2700 ita,
1415 2637 1450 2691 ut
1473 2647 1522 2690 me

187 2721 358 2805 'exciperet
379 2725 411 2783 ei
430 2717 572 2783 Laelium
594 2716 786 2782 nominatim.
830 2716 924 2795 Quod
945 2737 1019 2782 sano
1035 2718 1161 2783 nollem.
1203 2722 1329 2784 Poterat
1350 2721 1433 2785 enim
1455 2719 1522 2785 sine
1618 2753 1622 2758 ¹

197 2814 397 2879 nominares
419 2810 486 2896 ipsa
508 2810 623 2896 excipi.
677 2816 707 2874 3.
741 2810 902 2874 Omultas
925 2819 1089 2896 etgraves
1111 2810 1319 2878 offensionesl
1354 2835 1432 2900 quas
1453 2813 1523 2898 qui-

198 2907 286 2980 dem,
321 2915 354 2971 tu
381 2904 436 2970 das
465 2925 612 2989 operam,
648 2913 683 2969 at
711 2904 817 2968 lenias.
861 2908 924 2968 Nea
954 2914 1057 2970 tamea
1085 2905 1162 2971 nibil
1185 2905 1326 2991 proficis:
1362 2907 1439 2992 quia
1462 2907 1562 2972 bacan

197 3000 267 3087 ipso
290 2998 404 3064 minuis
427 2997 570 3064 dolorem
593 3019 713 3073 meum,
737 2997 838 3084 quod,
861 3007 896 3062 ut
917 2999 1053 3072 minuas,
1077 3008 1138 3062 tam
1153 2998 1243 3064 valde
1258 2997 1400 3078 laboras:
1423 2998 1520 3086 idque

198 3093 290 3160 velim
322 3113 362 3156 ne
390 3111 522 3177 gravere
554 3113 648 3177 quam
677 3091 858 3177 saepissime
885 3091 999 3157 lacere.
1052 3093 1187 3156 Maxime
1219 3101 1323 3157 autem
1352 3113 1520 3179 assequere

199 3188 284 3276 quod
311 3187 376 3260 vis,
413 3186 438 3251 si
468 3207 518 3251 me
546 3185 730 3259 adduxeris,
763 3195 798 3250 ut
827 3185 1004 3250 existimem
1033 3207 1084 3250 me
1106 3185 1262 3252 bonorum
1283 3184 1434 3251 iudicium
1456 3206 1519 3251 non

198 3282 337 3347 funditus
366 3280 550 3368 perdidisse.
607 3284 804 3363 Quamquam
834 3280 910 3366 quid
948 3289 980 3346 tu
1010 3279 1043 3344 in
1080 3300 1118 3345 eo
1146 3287 1255 3366 pates?
1286 3279 1365 3343 Nihil
1394 3278 1519 3344 scilicet.

199 3376 277 3449 Sed,
315 3375 342 3441 si
364 3374 439 3460 quid
460 3395 512 3438 res
535 3373 620 3437 dabit
642 3373 696 3438 tibi
721 3373 890 3448 lacultatis,
921 3373 954 3440 id
976 3395 1026 3439 me
1048 3374 1183 3438 maxime
1213 3373 1367 3439 consolari
1391 3373 1559 3458 poterittsu

198 3469 282 3556 quod
306 3489 387 3535 nuno
408 3467 533 3555 quidem
556 3467 647 3531 video
670 3488 733 3532 uon
756 3488 840 3544 esse:
863 3467 918 3531 sed
940 3467 967 3533 si
989 3466 1080 3555 quid,
1103 3489 1143 3533 ex
1160 3469 1293 3545 aveatis:
1317 3477 1351 3532 ut
1365 3467 1425 3532 boc
1439 3488 1521 3531 nunc

198 3563 319 3628 accidit.
361 3560 496 3627 Dicebat
516 3559 662 3626 debuisse
689 3581 761 3626 cum
789 3562 940 3647 Pompeio
962 3560 1129 3648 proficisci.
1173 3562 1284 3627 Exitus
1305 3562 1387 3627 illius
1410 3562 1521 3627 minuit

198 3657 265 3722 eius
297 3657 392 3722 allucii
418 3655 631 3742 praetermissi
659 3654 949 3740 reprehensionem.
1000 3655 1062 3720 Sed
1084 3676 1125 3720 ex
1152 3654 1299 3720 omnibus
1321 3655 1399 3721 nibil
1420 3656 1519 3742 magis

197 3760 299 3815 tanuen
322 3749 531 3823 desideratur,
564 3769 657 3834 quam
679 3747 763 3835 quod
787 3754 818 3814 in
840 3749 974 3815 Africam
999 3771 1061 3814 uon
1083 3749 1184 3817 ierim.
1228 3749 1346 3815 ludicio
1369 3748 1429 3814 boc
1450 3771 1518 3815 sum

196 3866 286 3917 usus,
321 3865 383 3909 non
418 3865 487 3910 esse
516 3841 659 3907 barbaris
686 3842 812 3908 auxiliis
840 3841 1054 3908 fallacissimae
1076 3845 1175 3930 gentis
1196 3864 1265 3908 rem
1287 3841 1442 3928 publicam
1466 3842 1557 3906 deas

197 3939 401 4012 lendeudam,
435 3937 619 4023 praesertim
648 3946 756 4001 contra
778 3939 950 4003 exercitum
977 3959 1070 4024 saepe
1091 3943 1253 4003 victorem.
1295 3941 1363 4002 Non
1387 3935 1521 4023 probant

197 4033 340 4098 sortasse.
388 4034 519 4098 Multos*
534 4032 617 4096 enim
647 4031 733 4096 viros
763 4029 864 4096 bonos
893 4032 926 4096 ia
955 4032 1088 4097 Airicam
1117 4034 1237 4098 venisse
1265 4033 1359 4098 audio
1388 4041 1418 4095 et
1454 4031 1519 4094 scio

198 4124 294 4190 luisse
316 4135 416 4191 antea.
476 4126 572 4192 Valde
600 4124 660 4189 boc
682 4125 752 4190 loco
774 4145 901 4209 urgeor.
958 4126 1016 4190 llic
1037 4148 1164 4213 quoque
1191 4148 1271 4212 opus
1300 4134 1347 4191 est
1367 4145 1457 4198 casu,
1487 4132 1522 4188 ut

199 4218 296 4305 aliqui
317 4220 379 4286 sint
400 4241 439 4284 ex
462 4225 507 4285 eis
530 4229 597 4294 aut,
626 4219 652 4283 si
675 4227 792 4304 potest,
823 4239 951 4292 omnes,
975 4219 1029 4305 qui
1052 4221 1181 4285 salutem
1204 4227 1401 4305 anteponant.
1444 4221 1520 4280 Nam

269 4423 295 4471 1.
315 4420 500 4471 Alexandreae
518 4422 565 4471 M:
595 4419 795 4469 Aleaaadriaar
814 4419 881 4469 ltili.
910 4444 941 4456 -
978 4421 1004 4470 2.
1023 4421 1120 4470 vidisse
1139 4423 1171 4484 Q.
1191 4417 1344 4484 (Quintum)
1364 4419 1430 4477 liz,
1457 4421 1521 4468 iaci-

199 4490 267 4539 diam
291 4491 325 4540 11.
361 4492 405 4546 (Ut
423 4507 490 4553 nos,
510 4491 583 4549 111.)
603 4491 671 4539 Tum
691 4489 804 4539 vidisse:
831 4491 1015 4539 uaesaniam?
1044 4505 1080 4539 aa
1100 4493 1178 4541 llaud
1198 4493 1276 4541 Ture.
1299 4491 1319 4540 l.
1340 4505 1366 4554 p.
1387 4489 1455 4540 308:
1483 4491 1521 4538 ai-

198 4560 267 4610 ditae
296 4573 334 4609 aa
362 4568 462 4612 euntem
490 4576 527 4610 aa
553 4561 617 4613 Mill
626 4597 632 4618 ,
662 4559 760 4609 vidisse
786 4564 907 4620 euntem,
936 4575 972 4609 aa
991 4560 1140 4611 Ernestius.
1170 4587 1201 4597 —
1238 4563 1264 4611 ¹1.
1284 4562 1348 4610 mibi
1365 4566 1427 4609 tuae
1446 4561 1467 4609 l.
1489 4585 1519 4596 --

197 4627 269 4693 mat]
297 4629 407 4692 {aarum
426 4632 545 4682 malebat
562 4630 711 4680 Ernestiaa.
742 4653 769 4664 -
808 4629 834 4679 3.
854 4643 889 4678 es.
926 4630 980 4680 Fae
998 4635 1028 4680 tu
1048 4633 1084 4682 Y:
1116 4637 1153 4681 eat
1170 4647 1201 4682 ea
1220 4631 1321 4693 sactum
1340 4631 1385 4685 ltl,
1405 4645 1440 4680 es.
1478 4630 1521 4677 lta

198 4699 299 4763 factum
319 4702 343 4762 l,
369 4715 404 4751 es.
443 4702 555 4751 Factum
574 4701 627 4750 lili.
667 4699 723 4747 lloa
746 4698 801 4747 lere
828 4700 989 4762 requiritur:
1020 4701 1128 4752 Factum
1149 4711 1185 4753 est
1204 4704 1300 4766 igitar,
1321 4708 1350 4748 at
1369 4702 1471 4758 scribis,
1491 4699 1518 4747 S.

197 4772 225 4820 G·
245 4774 348 4822 amatus·
365 4774 477 4836 placere.
497 4772 548 4822 On·
576 4795 604 4806 ·-
625 4771 667 4819 11.
687 4768 790 4817 tributii
809 4769 830 4818 l.
851 4795 882 4806 -
902 4771 936 4821 11
965 4767 1016 4834 me]
1035 4779 1058 4822 te
1078 4775 1107 4822 11.
1132 4795 1162 4807 -
1183 4773 1225 4822 15.
1246 4767 1405 4834 litterarum]
1425 4771 1519 4832 episto·

196 4841 325 4890 laruml.
345 4865 379 4877 -
413 4841 605 4894 audiaaelllll:
627 4839 760 4888 audiuisse
779 4839 822 4888 lll-
847 4865 877 4876 -
915 4843 1163 4893 3311311111-
1200 4843 1244 4891 31.
1264 4847 1294 4890 ui
1313 4847 1375 4889 aute
1394 4842 1430 4890 ad
1449 4840 1521 4891 dele-

196 4916 252 4960 tam
284 4912 403 4963 malebat
433 4913 582 4963 Ernestiua.
616 4933 647 4945 -
684 4909 727 4957 31.
758 4921 797 4956 rex
825 4909 907 4960 Mitt:
941 4925 969 4960 re
987 4926 1048 4962 cam
1071 4913 1191 4962 Munatio
1210 4912 1239 4961 ll.
1261 4938 1291 4947 -
1329 4913 1372 4959 31.
1394 4915 1521 4974 unisqui-

197 4981 478 5034 nemausensem.
512 5005 541 5018 ·-
579 4983 676 5030 aiom·
697 4980 728 5028 lt.
757 5003 786 5014 -
825 4981 868 5031 33.
888 4980 985 5045 magis]
1006 4982 1228 5044 malimleipr.
1248 4983 1285 5032 11.
1307 5007 1338 5016 ·-
1377 4983 1419 5032 31.
1441 4995 1521 5043 greum

196 5065 251 5101 am.
272 5053 303 5102 ll.
326 5077 356 5089 -
377 5053 421 5104 38.
442 5066 522 5112 cara,
543 5059 572 5102 at
590 5051 674 5113 aliqui
691 5049 857 5101 Lambinus:
878 5065 943 5100 casa
962 5053 1045 5115 aliqui
1061 5052 1157 5102 1111111.
1179 5077 1209 5088 -
1230 5053 1272 5103 aa.
1292 5053 1329 5102 eia
1342 5053 1424 5105 bllll:
1445 5054 1478 5102 iia
1491 5051 1519 5102 E.
