3628 5876
592 458 666 522 LlB.
688 459 728 522 Χ.
771 461 830 523 ΕΡ.
852 459 903 524 25.
925 457 976 522 26.
998 457 1050 522 27.
1071 460 1123 522 28.
1455 463 1515 525 18³

195 623 268 692 aut,
291 616 318 682 sl
338 615 401 682 ian
421 614 581 690 conlecta,
602 615 688 682 domi
711 626 783 684 tuae
807 621 866 692 sis,
888 637 929 682 ne
949 637 1021 684 cum
1043 617 1183 684 maximo
1206 618 1366 705 periculo,
1388 626 1423 684 nt
1439 617 1517 684 scri·

193 708 265 784 bis,
288 708 487 776 stultissimus
509 709 575 775 sisi
611 715 680 775 Non
706 710 845 778 arbitror
865 721 896 778 te
922 712 966 777 ita
989 711 1122 789 sentire;
1144 731 1253 778 omnes
1276 712 1360 776 enim
1382 720 1453 778 tuos
1475 711 1517 778 ad

193 802 321 870 laudem
336 801 472 888 impetus
488 803 572 869 novi.
617 804 752 883 Quodsi,
774 814 810 871 nt
826 804 954 882 scribis,
977 805 1019 870 ita
1034 803 1149 879 sentis,
1172 825 1235 870 non
1250 805 1349 890 magis
1371 817 1401 870 te
1422 827 1517 892 quam

193 895 234 962 de
256 906 288 963 te
313 895 464 963 iudicium
485 896 684 984 reprebendo
706 921 821 966 meum.
871 905 914 966 Te
936 897 1127 984 adipiscendi
1148 899 1346 984 magistratus
1367 900 1518 966 levissimi

194 1001 225 1056 et
253 989 511 1078 divulgatissimi,
549 992 575 1057 si
597 993 639 1058 ita
661 992 836 1079 adipiscare
857 1003 892 1060 ut
922 993 1085 1081 plerique,
1122 1013 1332 1079 praepropera
1361 993 1541 1060 festinatio*

193 1084 331 1150 abducet
345 1105 363 1149 a
377 1085 469 1150 tantis
483 1084 647 1160 laudibus,
670 1085 784 1172 quibus
799 1098 830 1153 te
845 1109 954 1154 omnes
969 1087 1002 1153 in
1016 1087 1135 1152 eaelum
1152 1087 1221 1153 iure
1243 1096 1275 1152 et
1295 1109 1370 1154 vere
1391 1087 1518 1155 lerunt?

195 1178 322 1244 Scilicet
342 1177 375 1244 id
397 1177 515 1262 agitur,
545 1189 652 1244 uuum
674 1179 731 1244 bac
752 1182 901 1268 petitione
923 1203 963 1246 an
985 1181 1131 1266 proxima
1154 1190 1281 1266 praetor
1303 1180 1379 1256 lias,
1400 1203 1463 1248 non
1484 1191 1520 1248 ut

194 1273 238 1340 ita
255 1271 295 1338 de
310 1293 347 1339 re
361 1270 486 1357 publica
500 1293 660 1347 mereare,
682 1275 769 1340 omni
783 1275 904 1341 bonore
918 1285 953 1340 ut
968 1273 1167 1359 dignissimus
1185 1273 1335 1340 indicere.
1356 1281 1387 1341 3.
1410 1279 1518 1341 Utrum

194 1367 315 1441 nescis,
351 1388 445 1454 quam
466 1366 527 1432 alte
549 1367 749 1434 ascenderis?
785 1392 824 1435 an
845 1390 905 1456 pro
927 1368 1025 1433 nibilo
1049 1367 1079 1432 id
1100 1373 1215 1453 putas‘l
1264 1369 1296 1434 si
1319 1367 1433 1443 nescis,
1463 1367 1520 1433 tibi

193 1457 327 1544 Ignosco
334 1483 343 1540 ;
373 1481 432 1526 nos
459 1460 605 1548 inculpa
632 1483 756 1528 sumus:
789 1463 837 1528 sin
855 1461 1020 1546 intelligis,
1050 1460 1111 1526 ulla
1135 1459 1192 1526 tibi
1218 1471 1265 1526 est
1290 1473 1438 1548 praetura
1469 1462 1557 1528 vel¹⁰

193 1553 323 1627 officio,
359 1554 445 1641 quod
464 1555 571 1641 pauci,
606 1557 657 1622 vel
677 1556 791 1642 gloria,
814 1578 907 1643 quam
930 1575 1038 1620 omncs
1059 1563 1249 1640 sequuntur,
1276 1555 1419 1621 dulciori
1454 1560 1521 1621 Hac

194 1645 235 1712 de
258 1667 295 1712 re
307 1645 349 1746 pt
366 1668 427 1733 ego
445 1657 478 1713 et
498 1645 684 1762 Calvisius)
698 1649 794 1740 bruno
813 1651 915 1736 magni
939 1648 1048 1715 iudicii
1073 1651 1180 1736 tuique
1206 1650 1477 1730 amantissimus,(
1488 1658 1521 1716 te
1614 1637 1639 1725 l

194 1761 380 1826 accusamus
401 1740 562 1828 quotidie.)
610 1743 742 1810 Comitia
764 1752 880 1818 umen,
910 1743 1059 1829 quoniam
1084 1765 1125 1808 ex
1149 1743 1189 1809 iis
1215 1745 1347 1830 pendes,
1369 1753 1521 1833 quantum
1571 1781 1618 1844 ff

192 1833 302 1900 Iacere
326 1855 512 1922 possumus,
544 1837 630 1923 quod
651 1837 757 1903 multis
774 1836 814 1903 de
835 1837 937 1902 causis
955 1836 1166 1923 reipublicae
1190 1837 1381 1905 arbitramur
1403 1837 1522 1905 condu-

193 1949 288 2006 cere,
311 1934 344 1996 in
364 1929 545 1996 Ianuarium
566 1952 705 1997 mensem
727 1931 953 2018 protrudimus.
996 1933 1092 1998 Vince
1113 1932 1211 2018 igitur
1231 1943 1263 2000 et
1284 1933 1364 2000 vale.
1532 1935 1559 1976 ¹⁸

638 2092 764 2156 saur.
807 2089 854 2176 (a.
883 2093 915 2157 o.
938 2093 971 2158 c.
992 2089 1078 2166 711.)

680 2215 822 2280 cronno
845 2215 990 2280 sonmo
1013 2216 1044 2280 s

283 2337 312 2398 1.
346 2332 441 2412 Quod
466 2333 543 2398 mibi
564 2354 624 2420 pro
646 2356 766 2401 snmma
799 2355 874 2420 erga
895 2343 926 2400 te
946 2332 1164 2400 benevolentia
1186 2353 1317 2419 magnae
1338 2354 1433 2400 curae
1453 2343 1521 2412 cst,

195 2436 355 2514 utquam
391 2426 582 2513 amplissima
610 2427 759 2514 dignitate
792 2427 854 2501 sis,
891 2428 1022 2494 moleste
1047 2427 1105 2495 tuli
1126 2435 1157 2492 te
1179 2427 1300 2493 senatui
1321 2429 1436 2512 gratim
1457 2450 1522 2496 non

196 2522 321 2608 egisse,
344 2541 416 2586 cum
437 2541 522 2586 esses
548 2520 587 2586 ab
609 2543 649 2588 eo
669 2523 779 2588 ordine
803 2530 931 2588 ornatus
954 2522 1085 2589 summis
1104 2519 1289 2588 bonoribus.
1332 2522 1419 2587 Pacis
1441 2522 1560 2589 intere

196 2615 283 2682 cives
305 2613 517 2681 conciliandae
537 2624 569 2680 te
597 2615 744 2702 cupidum
766 2637 834 2682 esse
857 2615 968 2681 laetor.
1010 2619 1087 2681 Eam
1109 2614 1136 2679 si
1157 2635 1175 2680 a
1197 2614 1347 2680 servitute
1373 2615 1522 2701 seiungis,

196 2707 344 2774 eonsules
366 2717 397 2772 et
412 2707 460 2772 rei
480 2706 623 2793 publicae
645 2719 676 2774 et
690 2709 832 2795 dignitati
853 2718 943 2788 tuae;
964 2711 1012 2776 sio
1033 2709 1092 2776 ista
1108 2729 1170 2796 pax
1186 2708 1345 2794 perditum
1364 2708 1523 2776 bominem

198 2803 231 2869 in
257 2801 490 2888 possessionem
518 2802 771 2889 impotentissimi
803 2802 980 2870 dominatus
1014 2801 1195 2868 restitutura
1230 2809 1291 2876 est,
1324 2800 1385 2867 boc
1417 2802 1523 2868 animo

197 2895 278 2961 scito
306 2915 416 2960 omnes
459 2915 569 2971 sanos,
606 2904 642 2961 ut
675 2905 810 2963 mortem
846 2897 989 2963 servituti
1019 2903 1217 2982 anteponant.
1276 2899 1307 2960 1.
1335 2899 1442 2983 ltaque
1476 2917 1523 2962 sa·

197 2989 353 3076 pientius,
375 3009 448 3054 meo
473 2987 601 3076 quidem
626 2989 761 3063 iudicio,
784 2990 900 3065 iacies,
922 2991 949 3056 si
970 3001 1001 3056 te
1022 2991 1055 3056 in
1080 2991 1172 3056 istam
1192 2988 1437 3075 pacificationem
1459 3007 1522 3053 non
1536 3003 1563 3042 ὓ

197 3082 398 3169 interponas,
430 3105 512 3169 qnae
534 3105 636 3170 neque
658 3084 779 3149 senatui
799 3105 902 3170 neque
922 3085 1041 3170 populo
1058 3104 1115 3148 nec
1136 3082 1279 3168 cuiquam
1300 3079 1386 3146 bono
1407 3078 1523 3167 proba·

198 3186 263 3242 tur.
307 3176 368 3242 Sed
388 3177 464 3242 baec
489 3177 598 3242 audies
619 3198 659 3242 cx
680 3176 749 3242 aliis
767 3188 821 3243 aut
844 3177 963 3244 certior
986 3177 1041 3244 lies
1056 3177 1179 3244 litteris.
1221 3181 1268 3242 Tu
1292 3195 1352 3261 pro
1376 3183 1430 3241 tue
1445 3195 1520 3261 pru·

199 3269 322 3348 dentis,
346 3271 422 3358 qnid
443 3271 597 3358 optimum
618 3268 703 3336 lectu
724 3271 783 3347 sit,
804 3270 937 3338 ridebis.

641 3431 784 3496 XXVIII.
826 3429 876 3513 (A.
902 3429 1097 3504 1112711.)

656 3554 800 3618 CICERO
821 3554 1021 3618 TREBONIO
1044 3555 1076 3618 S.
1534 3575 1563 3618 ao

288 3675 317 3738 l.
339 3674 442 3751 Quam
465 3671 577 3738 rebem
599 3669 640 3737 ad
664 3670 734 3737 illas
758 3660 984 3759 pulcherrimas
1010 3673 1117 3760 epulas
1135 3694 1186 3738 me
1207 3672 1313 3739 Idibus
1335 3672 1455 3738 Martiis
1478 3672 1526 3736 in-

200 3768 346 3835 ritasscsi
368 3765 582 3853 Reliqniarum
605 3764 680 3830 nibil
699 3763 897 3832 haberemus.
940 3773 979 3832 At
999 3787 1082 3832 nunc
1107 3787 1178 3832 cum
1203 3767 1243 3831 iis
1268 3775 1387 3832 tantum
1407 3764 1527 3851 negotii

200 3871 269 3937 est,
301 3869 338 3926 ut
358 3871 497 3926 vestrum
525 3858 603 3924 illud
631 3859 771 3926 divinum
805 3861 838 3926 io
859 3882 928 3925 rem
949 3858 1106 3947 publicam
1129 3859 1315 3926 beneficium
1345 3858 1525 3925 nonnullam

200 3954 316 4021 babeat
345 3953 515 4042 querelam.
568 3951 663 4030 Quod
685 3974 807 4019 veroa
843 3963 893 4028 te,
916 3955 987 4034 viro
1011 3955 1147 4040 optimo,
1171 3953 1316 4019 seductus
1340 3961 1386 4017 est
1407 3962 1525 4038 tuoque
1612 3938 1636 4026 d

200 4047 356 4116 beneficio
375 4047 476 4113 adbuc
500 4047 579 4112 vivit
598 4045 675 4112 baec
698 4047 812 4134 pestis,
834 4047 1008 4122 interdum,
1031 4049 1116 4136 quod
1140 4047 1218 4113 mibi
1242 4047 1297 4112 vix
1320 4045 1367 4110 las
1382 4052 1445 4120 est,
1468 4043 1524 4109 tibi
1538 4071 1566 4114 ss

202 4141 393 4209 subirascor.
435 4140 511 4208 Idibi
530 4140 612 4206 enim
629 4140 745 4226 negotii
761 4142 832 4228 plns
851 4139 1005 4227 reliquisti
1026 4142 1081 4206 nni
1099 4163 1192 4227 mam
1207 4147 1333 4227 praeter
1352 4159 1403 4203 me
1425 4137 1527 4202 omni-

201 4235 271 4303 bus.
315 4239 353 4301 Ut
372 4235 455 4300 enim
476 4235 612 4322 primum
631 4243 703 4320 post
716 4233 841 4300 Antonii
859 4231 1075 4299 foedissimum
1093 4233 1263 4299 discessum
1278 4240 1403 4297 senatus
1417 4227 1527 4296 baberi

203 4329 304 4397 libere
323 4328 441 4415 potuit,
476 4327 515 4394 ad
536 4328 626 4394 illum
649 4327 787 4393 animum
810 4345 915 4393 meum
939 4327 1057 4392 reverti
1080 4327 1264 4414 pristinum,
1287 4345 1381 4413 quem
1402 4332 1437 4389 tu
1455 4343 1526 4388 cum
1636 4404 1640 4413 Ι

202 4423 263 4490 civi
290 4421 465 4497 acerrimo,
503 4429 592 4508 patre
617 4430 689 4494 tuo,
725 4421 758 4485 in
787 4441 844 4485 ore
876 4429 907 4485 et
929 4440 1037 4485 aurore
1062 4441 1187 4506 semper
1209 4418 1355 4484 habuisti.
1398 4421 1428 4483 2.
1450 4423 1526 4484 Nam
1620 4453 1637 4493 ,r

202 4539 274 4582 cnm
308 4525 450 4582 senatum
481 4537 510 4581 a.
539 4515 570 4580 d.
603 4533 682 4580 1111.
704 4513 858 4580 Kalendas
887 4513 1046 4579 lanuarias
1075 4513 1192 4580 tribuni
1225 4511 1310 4600 plebi
1331 4511 1567 4578 vocavissentau

203 4611 306 4700 deque
334 4611 394 4677 alia
423 4631 460 4676 re
489 4609 664 4683 referrent,
697 4617 793 4674 totam
821 4629 888 4673 rem
917 4606 1072 4694 publicam
1104 4629 1173 4673 sum
1197 4607 1380 4692 complexus
1414 4605 1528 4693 egique

274 4824 301 4871 l.
333 4827 394 4870 tuce
411 4821 481 4870 aare
497 4821 615 4870 musmo
634 4833 675 4882 pr.
693 4818 741 4878 Id,
770 4823 831 4867 tuoe
856 4815 911 4864 stne
935 4769 1053 4866 Immo
1077 4830 1148 4867 corr.
1175 4816 1212 4869 bl.
1241 4815 1312 4878 (cum
1336 4821 1378 4866 est
1403 4815 1430 4866 in
1459 4827 1529 4866 mar·

205 4888 291 4954 gine.)
323 4914 354 4927 -
399 4889 426 4940 8.
447 4890 563 4940 iudicare
590 4889 628 4941 11.
659 4915 686 4926 -
726 4889 770 4938 13.
789 4886 914 4950 quonium
931 4886 978 4936 la:
1005 4888 1110 4949 quoodo
1133 4887 1164 4937 ll.
1194 4911 1225 4924 -
1260 4888 1294 4936 its
1311 4885 1360 4937 ll:
1387 4885 1426 4942 ,bis
1444 4885 1475 4934 11.
1495 4911 1527 4923 --

207 4963 249 5012 15.
269 4962 341 5012 Fort.
367 4961 440 5011 l's'oce
456 4961 539 5025 tpitur
557 4966 581 5009 ta
599 4966 623 5009 st
641 4959 708 5008 oola.
727 4958 779 5008 01.
799 4981 832 4992 -
862 4954 906 5005 18.
924 4969 976 5018 pre·
990 4969 1049 5006 meo
1066 4971 1168 5007 otmaro
1185 4957 1332 5009 Manutius.
1367 4953 1462 5005 llsllrn
1476 4967 1529 5019 pro

206 5025 961 5094 mmmm.01.-21.sstunatsitl=sstrmpaslt
987 5050 1014 5061 —
1045 5025 1090 5076 21.
1111 5024 1527 5080 commeassem&-

207 5098 552 5165 ”assummum-
589 5097 749 5151 tamuz
777 5094 914 5148 1111-
974 5094 1263 5162 astoensem&
