3680 5944
306 346 370 412 531)
819 343 880 408 ΕΡ.
900 344 953 406 ΑΙ)
974 341 1147 406 armenti

307 523 377 568 esse
397 501 530 568 minoris
552 501 600 566 bis
623 497 816 578 consulibus;
839 519 974 585 quorum
996 519 1074 586 ergo
1092 520 1148 586 spe
1164 495 1312 566 audiendi
1332 497 1450 585 aliquid
1464 507 1496 566 et
1511 520 1639 588 cogno·

307 596 413 662 scendi
439 594 540 663 nostri
565 603 732 681 apparatus
761 593 899 659 maximo
928 591 1022 659 imbri
1051 597 1186 682 Capuam
1218 596 1291 660 veni
1312 591 1415 679 pridie
1441 597 1563 669 Nonas,
1595 601 1639 660 ut

308 712 394 756 eram
416 689 529 756 iussus.
576 688 625 754 llli
656 696 760 754 autem
788 688 927 754 nondum
948 695 1112 764 venerant,
1150 685 1206 754 sed
1227 695 1317 752 crant
1336 687 1476 762 venturi,
1502 687 1633 761 inanes,

307 784 461 871 imparati.
505 787 625 850 Cnaeus
646 791 750 849 autem
772 782 923 848 Luceriae
945 779 1108 848 dicebatur
1127 802 1195 848 essa
1214 790 1245 847 ct
1263 779 1351 846 adire
1368 781 1515 848 cobortes
1532 783 1637 868 legio-

282 900 383 944 snum
410 882 621 954 Attianarnm,
657 897 721 943 non
748 877 1008 944 firmissimarum.
1066 881 1106 943 At
1126 876 1215 942 illum
1234 896 1331 942 ruere
1352 877 1495 943 nuntiant
1515 887 1546 942 et
1566 880 1635 944 iam

307 971 433 1059 iamque
461 972 591 1047 adesse,
628 993 692 1038 non
724 981 760 1037 ut
791 992 918 1037 manum
948 979 1157 1037 conserat-
1180 969 1305 1055 quicum
1327 975 1432 1036 enim?
1455 1001 1495 1015 -
1517 969 1573 1036 sed
1593 981 1634 1036 nt

306 1065 412 1150 lugam
441 1065 637 1132 intercludat.
679 1069 709 1130 2.
741 1069 809 1151 Ego
837 1074 940 1132 autem
967 1065 1000 1130 in
1025 1063 1114 1130 ltalia
1141 1075 1199 1130 acal
1220 1071 1471 1132 cananaeorum.
1513 1069 1576 1130 Nec
1596 1074 1632 1130 te

306 1159 339 1224 id
361 1161 501 1228 consulo.
544 1161 598 1226 Sin
627 1167 732 1235 extra,
768 1159 844 1245 quid
865 1165 945 1243 agot
987 1157 1035 1223 ud
1056 1159 1245 1224 manendum
1265 1156 1382 1234 biems,
1404 1158 1545 1232 lictores,
1569 1157 1631 1222 im·

134 1250 195 1350 fla}
307 1253 433 1339 providi
454 1262 487 1320 et
507 1254 697 1340 negligentes
726 1252 839 1332 duces;
861 1251 915 1356 (ad
937 1251 1042 1336 lugam
1064 1251 1208 1342 horta-tur
1229 1252 1363 1318 amicitia
1386 1255 1496 1325 Cnaei,
1533 1271 1631 1318 causa

272 1345 480 1421 rabonorum,
513 1347 675 1435 turpitudo
703 1346 911 1432 coniungendi
933 1367 1005 1412 cum
1036 1348 1186 1451 tyranno)
1221 1344 1440 1433 quiquidem,
1474 1345 1631 1412 incertum

307 1449 369 1517 cst,
402 1441 596 1508 Phalarimne
625 1463 665 1506 an
695 1442 887 1507 Pisistratum
916 1441 956 1506 sit
984 1439 1172 1506 imitaturus.
1215 1443 1300 1506 llaec
1320 1437 1414 1506 velim
1437 1439 1573 1525 explices
1596 1447 1631 1504 et

306 1554 357 1598 rue
379 1534 467 1600 iuves
489 1536 634 1612 consilio,
657 1535 714 1601 etsi
736 1544 766 1600 te
786 1536 890 1620 ipsum
911 1533 981 1599 istic
1003 1534 1064 1599 iam
1087 1534 1189 1600 calere
1205 1542 1292 1621 puto.
1336 1532 1399 1599 Sed
1413 1541 1515 1598 tamen
1530 1554 1629 1620 quan·

305 1639 373 1693 tum
398 1630 526 1715 poteris.
579 1634 647 1715 Ego
675 1631 702 1696 si
730 1629 806 1716 quid
836 1629 887 1695 btc
912 1627 1007 1693 bodie
1035 1629 1110 1695 novi
1132 1648 1290 1713 cognoro,
1324 1626 1413 1694 acies.
1455 1631 1519 1692 lam
1542 1627 1628 1692 enim

305 1722 438 1789 aderunt
458 1723 602 1790 consules
624 1725 663 1790 ad
685 1745 756 1790 suas
778 1729 891 1790 Nonas.
935 1728 1015 1790 Tuas
1037 1722 1177 1809 qnotidie
1198 1722 1318 1787 litteras
1338 1719 1537 1806 exspectabo.
1578 1721 1628 1788 Ad

269 1816 360 1880 arbas
382 1826 502 1894 autem,
530 1837 602 1884 cum
623 1822 758 1905 poteris,
783 1814 949 1884 rescribes.
991 1817 1140 1882 Mulieres
1162 1824 1193 1881 et
1215 1815 1381 1882 Cicerones
1401 1813 1434 1882 in
1459 1814 1628 1882 Formiano
1688 1835 1695 1852 ·

305 1910 428 1998 reliqui.

772 2035 855 2098 XXI.
892 2031 941 2118 (l.
964 2036 996 2099 U.
1019 2035 1051 2100 C.
1071 2032 1157 2116 705.)
1272 2055 1273 2060 ¹

781 2165 923 2231 CICERO
955 2165 1099 2231 ATTICO
1127 2166 1159 2229 S.

393 2295 421 2360 t.
442 2299 490 2360 De
518 2293 606 2359 malis
634 2294 750 2359 nostris
778 2303 813 2358 tu
840 2293 927 2379 prius
955 2294 1043 2361 andis
1075 2316 1168 2382 quam
1195 2315 1265 2381 ego.
1317 2296 1404 2360 lstim
1438 2295 1522 2358 enim
1543 2315 1628 2360 ema·

268 2395 389 2455 eruant.
432 2387 513 2453 Boni
539 2397 642 2452 autem
670 2386 744 2452 binc
771 2387 859 2474 qnod
888 2397 1068 2475 exspectes,
1090 2389 1166 2455 nibil
1201 2398 1257 2454 est.
1312 2388 1393 2456 Veni
1422 2391 1558 2473 Capuam
1584 2387 1628 2453 ad

306 2487 409 2546 Nonas
437 2479 539 2556 Febr,
566 2481 608 2546 ita
641 2489 675 2547 ut
702 2481 857 2546 iusserant
886 2482 1040 2548 consules.
1093 2487 1140 2549 Eo
1169 2482 1220 2549 die
1247 2481 1395 2548 Lentulus
1417 2481 1503 2546 venit
1531 2503 1626 2559 sero;

306 2575 385 2640 alter
410 2573 519 2640 consul
547 2574 677 2640 omniuo
707 2595 770 2639 non
798 2584 928 2640 venerat
954 2596 1014 2641 vu.
1043 2575 1126 2642 ldus.
1181 2580 1229 2642 Eo
1257 2576 1340 2641 enim
1367 2573 1417 2639 die
1440 2595 1500 2660 ago
1522 2579 1627 2662 Capua

306 2669 434 2736 discessi
467 2678 498 2735 et
524 2668 622 2734 mansi
650 2667 784 2734 Calibus.
840 2669 916 2734 lnde
937 2669 993 2735 bas
1013 2669 1132 2736 litteras
1154 2669 1304 2756 postridie
1326 2677 1395 2734 anta
1421 2669 1522 2734 lucem
1543 2669 1626 2734 dedi.

306 2767 410 2840 Haec,
422 2767 545 2849 Capuae
558 2762 632 2828 dum
650 2761 706 2838 tui,
728 2762 878 2847 cognovi:
905 2763 981 2829 nibil
996 2763 1028 2829 in
1043 2763 1233 2838 oonsulibus,
1255 2762 1375 2830 nullum
1389 2783 1522 2849 usquam
1542 2762 1628 2829 dele·

267 2869 401 2929 erctum.
452 2862 515 2922 Nec
545 2856 627 2921 enim
656 2856 886 2942 conquisitores
909 2873 1199 2944 φαινοπροσωπεῖν
1220 2856 1350 2932 audent,
1379 2877 1448 2922 cnm
1471 2857 1523 2923 ifle
1547 2857 1628 2924 adsit

306 2960 427 3028 contra,
457 2959 564 3018 noster
591 2950 656 3016 dux
678 2970 832 3036 nusquam
853 2950 908 3025 sit.
939 2951 1015 3017 nibil
1045 2961 1132 3037 agat;
1164 2972 1223 3018 nec
1242 2951 1369 3018 nomina
1390 2949 1475 3017 dant
1516 2949 1628 3017 Deficit

306 3045 389 3112 enim
411 3065 474 3110 non
502 3045 645 3110 voluntas
673 3042 729 3109 sed
758 3064 840 3130 spes.
884 3048 1004 3110 Cnaeus
1025 3055 1129 3111 autem
1155 3053 1263 3111 noster
1285 3077 1325 3090 -
1347 3064 1368 3110 o
1389 3065 1457 3110 rem
1479 3045 1627 3111 miseram

306 3148 338 3205 et
358 3136 589 3205 incredibilem!
613 3172 652 3186 -
674 3145 709 3202 ut
731 3147 814 3203 totus
835 3127 1033 3225 iacetlt'Non
1054 3139 1175 3205 animus
1197 3149 1259 3227 est,
1282 3159 1345 3205 non
1361 3139 1540 3216 consilium,
1561 3159 1627 3204 non

307 3233 430 3318 copiae,
458 3252 523 3298 non
544 3219 725 3326 diligentia.)
766 3231 887 3298 Mittam
908 3233 975 3308 illa,
997 3232 1104 3317 sugam
1125 3232 1165 3299 ab
1186 3215 1266 3300 urbe
1288 3231 1515 3319 turpissimam,
1544 3231 1629 3298 timi-

268 3324 448 3394 aadissimas
476 3326 509 3390 in
537 3323 661 3411 oppidis
689 3326 867 3400 contiones,
901 3325 1129 3411 ignorationem
1158 3347 1221 3394 non
1249 3326 1351 3394 solum
1377 3324 1550 3392 adversarii
1570 3323 1627 3391 sed

306 3418 401 3484 ctiam
421 3439 549 3484 suarum
579 3419 750 3504 copiarum.
794 3423 823 3484 2.
845 3422 914 3484 lloc
935 3419 1110 3487 cuiusmodi
1132 3427 1200 3488 cst?
1222 3441 1285 3487 vu.
1306 3419 1351 3486 ld.
1373 3416 1465 3486 Febr.
1488 3424 1625 3506 Capuam

307 3515 340 3578 C.
363 3511 485 3578 Cassius
507 3509 651 3578 tribunus
672 3512 838 3598 placuit,
874 3513 977 3578 attulit
1005 3514 1147 3581 mandata
1180 3514 1219 3581 ad
1250 3513 1408 3588 consules.
1439 3520 1476 3578 ut
1495 3518 1626 3579 Romam

306 3604 465 3678 venirent,
488 3606 651 3690 pecuniam
674 3604 713 3671 de
735 3606 890 3672 sanctiore
911 3608 1034 3674 aerario
1053 3608 1227 3682 auferrent,
1250 3605 1352 3673 statim
1368 3607 1500 3672 exirent.
1543 3603 1626 3672 Urbe

182 3743 203 3777 „
307 3699 430 3773 relicta,
461 3698 606 3765 redeant:
640 3719 703 3785 quo
729 3699 910 3786 praesidio?
940 3701 1061 3768 Deinde
1083 3710 1212 3768 exeant:
1236 3702 1306 3788 qtria
1328 3700 1428 3766 sinat?
1458 3701 1574 3768 Consul
1595 3699 1626 3765 ei

272 3793 484 3879 aarescripsit,
516 3802 553 3859 ut
578 3793 667 3879 prius
696 3793 763 3879 ipsc
791 3793 824 3858 iu
853 3793 1009 3861 Picenum.
1067 3801 1105 3862 At
1134 3795 1209 3862 illud
1239 3805 1338 3861 totum
1366 3803 1433 3860 erat
1461 3795 1625 3871 amissum;

307 3885 426 3952 sciebat
446 3906 538 3952 nemo
559 3897 685 3974 praeter
706 3909 756 3952 mc
778 3907 820 3952 ex
840 3887 951 3955 litteris
974 3888 1165 3956 Dolabellae.
1214 3889 1292 3956 llibi
1312 3886 1443 3956 dubium
1464 3908 1529 3954 non
1549 3895 1625 3962 erat,

144 4021 221 4123 st„
283 3980 384 4091 (quin
415 3980 468 4047 ille
495 3980 557 4046 iam
586 3982 712 4068 iamque
741 3980 824 4070 soret
850 3982 883 4048 in
904 3971 1030 4070 Apulia',
1059 3988 1179 4052 Cnaens
1199 3992 1308 4050 noster
1328 3983 1362 4050 in
1382 3981 1478 4068 nati.)
1506 3983 1537 4048 3.
1558 3986 1625 4068 Ego

174 4078 200 4127 r

375 4191 401 4240 1.
429 4203 490 4256 crgo
517 4190 556 4240 Y:
587 4203 633 4255 ego
658 4190 755 4242 lllllll.
805 4189 861 4244 Cir.
889 4192 964 4256 virg.
992 4191 1062 4244 dan.
1088 4193 1120 4253 1,
1153 4193 1214 4244 170.
1247 4216 1278 4229 -
1322 4193 1446 4244 oudieeadt
1471 4191 1572 4256 olc'puid
1600 4197 1625 4242 et

306 4260 385 4312 thll:
411 4261 536 4311 audiendi
562 4266 587 4310 et
610 4261 661 4312 llll.
693 4287 727 4296 —
763 4262 788 4314 3.
817 4270 921 4322 autam,
949 4263 1053 4325 idest,
1077 4264 1176 4324 Nortia,
1203 4264 1320 4313 nondum
1340 4276 1396 4324 mg.
1421 4261 1572 4314 Cratandri.
1594 4284 1624 4297 -

306 4332 332 4380 5.
359 4326 539 4394 Attianorum]
570 4331 698 4382 itinerum
723 4347 764 4397 pr.
788 4333 835 4394 M,
864 4335 989 4383 itinerum
1011 4334 1022 4381 l
1049 4339 1077 4384 et
1102 4347 1172 4385 corr·
1192 4335 1236 4390 M,
1262 4335 1408 4384 manaem
1425 4333 1456 4383 ll.
1495 4329 1626 4394 (Correxit

307 4399 462 4463 victorius.)
497 4423 524 4435 -
561 4400 588 4451 ’1.
614 4403 680 4466 [ugo
701 4403 735 4454 a.
773 4429 802 4439 -
851 4403 878 4453 3.
897 4401 1063 4466 mouendam]
1082 4418 1121 4454 ma
1138 4405 1254 4454 nondam
1273 4417 1312 4467 pr.
1337 4404 1375 4456 11.
1403 4425 1435 4437 -·
1473 4403 1518 4452 12.
1537 4414 1626 4453 coma

307 4471 337 4520 a.
359 4495 390 4508 -
427 4470 469 4522 15.
489 4471 615 4522 cumbae
633 4470 656 4519 1.
676 4494 706 4510 -
743 4473 785 4522 ta.
805 4469 862 4538 coo]
880 4487 928 4524 noa
948 4473 969 4522 l.
990 4496 1021 4511 -
1040 4475 1115 4525 latim
1133 4475 1299 4526 Lambinus:
1318 4474 1402 4524 latum
1419 4486 1461 4536 pr.
1481 4472 1526 4532 ld,
1545 4473 1626 4522 lattac

306 4539 363 4592 ltlll
380 4545 407 4592 et
426 4554 497 4591 corr.
516 4541 554 4591 11.
592 4538 647 4590 Ctr.
668 4541 747 4591 Hand
766 4543 845 4592 Tura.
866 4543 915 4592 111.
937 4559 963 4607 p.
982 4544 1044 4594 113.
1064 4567 1097 4580 -
1132 4551 1221 4595 emant
1239 4558 1280 4608 pr.
1295 4541 1336 4594 11.
1357 4568 1388 4579 -
1411 4543 1457 4594 33.
1477 4542 1567 4594 coltbt'a
1583 4555 1624 4605 pr.

305 4611 343 4660 11.
365 4635 394 4647 -
432 4611 476 4662 25.
495 4611 565 4660 odaat
583 4617 693 4670 contro,
712 4619 800 4662 notter
819 4612 956 4664 Orelliuaa
976 4615 1012 4664 od
1028 4628 1054 4664 sa
1070 4621 1164 4665 contro
1181 4628 1255 4678 quem
1273 4619 1362 4663 noster
1379 4612 1459 4670 llltl,
1479 4612 1549 4663 odrtt
1567 4625 1625 4662 con-

306 4687 365 4738 tro:
395 4694 452 4731 cum
468 4687 558 4730 atoatca·
576 4680 615 4740 ll,
645 4681 732 4740 odatt,
755 4688 849 4733 contro
866 4691 954 4734 nonar
975 4685 1140 4736 Schuetalua.
1160 4685 1242 4742 (odat't
1261 4688 1412 4734 correctum
1431 4682 1459 4732 in
1477 4683 1540 4732 Aac.
1560 4695 1624 4746 pr.,

305 4764 364 4799 cum
381 4765 429 4813 pro
447 4764 521 4815 qoem
538 4755 579 4800 cat
597 4749 624 4799 in
642 4749 824 4806 bisantione.)
844 4779 873 4791 -
910 4754 954 4804 29·
974 4755 1054 4806 111110
1071 4755 1146 4805 tuom
1163 4756 1195 4804 n.
1218 4780 1246 4792 -
1267 4753 1312 4805 31.
1333 4748 1396 4815 νιι.]
1416 4752 1531 4816 Septimo
1549 4751 1573 4802 l.
1594 4774 1624 4788 -

305 4819 348 4869 33.
368 4822 492 4886 offment
510 4819 549 4870 11.
571 4843 597 4856 -
636 4822 747 4870 wirma.
786 4821 849 4872 Urba
866 4822 958 4874 relicto
976 4825 1084 4874 redeam
1101 4826 1142 4875 u:
1174 4826 1275 4876 retreat
1292 4823 1355 4874 orta
1372 4821 1475 4874 relicta.
1511 4823 1626 4874 Pedem

305 4888 399 5007 111.οῖ
430 4889 495 5008 131.
513 4889 741 4942 emarcescere.
760 4891 931 4956 acrtpattbt,
958 4893 1030 4944 atoot
1048 4895 1195 4948 comatam?
1223 4895 1329 4957 aartpatt
1345 4893 1378 4944 u.
1408 4917 1439 4930 -
1476 4893 1520 4944 37.
1539 4899 1626 4944 amtor

305 4972 349 5023 cg
393 4974 413 5008 n
445 4993 453 5009 .
