3668 5924
386 464 448 528 956
688 462 820 526 nuto
843 457 1087 536 0111111111
1118 459 1192 524 ΠΒ.
1214 460 1266 524 111.
1308 459 1367 524 ΕΡ.
1388 459 1419 524 9.

385 618 474 687 ximo
508 627 564 686 tuo
598 616 765 686 commodo
800 625 832 685 et
867 615 1002 684 maxima
1023 625 1074 682 tua
1109 613 1277 696 saadute,
1314 615 1359 682 mi
1394 614 1510 690 irater,
1546 618 1720 704 cogitaris.

386 710 485 780 aba
514 710 646 800 epistola
666 711 799 786 Vatinii,
829 711 896 778 risi.
952 708 1014 776 Sed
1035 729 1086 776 mc
1108 709 1147 775 ab
1168 731 1208 776 co
1229 710 1271 776 ita
1293 709 1455 777 observari
1476 710 1558 786 ecio,
1580 721 1625 777 nt
1649 713 1721 777 eins

384 807 442 873 ista
463 805 536 874 odia
556 827 620 872 non
641 803 786 872 sorbeam
807 804 925 880 solum,
948 803 1116 870 sedetiam
1138 821 1341 891 concoquam.
1390 810 1421 871 a.
1444 804 1537 882 Quod
1558 827 1616 871 me
1642 807 1721 871 hor-

385 901 480 976 taris,
509 909 545 966 ut
565 899 741 976 absolvam,
770 897 871 964 habeo
892 897 1068 964 absolutam
1090 919 1202 972 suave,
1231 896 1307 962 mihi
1335 897 1462 983 quidem
1489 898 1534 964 uti
1563 899 1719 974 ridetur,

361 994 463 1072 ιέπος
484 993 523 1060 nd
545 997 727 1071 Caesarem;
760 992 815 1059 sed
837 1013 956 1080 quaero
977 990 1163 1078 locupletem
1184 990 1397 1067 tabellarium,
1419 1013 1458 1057 ne
1479 993 1600 1060 accidat
1626 993 1719 1081 qnod

383 1089 539 1174 Erigonae
559 1095 647 1163 tuae,
677 1087 730 1153 cui
750 1087 829 1161 soli,
861 1090 993 1153 Caesare
1014 1085 1221 1173 imperatore,
1252 1085 1314 1151 iter
1335 1106 1376 1151 ex
1399 1084 1497 1152 Gellia
1516 1095 1626 1154 tutum
1650 1108 1719 1152 non

383 1182 451 1249 fuit
505 1185 535 1247 7.
551 1186 586 1212 *¹¹
601 1180 709 1259 Quidr
740 1181 768 1246 si
795 1190 989 1246 caementum
1021 1177 1139 1245 bonum
1166 1200 1228 1245 non
1255 1177 1405 1252 habeam,
1433 1178 1599 1246 deturbem
1625 1180 1720 1246 aedi-

383 1275 510 1342 ficium?
542 1273 774 1362 quodquidam
796 1273 872 1340 mihi
893 1272 1033 1360 quotidie
1055 1273 1154 1359 magis
1175 1273 1294 1360 placet,
1303 1265 1355 1364 (in
1375 1272 1548 1362 primisque
1569 1274 1717 1340 inferior

384 1374 522 1458 porticus
554 1373 674 1434 eteius
695 1368 852 1433 conclavia
880 1367 1071 1432 liuntrecte.
1126 1371 1172 1432 De
1194 1371 1334 1440 Arcano,
1364 1367 1504 1434 Caesaris
1533 1389 1618 1456 opus
1644 1377 1716 1440 est,

348 1484 374 1522 ιι
384 1463 434 1531 vel
454 1462 632 1529 mehercule
662 1463 755 1528 etiam
787 1449 985 1547 elegantioris
1014 1462 1153 1528 alicuius.
1193 1453 1362 1546 (lmagines
1393 1461 1475 1527 enirn
1496 1461 1574 1526 istae
1597 1471 1634 1528 et
1658 1483 1717 1548 pa-

382 1558 494 1624 laestra
515 1565 547 1622 et
566 1555 684 1664 piscina
705 1566 736 1622 et
757 1555 838 1622 nilus
859 1556 1030 1620 multorum
1051 1554 1289 1621 Philotimorum
1310 1545 1385 1652 est)
1410 1575 1473 1620 non
1493 1555 1715 1641 Diphilorum.

383 1650 446 1716 Sed
465 1659 496 1715 et
515 1649 577 1737 ipsi
598 1671 633 1714 ca
655 1649 809 1716 adibimus
830 1658 862 1714 et
882 1649 1040 1715 mittemus
1062 1659 1093 1714 et
1113 1631 1356 1715 mandabimus.
1380 1653 1411 1714 8.
1425 1653 1471 1713 Dc
1486 1649 1597 1714 Felicis
1612 1657 1714 1714 testa·

382 1752 574 1810 mentatum
595 1743 693 1829 magis
715 1763 864 1830 querare,
897 1743 925 1808 si
946 1743 1035 1808 scias.
1091 1745 1177 1821 Quas
1203 1742 1287 1808 enim
1308 1740 1428 1808 tabulas
1449 1761 1483 1806 se
1505 1742 1630 1828 putavit
1652 1741 1714 1806 ob-

381 1839 520 1924 signare,
548 1837 618 1919 †in
645 1837 799 1924 quibus
789 1859 822 1902 ιιι
851 1837 950 1902 unciis
978 1835 1191 1902 firmissimum
1218 1845 1306 1902 tenes
1332 1857 1410 1903 vero
1436 1837 1540 1922 lapsus
1567 1844 1617 1900 est
1650 1855 1712 1921 per

204 1923 225 2025 t.'
346 1951 524 1998 acerrorem
552 1940 583 1998 et
609 1952 701 1998 suum
732 1940 763 1996 et
791 1931 919 1996 Sicanae
945 1930 1090 2022 servi-
1113 1951 1176 1996 non
1197 1929 1388 2016 obsignavit;
1410 1949 1487 2016 quas
1508 1928 1629 2002 noluit,
1656 1949 1712 1994 eas

378 2018 585 2110 obsignarit.
612 2027 706 2091 ‘’Aat
736 2034 911 2109 οἱμωζέτω
940 2044 997 2090 nos
1023 2023 1119 2091 modo
1146 2025 1314 2090 valeamus.
1360 2027 1390 2088 9.
1413 2023 1593 2091 Ciceronem
1618 2031 1711 2089 etat

381 2137 475 2204 rogas
503 2139 575 2184 amo
602 2126 633 2182 et
655 2125 690 2182 ut
710 2127 851 2183 meretur
872 2127 903 2183 ct
924 2117 1036 2184 debeo.
1083 2117 1214 2184 Dimitte
1235 2126 1339 2184 antem
1360 2138 1378 2182 a
1401 2137 1468 2192 me,
1491 2123 1523 2180 et
1542 2123 1577 2179 ut
1598 2136 1619 2179 a
1642 2136 1711 2180 rna·

381 2211 487 2296 gistris
515 2233 554 2278 ne
575 2209 726 2276 abducam
749 2220 780 2276 et
800 2209 885 2297 quod
906 2219 1006 2296 mater
1034 2210 1182 2294 †Porcia
1202 2232 1265 2276 non
1286 2209 1484 2285 discedit,
1459 2231 1526 2275 stne
1547 2231 1610 2296 qua
1632 2209 1709 2276 ede·

382 2305 503 2369 citatem
534 2303 625 2390 pueri
654 2308 852 2390 pertimesco.
907 2304 968 2370 Sed
990 2325 1098 2370 sumus
1118 2324 1180 2371 una
1201 2313 1305 2370 tamen
1326 2303 1416 2370 valde
1442 2303 1584 2369 multum.
1645 2308 1709 2369 lte-

344 2395 493 2483 asscripsi
514 2395 553 2461 ad
574 2396 688 2462 omnia.
730 2397 774 2463 Mi
795 2397 978 2464 suavissime
1000 2407 1032 2463 et
1053 2398 1169 2485 optime
1191 2397 1304 2472 irater,
1327 2397 1405 2464 vale.

451 2576 478 2627 b.
493 2576 657 2627 tabellarium
669 2578 781 2640 accipiat
793 2579 861 2642 quad
872 2593 933 2644 erpo
944 2585 1036 2629 aaataa
1048 2580 1117 2644 quod
1128 2581 1151 2630 ei
1163 2580 1190 2632 ld
1210 2578 1247 2642 (v.
1260 2581 1285 2629 ri
1299 2592 1432 2643 superare.
1445 2575 1518 2642 eali),
1535 2578 1707 2628 tabellarium

381 2648 496 2710 accipiat
513 2647 582 2711 qnod
598 2661 644 2710 epo
661 2655 753 2697 noetio
769 2649 838 2712 qaod
849 2651 872 2698 ei
883 2649 915 2709 lt,
936 2649 1100 2701 tabellarium
1117 2652 1240 2713 accipiat,
1259 2652 1328 2714 qaod
1345 2664 1407 2714 erpa
1423 2655 1514 2700 matur
1532 2649 1668 2713 quadrato
1680 2648 1703 2697 l.

383 2717 561 2768 Emendetum
580 2722 621 2766 est
638 2730 669 2767 ex
690 2723 764 2781 perte
783 2719 810 2769 ln
829 2733 884 2783 mg.
905 2719 1061 2781 Cratandri,
1081 2719 1161 2782 plene
1178 2733 1194 2771 e
1212 2719 1340 2771 victorio.
1363 2741 1391 2755 -
1423 2719 1450 2770 b.
1471 2725 1556 2768 tatum
1573 2718 1650 2768 atat.
1674 2740 1703 2752 -

382 2784 596 2850 ⁵1.oaemeetaml
616 2794 778 2838 monetam
796 2789 856 2840 hllt.
876 2789 1053 2841 Emendatorn
1072 2797 1113 2840 est
1131 2791 1184 2841 lem
1204 2791 1231 2840 in
1250 2789 1273 2840 1.
1304 2813 1330 2824 -
1368 2789 1485 2840 tabem
1502 2788 1576 2840 btltl.
1599 2787 1705 2838 limen-

382 2857 480 2908 darunt
499 2856 646 2907 Lambinus
664 2861 690 2908 et
709 2856 855 2909 Ernestius.
878 2884 902 2894 -
942 2860 1207 2923 decommum.
1230 2883 1258 2894 -
1295 2859 1322 2910 9.
1340 2859 1404 2908 mibi
1421 2859 1535 2922 quotidie
1552 2857 1597 2908 hle
1616 2857 1704 2921 proti-

383 2928 424 2978 die
440 2928 505 2976 mibi
523 2927 573 2988 lli,
591 2928 654 2977 mibi
672 2941 726 2977 om.
747 2930 778 2980 a.
800 2955 827 2965 -
866 2929 910 2979 11.
927 2925 1007 2994 adar]
1024 2931 1064 2980 nil
1081 2931 1115 2980 tie
1132 2930 1175 2990 hl,
1193 2931 1222 2978 in
1239 2929 1279 2979 bie
1294 2929 1317 2979 l.
1341 2952 1367 2962 -
1397 2929 1440 2979 19.
1460 2929 1608 2979 adhibemur
1625 2926 1702 2977 unt.

383 2997 543 3047 Emendeeit
567 2997 713 3048 hlenutlus.
747 3024 775 3036 -
813 2999 925 3064 Defictlte
943 3000 980 3052 bl.
1011 3023 1044 3037 -
1080 3001 1123 3050 13.
1142 3001 1331 3064 querereltet
1350 3012 1389 3063 pr.
1410 2998 1455 3060 bl,
1485 3011 1596 3064 merae
1613 2995 1638 3046 1.
1671 3019 1701 3032 -

383 3091 416 3106 ··
436 3064 516 3131 Quae]
538 3067 610 3117 Duae
627 3067 659 3118 a.
680 3091 710 3106 -
744 3075 842 3131 patant
861 3069 882 3118 1.
906 3093 934 3106 -
959 3069 1002 3120 tl.
1022 3075 1091 3120 tener
1108 3083 1169 3120 cero
1188 3068 1268 3120 blltt:
1289 3075 1406 3120 tenuerat
1425 3069 1456 3120 li.
1492 3067 1547 3119 Cir.
1567 3067 1600 3117 ad
1619 3067 1700 3117 Attia.

382 3137 415 3198 ’1,
434 3137 460 3187 9.
509 3136 584 3188 Latet
604 3139 647 3189 hic
666 3138 757 3188 nescio
775 3139 839 3202 qnid
858 3139 892 3190 de
909 3140 1057 3190 hereditate
1075 3139 1250 3192 Ciceronibus
1274 3141 1316 3190 rel
1335 3139 1466 3198 embobae
1484 3138 1525 3189 vel
1544 3137 1667 3188 alterutri
1685 3149 1702 3186 a

383 3206 474 3257 lieltce
497 3205 594 3257 lruetre
618 3207 766 3269 destinata,
795 3209 830 3258 ite
854 3215 882 3260 ot
908 3211 925 3260 li
943 3211 986 3261 rel
1004 3225 1036 3260 exc
1053 3211 1147 3261 &uoce
1170 3208 1212 3260 rel
1231 3223 1263 3260 ea
1280 3211 1395 3261 tomacla
1413 3210 1446 3260 eb
1465 3209 1512 3260 illo
1530 3206 1592 3258 lecti
1610 3211 1702 3258 essent

383 3277 505 3327 heredes.
543 3277 593 3328 Οι.
627 3301 653 3311 -
700 3279 743 3328 15.
763 3277 850 3329 Sicare
873 3280 903 3331 n.
934 3306 962 3317 -
1000 3279 1083 3330 noluit
1108 3281 1129 3330 1.
1160 3303 1188 3316 -
1236 3280 1278 3331 17.
1298 3287 1322 3331 et
1349 3279 1425 3330 debeo
1442 3279 1508 3330 ttttr
1535 3286 1560 3328 et
1577 3285 1605 3328 et
1624 3279 1701 3328 debeo

384 3346 428 3396 tlt.
463 3369 489 3380 -
529 3345 572 3398 19.
592 3345 670 3412 qnod]
690 3349 758 3413 qood
775 3351 843 3398 mim
861 3349 883 3399 Ι.
912 3375 941 3387 -
979 3349 1072 3400 Portia
1088 3364 1143 3400 aaa
1159 3349 1265 3400 discedit
1284 3349 1361 3400 ldlil:
1380 3349 1526 3412 Pomponia
1542 3349 1650 3398 discedit
1669 3346 1700 3396 Ε.

385 3416 588 3467 ΕιιιιιιιιΙιιιάιιιιι
608 3419 648 3467 eet
666 3425 751 3468 enatet·
768 3417 851 3468 Rornd
868 3433 922 3468 aaa
939 3420 1046 3470 discedit
1065 3419 1107 3470 rel
1136 3417 1236 3483 (deleto
1254 3419 1322 3471 letto
1340 3419 1433 3483 gloss.)
1449 3425 1534 3470 mater
1550 3431 1604 3468 aaa
1622 3419 1700 3467 duee·

383 3487 434 3537 dit.
464 3486 514 3537 On.
536 3513 564 3522 -
604 3488 645 3536 19.
666 3489 792 3552 descripti
810 3513 821 3524 -
838 3513 849 3524 ·
866 3489 923 3538 vale
942 3489 979 3539 Va
1007 3491 1133 3553 descripsi
1150 3490 1186 3539 ad
1203 3489 1601 3553 contaminandam.
1641 3487 1700 3536 Vale

384 3555 438 3615 ltl,
458 3556 584 3619 Rueripei
600 3557 636 3605 ad
653 3560 755 3618 maia,
775 3560 812 3607 nri
829 3571 850 3608 ι.
870 3565 894 3608 et
912 3572 937 3608 o.
956 3559 1041 3623 frater
1059 3557 1170 3623 (omisso
1187 3557 1255 3623 oalel
1274 3560 1306 3610 li.
1339 3557 1393 3610 Cir.
1406 3571 1486 3623 supra
1500 3573 1526 3622 p·
1540 3557 1601 3608 359.
1615 3571 1641 3606 ι.
1655 3557 1698 3606 99.

356 3639 361 3649 ·
387 3648 415 3662 -
440 3625 484 3675 99.
502 3627 579 3676 miebt
597 3627 633 3678 bt.
654 3651 686 3663 -
712 3627 753 3678 lte
770 3628 865 3679 ordine
884 3628 1062 3692 Epistularum
1081 3629 1115 3680 ad
1134 3629 1261 3692 Quintum
1280 3627 1391 3680 tratrem
1417 3628 1529 3681 consule
1548 3627 1699 3678 Editionenr

386 3695 503 3758 priorem
524 3709 584 3759 pag.
609 3696 662 3747 199
681 3710 739 3760 sqq.
