3662 5908
774 1295 925 1356 LIBER
953 1296 985 1356 1.

708 1588 1049 1674 amnem)

659 1714 813 1776 macus
837 1714 875 1789 o.
898 1715 1039 1778 marm
1062 1715 1093 1778 s.

219 1849 242 1913 l.
266 1848 294 1910 l.
317 1823 397 1910 Elui
420 1863 483 1908 nou
507 1826 802 1928 dubitabam,(quin
820 1842 899 1908 haue
919 1844 1082 1930 epistolam
1105 1843 1194 1910 multi
1216 1845 1330 1922 nuntii,
1352 1846 1434 1912 lama
1454 1846 1542 1913 deni·

220 1958 281 2026 que
306 1934 483 2028 essetlipsa
511 1957 568 2001 sua
596 1936 753 2002 celeritate
769 1933 1089 2028 (superaturaltuque
1118 1947 1187 2002 ante
1219 1938 1258 2003 ab
1287 1939 1356 2004 aliis
1378 1940 1541 2007 auditurus
1603 1932 1680 2016 (Υ

220 2052 304 2098 esses
327 2051 440 2096 anuum
472 2031 599 2096 tertium
630 2031 797 2096 accessisse
829 2031 986 2096 desiderio
1020 2041 1129 2097 nostro
1156 2041 1186 2098 et
1212 2031 1314 2098 labori
1336 2043 1405 2108 tuo,
1439 2044 1565 2110 tamem

220 2125 396 2190 existimavi
418 2146 435 2188 a
457 2146 506 2189 me
528 2146 655 2210 quoque
683 2123 739 2189 tibi
761 2124 852 2189 huius
879 2125 1039 2190 molestiae
1061 2126 1203 2190 nuntium
1226 2126 1360 2213 perferri
1382 2138 1541 2214 oportere.

220 2225 295 2285 Nam
317 2216 532 2304 superioribus
561 2218 687 2294 litteris,
721 2239 784 2284 non
813 2217 898 2290 unis,
932 2219 988 2284 scd
1019 2217 1179 2304 pluribus,
1210 2241 1280 2284 cum
1311 2221 1372 2284 iam
1405 2220 1445 2286 ab
1474 2223 1542 2288 aliis

220 2313 382 2399 desperata
404 2333 455 2376 res
481 2321 578 2388 esset,
601 2321 703 2378 tamen
725 2311 782 2376 tibi
806 2331 865 2396 ego
887 2332 974 2397 spem
991 2322 1131 2378 maturae
1151 2312 1341 2380 decessionis
1356 2314 1542 2394 afferebam

219 2428 283 2472 non
315 2407 432 2480 solum,
466 2414 502 2472 ut
532 2427 626 2492 quam
656 2405 828 2471 diutissime
857 2413 886 2470 te
914 2406 1049 2472 iucunda
1070 2407 1220 2492 opinione
1243 2407 1449 2486 oblectarem,
1486 2410 1541 2476 sed

220 2502 313 2566 etiam
335 2499 409 2586 quia
431 2509 514 2565 tanta
535 2498 741 2565 adhibebatur
771 2508 801 2563 et
834 2520 853 2563 a
878 2499 969 2565 nobis
992 2508 1023 2565 et
1045 2521 1062 2565 a
1084 2501 1282 2586 praetoribus
1299 2505 1474 2577 contentio,
1508 2515 1541 2570 ut
1555 2535 1580 2576 ιο

220 2616 288 2661 rem
309 2614 402 2681 posse
424 2591 535 2659 confici
562 2614 625 2658 non
648 2592 831 2658 diffiderem.
888 2597 919 2657 2.
947 2599 1034 2658 Nunc
1051 2599 1199 2680 quoniam
1219 2595 1261 2660 ita
1285 2596 1411 2673 accidit,
1432 2608 1468 2664 ut
1489 2619 1544 2664 ne-

221 2711 282 2777 que
301 2696 463 2775 praetores
488 2687 554 2752 suis
576 2686 690 2772 opibus
716 2707 818 2772 neque
844 2707 902 2752 nos
933 2698 1041 2753 nostro
1071 2687 1174 2754 studio
1199 2688 1369 2776 quidquam
1389 2691 1543 2776 prolicere

220 2803 398 2869 possemus,
421 2791 469 2846 est
489 2781 617 2846 omnino
639 2780 763 2846 difficile
784 2801 848 2845 nou
869 2781 1006 2865 graviter
1027 2780 1059 2845 id
1081 2781 1183 2861 lerre;
1214 2783 1271 2848 sed
1292 2795 1395 2850 tamen
1418 2796 1544 2853 nostros

221 2882 341 2942 animos
365 2875 510 2941 maximis
531 2875 564 2940 in
584 2874 680 2940 rebus
700 2884 732 2939 et
749 2873 895 2958 gerendis
915 2883 946 2939 et
965 2874 1155 2940 sustinendis
1177 2878 1367 2943 exercitatos
1389 2877 1491 2965 frangi
1513 2889 1544 2946 et

221 2970 375 3037 debilitari
396 2969 537 3035 molestia
565 2989 628 3035 non
658 2975 793 3054 oportet.
847 2971 885 3032 Et
905 2967 1053 3053 quoniam
1080 2990 1117 3032 ea
1138 2970 1357 3036 molestissime
1381 2971 1466 3044 terre
1488 2973 1544 3038 ho-
1557 3003 1582 3042 ra

221 3064 319 3130 mines
341 3061 475 3138 debent,
505 3083 585 3150 quae
613 3062 755 3148 ipsorum
782 3060 874 3146 culpa
901 3071 1057 3126 contracta
1084 3072 1170 3137 sunt,
1192 3073 1240 3128 est
1261 3064 1408 3149 quiddam
1431 3072 1464 3132 iu
1485 3067 1545 3132 hac

220 3179 257 3224 re
278 3157 355 3224 mihi
376 3157 537 3224 molestius
558 3156 721 3222 terendum
743 3172 837 3242 quam
866 3153 931 3218 libi.
988 3159 1115 3220 Factum
1144 3164 1192 3221 est
1223 3157 1307 3222 euim
1333 3180 1403 3224 mea
1436 3160 1543 3246 culpa,

221 3261 330 3319 contra
355 3272 448 3338 mam
476 3260 511 3316 tu
529 3271 652 3315 mecum
680 3260 711 3314 et
735 3246 935 3334 proficiscens
958 3257 989 3312 et
1013 3269 1070 3334 per
1091 3249 1210 3315 litteras
1235 3270 1359 3336 egeras,
1381 3260 1416 3318 ut
1436 3253 1545 3339 priore

222 3365 305 3412 anno
326 3365 389 3411 uon
415 3343 645 3410 succederetur.
694 3341 788 3419 Quod
809 3361 882 3425 ego,
906 3339 979 3405 dum
1001 3341 1094 3406 saluti
1115 3343 1275 3409 sociorum
1300 3347 1447 3419 consulo,
1470 3346 1545 3411 dum

222 3439 432 3525 impudentiae
467 3437 688 3518 nonnullorum
715 3440 944 3520 negotiatorum
969 3435 1099 3511 resisto,
1131 3435 1206 3502 dum
1239 3447 1379 3503 nostram
1410 3439 1584 3524 gloriamur

221 3542 275 3598 tua
301 3533 416 3599 virtute
443 3532 551 3617 augeri
575 3539 708 3616 expeto,
744 3527 803 3594 leci
830 3549 893 3594 non
913 3528 1085 3613 sapientem
1107 3531 1293 3616 praesertim
1315 3553 1385 3598 cum
1408 3533 1441 3598 id
1460 3554 1545 3599 com-

222 3628 379 3701 miserim,
411 3635 447 3692 ut
468 3626 520 3692 ille
549 3625 629 3690 alter
655 3645 755 3690 annus
785 3622 878 3688 etiam
905 3622 1032 3686 tertium
1057 3633 1164 3708 posset
1186 3623 1353 3691 adducere.
1397 3630 1427 3690 3.
1451 3625 1545 3704 Quod

222 3723 370 3808 quoniam
396 3728 558 3808 peccatum
580 3738 684 3782 meum
706 3737 774 3782 esse
800 3715 971 3788 confiteor,
1002 3724 1049 3780 est
1070 3717 1240 3802 sapientiae
1260 3729 1354 3805 atque
1372 3720 1547 3785 humanita-

222 3817 262 3880 tis
288 3824 375 3889 tuae,
407 3834 519 3880 curare
550 3821 581 3877 et
609 3809 777 3897 perlicere,
811 3819 845 3876 ut
867 3811 927 3874 hoc
956 3809 1060 3874 miuus
1088 3811 1244 3897 sapienter
1271 3835 1360 3878 ame
1383 3814 1544 3901 provisum

223 3909 383 3992 diligentia
404 3917 457 3974 tua
478 3911 663 3992 corrigatur.
718 3911 763 3970 ltc
792 3903 818 3969 si
848 3914 877 3968 te
907 3905 975 3990 ipse
995 3903 1210 3971 vehementius
1237 3907 1277 3972 ad
1306 3928 1416 3973 omncs
1440 3917 1584 3995 partesea

223 4001 303 4068 bene
326 4001 473 4068 audiendi
493 4000 655 4074 exciteris,
688 4019 752 4065 non
773 4008 809 4064 ut
838 4019 909 4063 cum
930 3997 1017 4072 aliis,
1053 3998 1109 4063 sed
1128 4009 1163 4064 ut
1184 4009 1287 4064 tecum
1309 4001 1370 4065 iam
1391 4002 1458 4087 ipse
1478 4022 1547 4066 cer-

222 4105 285 4176 tes3
314 4097 341 4162 si
363 4117 488 4162 omnem
521 4106 604 4162 tuam
627 4103 778 4166 mentem,
815 4112 939 4164 curam,
972 4091 1191 4176 cogitationem
1225 4094 1264 4159 ad
1286 4094 1490 4160 excellentem
1513 4095 1546 4160 in

223 4189 368 4256 omnibus
389 4189 486 4256 rebus
507 4188 606 4254 laudis
636 4187 834 4273 cupiditatem
857 4184 1010 4251 incitaris:
1040 4185 1248 4262 mihicrede,
1271 4209 1351 4253 unus
1373 4209 1472 4252 annus
1495 4186 1549 4252 ad-

223 4283 306 4348 ditus
328 4282 430 4349 labori
455 4292 509 4349 tuo
535 4283 705 4348 multorum
727 4300 882 4346 annorum
909 4279 1059 4344 laetitiam
1085 4277 1192 4356 nobis,
1222 4281 1319 4346 immo
1348 4301 1425 4346 vero
1454 4281 1547 4346 etiam

224 4377 358 4462 posteris
386 4375 503 4442 nostris
525 4375 644 4444 alteret.
698 4379 729 4440 t.
765 4377 966 4461 Quapropter
987 4373 1047 4438 hoc
1074 4380 1104 4436 te
1126 4373 1265 4459 primum
1290 4394 1391 4460 rogo,
1414 4396 1453 4440 ne
1476 4394 1587 4444 con-so

292 4597 319 4646 3.
338 4594 456 4662 denique]
476 4595 530 4647 Ctr.
551 4596 731 4646 Bentivolium
750 4595 783 4644 ad
802 4595 829 4644 lu.
850 4593 867 4642 Ι.
888 4596 914 4642 et
932 4591 1011 4641 liand
1030 4591 1109 4642 Turs.
1131 4592 1166 4643 11.
1188 4607 1214 4656 p.
1235 4593 1298 4644 268.
1320 4621 1353 4632 —
1388 4596 1415 4647 8.
1437 4599 1486 4650 llll
1503 4611 1550 4665 epo

224 4663 293 4718 ltu:
323 4668 437 4733 egotibi
456 4667 500 4718 tlt.
531 4692 562 4703 -
598 4667 640 4718 lt.
660 4674 684 4716 et
702 4667 820 4732 gerendis
838 4677 892 4714 om.
921 4661 942 4711 1.
974 4687 1003 4698 -
1040 4663 1084 4713 15.
1108 4663 1142 4712 tlt
1169 4677 1224 4714 om.
1252 4663 1326 4716 utut.
1356 4691 1387 4703 -
1424 4667 1468 4718 16,
1495 4673 1551 4734 qus.

224 4735 280 4785 dem
299 4738 321 4787 l.
352 4763 382 4774 -
419 4739 462 4788 1⁹.
481 4739 562 4789 saluts·
580 4739 708 4788 accionem
725 4737 795 4786 muz
823 4737 953 4784 rodonem
970 4731 1051 4782 saluti
1069 4732 1110 4783 tlt.
1141 4759 1169 4770 -
1207 4733 1251 4784 20.
1270 4737 1462 4798 tmpnedenttae
1481 4739 1502 4787 1.
1519 4766 1547 4776 -

225 4804 269 4855 ²¹·
300 4809 421 4870 ‘wilt’
444 4822 485 4870 pr.
517 4808 562 4864 Μ.
591 4815 697 4870 expecto
723 4819 795 4856 corr.
821 4803 858 4854 Μ.
888 4827 915 4839 -
953 4801 998 4852 25.
1018 4809 1042 4852 le
1060 4817 1115 4853 om.
1138 4803 1161 4853 1.
1188 4829 1223 4838 -
1258 4805 1303 4855 26.
1323 4808 1380 4870 ipro
1397 4807 1549 4860 Schtttzius.

226 4873 281 4924 Clr·
301 4878 424 4928 Wunder
441 4878 473 4926 V.
495 4877 524 4928 l..
544 4893 571 4942 p.
591 4876 709 4928 LXXXI.
740 4902 767 4913 -
806 4875 850 4925 27.
870 4880 895 4923 et
912 4872 1075 4922 excellentem
1093 4875 1131 4936 u,
1154 4874 1190 4924 cd
1208 4875 1388 4927 excellentiam
1406 4879 1435 4939 1,
1455 4880 1491 4930 cd
1509 4895 1552 4931 a.

226 4945 339 4996 calleatis
358 4949 507 4998 Ernestlus.
535 4974 569 4982 -
603 4949 632 4996 ln
650 4946 768 4997 omnious
785 4945 855 4998 ltlll:
881 4942 998 4993 omnibus
1016 4944 1045 4993 tu
1064 4943 1108 4993 lll.
1135 4970 1167 4980 -
1204 4943 1247 4994 28.
1268 4943 1398 5011 incitaris]
1417 4951 1446 4998 ln
1463 4954 1553 5002 cetam

227 5028 268 5077 pr·
289 5016 326 5068 lt.
355 5043 383 5056 -
421 5019 467 5069 20.
484 5017 561 5068 nolle
577 5019 657 5066 immo
674 5031 736 5068 uero
753 5019 834 5066 etlam
850 5015 873 5064 u
891 5018 918 5062 et
936 5025 976 5076 pr.
996 5012 1041 5065 ue
1067 5014 1159 5078 notu,
1178 5014 1293 5079 gloriam
1311 5031 1372 5069 vero
1389 5021 1469 5070 elium
1488 5021 1509 5072 tt
1527 5030 1552 5074 er

228 5097 284 5146 mg.
304 5084 350 5147 ld,
369 5087 445 5138 nolte
463 5089 579 5153 gloriam
596 5090 676 5138 ettam
695 5087 714 5135 1.
