3662 5908
543 429 617 490 LIB.
639 428 721 491 xvl.
764 431 823 493 ΕΡ.
845 429 896 492 22.
919 429 971 492 23.
992 427 1043 491 24.
1066 429 1116 492 25.
1137 429 1188 491 26.
1455 428 1517 490 3113

197 592 328 650 teratam
349 583 417 649 sine
438 582 501 648 nlla
529 583 702 649 offensione
724 585 889 653 amicitiam
910 585 1047 650 retinere
1069 605 1142 649 sane
1164 583 1238 649 volo
1260 582 1457 669 scribamque
1479 582 1517 647 ad

196 701 286 752 eum,
308 677 362 743 sed
385 698 449 742 non
470 685 559 754 ante,
582 699 675 762 quam
697 688 727 744 tc
749 679 870 745 videro.
913 683 976 744 Nec
997 689 1100 745 tamen
1122 687 1152 742 te
1175 697 1273 742 avoco
1289 699 1307 741 a
1325 676 1517 765 syngrapba;

196 777 274 858 γόνυ
304 773 430 856 κνήμης.
476 775 551 838 Cras
572 783 720 858 exspecto
742 777 870 860 Leptam
893 781 925 837 ct
944 776 980 837 n!
1003 772 1042 838 ad
1063 771 1151 838 cuius
1173 780 1277 837 rutam
1299 771 1427 858 pulegio
1441 770 1517 836 mibi

196 869 241 934 tui
264 867 417 934 sermonis
438 865 589 932 nteudum
612 876 668 932 est.
710 866 797 935 Vale.

638 1010 748 1072 111111.
791 1009 842 1090 (s.
868 1010 900 1072 u.
923 1009 954 1074 c.
977 1007 1067 1089 710.)
1527 1026 1540 1068 a

668 1132 830 1195 TULLIUS
853 1132 989 1194 TIRONI
1012 1133 1042 1195 S.

281 1247 309 1308 1.
330 1241 396 1306 Etsi
417 1261 507 1305 mane
529 1241 698 1326 Harpalum
725 1241 886 1313 miseram,
909 1251 1032 1317 tamen,
1068 1261 1139 1307 cum
1158 1239 1322 1314 haberem,
1359 1242 1409 1308 cui
1431 1250 1516 1306 recte

194 1339 301 1404 darem
320 1336 454 1408 litteras,
477 1339 534 1400 etsi
554 1337 628 1400 novi
655 1334 731 1399 nihil
752 1342 835 1406 erat,
865 1333 976 1400 iisdem
999 1334 1038 1399 dc
1056 1333 1154 1400 rcbus
1176 1334 1262 1400 volui
1284 1334 1322 1399 ad
1346 1345 1375 1399 te
1393 1336 1516 1422 saepius

194 1431 349 1506 scribere;
373 1450 435 1493 non
463 1430 539 1515 quin
564 1427 754 1494 confiderem
778 1427 955 1512 diligentiae
981 1439 1067 1506 tuae;
1101 1427 1155 1493 sed
1191 1428 1238 1492 rei
1262 1451 1313 1494 me
1335 1429 1516 1514 magnitudo

195 1524 351 1593 movebat.
384 1509 479 1612 (Mihi
500 1544 595 1609 prora
622 1532 653 1587 et
674 1522 807 1609 puppis)
831 1531 865 1587 ut
897 1526 1089 1589 Graecorum
1111 1521 1313 1608 proverbium
1336 1522 1477 1608 estiterit
1498 1539 1552 1586 att
1593 1510 1671 1592 ds

193 1641 244 1685 mc
266 1617 312 1684 tui
333 1615 530 1726 dimittendi)
550 1625 586 1681 ut
605 1615 743 1681 rationes
765 1625 888 1681 nostras
911 1615 1093 1701 explicares.
1137 1614 1231 1680 Ofilio
1255 1623 1287 1679 et
1307 1615 1436 1680 Aurelio
1456 1616 1516 1680 uti·

193 1735 255 1802 que
281 1710 354 1776 satis
380 1707 442 1774 liat.
484 1716 510 1776 Α
538 1709 691 1782 Flamma,
725 1709 752 1774 si
773 1731 836 1775 non
861 1718 951 1796 potes
977 1729 1085 1783 omne,
1120 1717 1238 1794 partem
1262 1707 1398 1795 aliquam
1420 1708 1515 1773 velim

192 1817 397 1893 extorqueam
419 1802 451 1867 in
472 1804 661 1892 primisque,
683 1813 718 1869 ut
739 1802 884 1889 expedita
906 1803 946 1867 sit
965 1801 1076 1888 pensio
1098 1801 1244 1867 Kalendis
1258 1807 1323 1866 Ian.
1366 1807 1412 1867 De
1427 1802 1513 1866 attri-

192 1899 322 1968 butione
348 1895 503 1966 conficies.
555 1902 601 1962 De
627 1901 913 1983 repraesentatione
945 1895 1076 1961 videbis.
1127 1901 1173 1960 lte
1206 1894 1385 1960 domesticis
1416 1894 1515 1976 †cius

192 1993 351 2061 bactenas.
396 1997 426 2060 2.
449 1995 496 2055 Dc
524 1989 657 2076 publicis
688 1990 793 2056 omnia
813 1990 889 2055 mibi
911 1997 1009 2056 certa:
1039 1989 1115 2075 quid
1137 1991 1296 2063 Octavius,
1325 1988 1399 2075 quid
1421 1993 1553 2054 Anto-ss

192 2089 278 2165 nius;
301 2109 381 2174 qnae
400 2085 562 2152 bominum
585 2084 712 2171 opinio;
735 2082 811 2170 qnid
832 2083 974 2148 suturam
987 2093 1088 2169 putes.
1132 2086 1199 2167 Ego
1219 2082 1273 2146 via
1291 2091 1416 2155 teneor,
1439 2082 1514 2168 qnin

190 2202 363 2247 accurram.
414 2179 475 2245 Sed
501 2182 541 2244 stt
580 2177 697 2243 litteras
719 2187 787 2244 tuas
817 2186 983 2262 exspecto;
1014 2185 1051 2241 'et
1078 2176 1155 2242 scito
1179 2174 1310 2261 Balbum
1331 2185 1397 2240 tum
1418 2176 1515 2241 luisse

190 2279 321 2370 ltquiqi,
354 2295 426 2340 cum
454 2272 511 2338 tibi
540 2279 587 2337 est
606 2271 741 2348 dictum,
770 2279 801 2336 et
821 2270 974 2357 postridie
996 2270 1143 2338 Hirtium.
1187 2274 1265 2334 Puto
1283 2281 1452 2356 utramque
1475 2269 1515 2334 ad

191 2389 297 2456 aquas.
341 2367 402 2434 Sed
425 2367 502 2454 quid
527 2364 678 2451 egerint.
702 2412 711 2430 .
734 2413 742 2430 .
765 2412 773 2429 .
816 2363 995 2430 Dolabellae
1024 2371 1244 2451 procuratores
1273 2362 1321 2428 sac
1351 2375 1387 2430 ut
1407 2362 1515 2428 admo-

191 2471 333 2527 neantur.
375 2459 553 2548 Appellabis
575 2464 667 2525 etiam
688 2459 825 2544 Papiam.
867 2457 954 2526 Vale.
1523 2474 1552 2512 aa

646 2602 739 2665 rav.
790 2600 839 2684 (A.
865 2601 897 2664 a.
920 2601 953 2664 c
975 2598 1061 2684 mo.)

599 2723 742 2788 CICERO
764 2725 797 2786 F.
820 2723 956 2788 TIRONI
978 2723 1053 2786 SUO
1076 2725 1108 2786 S.

275 2836 340 2903 Etsi
366 2835 449 2900 iusta
478 2843 509 2898 et
537 2832 650 2899 idonea
675 2853 751 2898 usus
780 2853 814 2898 es
841 2833 1041 2898 excusatione
1071 2831 1309 2899 intermissionis
1340 2832 1514 2899 litterarum

191 2943 330 3006 tuarum,
364 2939 467 2994 mmen
496 2926 529 2993 id
557 2949 596 2992 ne
626 2927 752 3012 saepius
782 2925 891 3001 facias,
927 2946 1017 3011 rogo.
1070 2930 1161 3000 Nam,
1191 2927 1250 2991 etsi
1271 2926 1310 2991 de
1332 2948 1367 2990 re
1389 2925 1513 3012 publica

189 3024 371 3092 rumoribus
391 3031 422 3088 et
450 3021 565 3088 nuntiis
586 3021 703 3085 certior
723 3017 765 3085 tio
783 3028 815 3084 et
836 3019 875 3084 de
898 3040 953 3084 sua
977 3021 1009 3085 in
1024 3040 1074 3084 me
1092 3021 1249 3085 voluntate
1265 3041 1390 3106 semper
1409 3020 1448 3085 ad
1462 3033 1552 3083 meta

189 3117 356 3206 perscribit
377 3126 485 3204 pater,
508 3126 611 3181 tamen
633 3115 672 3180 dc
694 3114 803 3201 quavis
819 3117 947 3179 minima
964 3135 1000 3178 re
1018 3115 1134 3200 scripta
1157 3135 1175 3178 a
1198 3122 1228 3178 to
1250 3113 1289 3178 ad
1309 3136 1359 3179 me
1382 3113 1514 3200 epistola

189 3233 313 3298 semper
345 3211 404 3276 luit
436 3209 620 3296 gratissima.
677 3210 785 3286 Quare
812 3228 883 3272 cnm
902 3207 936 3273 in
964 3208 1075 3294 primis
1091 3216 1159 3273 tuas
1179 3207 1354 3272 desiderem
1377 3207 1512 3282 litteras,

189 3307 254 3371 noli
282 3305 493 3380 committere,
522 3313 557 3368 ut
576 3303 778 3369 excusatione
798 3302 903 3389 potius
927 3302 1054 3388 expleas
1085 3302 1221 3368 alliciam
1244 3301 1402 3368 scribendi
1421 3321 1513 3388 quam

189 3399 368 3466 assIduitate
391 3398 605 3485 epistolarum.
647 3397 735 3466 Vale.

634 3521 744 3583 arn.
787 3519 840 3600 (a.
867 3523 899 3584 u
923 3523 954 3585 a.
976 3521 1066 3602 1111.)
1525 3561 1553 3604 ,0

581 3634 619 3709 Q.
644 3633 779 3697 11110111
801 3634 876 3697 suo
899 3636 1009 3699 anun.
1032 3635 1063 3698 s
1087 3637 1124 3698 n.

274 3751 302 3811 t.
323 3743 499 3811 verberavi
521 3752 551 3808 tc
573 3743 769 3828 cogitationis
792 3745 886 3810 tacito
915 3743 1076 3810 dumtaxat
1096 3744 1255 3822 convicio,
1278 3746 1363 3834 quod
1386 3745 1515 3813 fascicu-

187 3841 237 3906 lus
261 3839 340 3904 alter
365 3839 404 3904 ad
440 3858 490 3903 me
520 3837 583 3902 iam
607 3837 676 3902 sine
700 3838 760 3904 tuis
794 3837 905 3904 litteris
923 3839 1061 3925 perlatas
1078 3846 1135 3904 est.
1177 3843 1245 3905 Non
1264 3848 1354 3926 potes
1372 3840 1513 3926 ell'ugera

188 3934 281 3998 lanius
302 3933 412 4019 culpae
433 3953 583 4019 poenam,
606 3941 637 3996 te
658 3940 803 4018 patrono.
846 3938 969 3999 ldarcus
992 3941 1039 3998 est
1060 3931 1273 4013 adhibendum
1293 3935 1383 4021 isque
1404 3935 1460 4001 diu
1482 3945 1514 4000 et

189 4027 293 4093 multis
306 4024 575 4092 lucubrationibus
596 4035 802 4091 commentata
819 4027 963 4093 oratione
982 4026 1054 4092 vide
1076 4038 1110 4094 ut
1124 4025 1260 4112 probare
1277 4029 1377 4114 possit
1398 4039 1429 4095 te
1451 4051 1513 4094 non
1524 4060 1552 4102 11

189 4140 342 4206 peccasse.
385 4124 415 4186 2.
437 4120 531 4185 Plane
553 4128 584 4184 te
605 4140 702 4204 rogo,
733 4120 814 4186 siout
834 4121 911 4186 olim
932 4131 1064 4186 matrem
1086 4131 1225 4186 nostram
1247 4121 1352 4188 lacere
1374 4122 1512 4196 memini,

188 4235 269 4300 quae
290 4216 414 4301 lagenas
435 4215 528 4280 ctiam
544 4214 649 4280 inanes
668 4214 865 4300 obsignabat,
887 4235 928 4279 ne
947 4214 1128 4279 dicerentur
1145 4215 1252 4280 inanes
1267 4215 1389 4303 aliquae
1408 4216 1514 4291 luisse,

188 4329 270 4395 quae
291 4308 397 4374 lurtim
419 4317 524 4374 essent
544 4310 733 4384 exsiccatae,
756 4308 801 4373 sic
823 4317 872 4382 tn,
909 4309 1031 4374 etiamsi
1052 4307 1128 4395 quid
1150 4307 1269 4373 scribas
1290 4330 1354 4375 uon
1376 4307 1515 4383 habebis,

188 4402 316 4468 scribito
346 4413 466 4478 tamen,
502 4424 541 4467 ne
564 4402 681 4468 lurtum
703 4401 887 4466 cessationis
908 4402 1101 4489 quaesivisse
1122 4402 1270 4468 videaris.
1314 4401 1409 4469 Valde
1431 4400 1513 4467 enirn

188 4504 230 4560 mt
252 4501 377 4584 sempe'r
398 4505 430 4562 et
450 4517 526 4562 vera
548 4510 579 4561 et
601 4496 702 4562 dulcia
726 4495 786 4561 tuis
808 4495 947 4581 epistolis
969 4497 1160 4562 nuntiantur.
1202 4504 1280 4561 Ama
1302 4516 1361 4561 nos
1383 4505 1414 4561 ot
1435 4495 1555 4571 valeas

257 4661 284 4710 3.
312 4670 419 4724 excepta
445 4662 482 4710 ll.
511 4686 542 4696 -
578 4661 688 4720 Leptam
714 4666 739 4709 st
761 4661 800 4708 at
826 4661 862 4708 ad
880 4661 952 4710 saissa
970 4662 1016 4713 Id:
1039 4661 1159 4722 Leptam.
1178 4661 1272 4710 etenim
1289 4661 1325 4710 ad
1342 4662 1414 4710 casias
1433 4661 1462 4713 ll·
1485 4685 1515 4696 -

184 4732 272 4792 putato
290 4731 326 4780 rt.
349 4754 376 4765 -
407 4730 434 4780 8.
455 4731 552 4780 iisdem
572 4729 645 4780 retas
664 4729 701 4778 ld.
723 4754 751 4764 -
773 4730 800 4781 9.
819 4731 938 4791 diligenti
962 4731 999 4781 ltl.
1020 4755 1050 4768 -
1080 4732 1123 4780 11.
1144 4729 1221 4795 Ofilio
1238 4731 1279 4782 N:
1300 4730 1387 4795 Ofiltio
1404 4731 1463 4781 bill.
1482 4755 1517 4766 -

186 4797 229 4852 td.
249 4802 394 4850 domesticis
413 4803 466 4851 eius
486 4801 532 4850 bis
551 4800 697 4849 domesticis
714 4799 823 4850 rebusN
833 4835 841 4860 ,
862 4801 1005 4850 domesticis
1024 4801 1055 4850 ll.
1076 4827 1108 4836 -
1128 4801 1171 4851 II.
1190 4797 1226 4862 st]
1244 4802 1266 4848 si
1283 4800 1321 4851 bl.
1343 4823 1370 4835 -
1391 4801 1435 4852 aa.
1455 4802 1518 4866 qaid

185 4870 355 4921 Cratander:
375 4873 444 4934 qaod
461 4871 522 4922 ltili.
546 4893 573 4903 -
610 4871 653 4935 sac
670 4876 699 4918 at
717 4868 765 4918 bl:
784 4870 827 4934 [aa
845 4870 876 4922 Ε.
896 4895 929 4908 -
964 4872 1008 4921 23.
1027 4872 1227 4921 iatemaisaioaia
1246 4871 1415 4921 Cratander:
1437 4873 1517 4922 iater-

184 4943 306 4991 missione
324 4941 369 5001 M,
388 4941 420 4990 de
437 4941 630 4990 intermissione
648 4939 679 4988 ll.
707 4963 738 4975 -
775 4939 819 4990 32.
839 4941 996 5005 cogitatione
1013 4941 1109 4990 Aldus.
1137 4963 1165 4973 -
1203 4940 1247 4990 at.
1264 4955 1366 5004 possam
1383 4941 1421 4991 m.
1444 4949 1517 4992 -te

184 5019 310 5073 patrono.
348 5011 454 5062 Marciis
484 5011 530 5062 m:
563 5011 600 5061 De
616 5015 732 5073 pamma
750 5009 856 5061 litarem
874 5011 906 5061 Ε.
937 5035 969 5047 -
1016 5011 1061 5062 37.
1081 5011 1191 5076 immas
1209 5009 1247 5062 m.
1277 5035 1307 5048 -
1343 5013 1432 5063 iaaais
1450 5014 1517 5075 apsi·

181 5083 284 5146 gaatat
303 5082 341 5133 Il.
361 5104 393 5118 -
429 5081 473 5132 33.
492 5079 555 5146 qaid
574 5080 609 5130 Ii:
628 5080 697 5145 qaod
714 5079 775 5132 ltili.
