3668 5936
259 838 266 884 'l

859 444 919 508 ΕΡ.
940 445 993 510 ΑΙ)
1014 441 1186 509 auncurt

711 683 718 696 .
810 595 1241 684 mmmucmr

842 724 984 791 CICERO
1006 723 1151 789 ATTICO
1173 721 1206 788 S.

449 833 583 900 Litterae
612 833 689 901 mlhl
716 857 735 904 s
764 833 882 913 Quinto
910 832 1008 900 fratre
1036 853 1106 900 cum
1134 839 1259 898 senatus
1279 831 1434 908 consulto.
1467 831 1574 919 quod
1601 827 1646 896 de
1670 852 1720 898 me

257 940 265 950 “
365 928 563 1004 estfactum,
586 928 695 995 allatae
716 938 797 995 sunt.
848 919 983 994 nisibi
998 925 1104 992 animo
1125 936 1172 992 est
1192 926 1298 1012 legum
1317 926 1464 992 lationem
1486 935 1719 1012 exspectare,

342 1035 411 1100 set,
443 1024 470 1089 si
492 1022 732 1099 obtrectabitur,
761 1032 833 1088 utar
852 1021 1036 1089 auctoritate
1064 1029 1189 1086 senatus
1210 1029 1242 1086 et
1262 1019 1365 1108 potins
1386 1020 1448 1087 rita
1470 1041 1587 1107 quam
1612 1019 1719 1107 patria

365 1117 491 1184 carebo.
534 1123 598 1194 Tu,
620 1138 752 1203 quaeso,
774 1115 885 1184 festina
906 1115 946 1182 ud
966 1137 1025 1182 nos
1046 1114 1164 1182 venire.

799 1235 1256 1343 mmmmmmw

851 1379 993 1445 CICERO
1015 1378 1158 1443 ATTICO
1181 1379 1213 1442 S.

448 1499 497 1560 Ex
518 1493 578 1559 tuis
599 1491 711 1558 litteris
732 1498 825 1557 etex
846 1511 882 1556 re
903 1490 971 1575 ipsa
991 1510 1049 1555 nos
1071 1487 1208 1556 inndItus
1229 1487 1349 1574 perisse
1377 1488 1480 1555 rideo.
1543 1495 1601 1556 Te
1628 1510 1715 1560 oro.

330 1598 415 1664 tout,
438 1586 550 1675 quibus
572 1587 605 1652 in
626 1583 722 1651 rebus
743 1584 806 1651 mei
827 1583 874 1650 tui
893 1581 1093 1669 indigebunt,
1115 1583 1230 1650 nostris
1252 1583 1385 1650 miseriis
1406 1603 1446 1650 ne
1467 1583 1573 1651 desis.
1643 1587 1715 1668 Ego

366 1693 412 1760 te,
435 1692 470 1750 ut
489 1679 616 1759 scribis,
638 1681 700 1748 cito
722 1678 847 1749 videbo.

847 2447 1203 2533 rmuewp

849 2591 991 2657 CICERO
1013 2592 1156 2656 ATTICO
1179 2593 1210 2656 S.

367 2731 393 2794 1.
442 2703 536 2795 Cum
557 2722 693 2811 primum
713 2729 844 2790 Romam
865 2721 938 2788 veni
957 2720 1096 2808 fuitque,
1124 2725 1175 2786 cui
1196 2729 1282 2788 reete
1308 2721 1348 2788 ad
1368 2732 1399 2788 te
1419 2723 1538 2790 litteras
1560 2724 1698 2799 darem,

334 2820 445 2886 cenibil
474 2820 562 2906 prius
592 2815 768 2882 iaciendum
794 2816 872 2881 mihi
891 2815 1012 2902 putavi,
1045 2835 1139 2902 quam
1160 2824 1196 2880 ut
1215 2813 1272 2881 tibi
1301 2815 1421 2884 absenti
1443 2817 1482 2883 de
1503 2818 1613 2886 reditu
1638 2839 1698 2883 no·
1793 2829 1794 2852 ¹

368 2925 435 2980 stro
448 2913 641 2999 gratularer.
698 2915 873 2996 Cognoram
894 2910 979 2975 enim
999 2947 1041 2956 -
1062 2919 1097 2976 ut
1117 2932 1192 2976 vere
1214 2909 1349 2976 scribam
1370 2949 1411 2960 -
1432 2921 1463 2978 te
1487 2911 1520 2978 in
1547 2911 1697 2978 consiliis

366 3008 445 3074 mibi
473 3007 582 3074 dandis
604 3026 662 3070 nec
690 3005 854 3071 fortiorem
884 3025 943 3070 nec
969 3004 1205 3093 prudentiorem
1233 3026 1326 3091 quam
1358 3025 1409 3072 me
1437 3005 1538 3091 ipsum
1555 3055 1564 3082 ‚
1580 3083 1586 3094 ,
1604 3001 1695 3091 [nec]

368 3103 478 3176 etiam,
511 3122 570 3187 pro
591 3099 760 3187 praeterita
782 3120 853 3164 mea
872 3099 906 3165 in
928 3108 958 3165 te
979 3097 1190 3176 observantia,
1212 3099 1341 3164 nimium
1364 3100 1396 3165 in
1417 3099 1557 3166 custodia
1580 3098 1695 3166 salutis

367 3217 456 3261 meac
485 3195 683 3280 diligentem
717 3192 912 3281 eundemque
934 3201 979 3265 te,
1012 3193 1066 3280 qui
1093 3192 1203 3278 primis
1231 3192 1424 3280 temporibus
1445 3193 1565 3258 erroris
1587 3191 1693 3260 nostri

331 3300 421 3355 roaut
443 3294 546 3376 potius
568 3289 685 3354 luroris
706 3287 860 3373 particeps
889 3296 921 3351 et
947 3286 1017 3353 salsi
1050 3287 1170 3352 timoris
1197 3287 1301 3352 socius
1326 3287 1453 3363 luisses,
1487 3287 1692 3354 acerbissime

368 3381 533 3448 discidium
555 3393 697 3448 nostrum
718 3380 825 3446 tulisse
846 3380 1077 3467 plurimumque
1098 3401 1231 3466 operae,
1254 3380 1365 3454 studii,
1386 3380 1578 3465 diligentiae,
1600 3381 1693 3446 labo-

368 3481 413 3542 ris
439 3474 479 3540 ad
508 3473 734 3541 conficiendum
761 3473 896 3540 reditum
925 3495 1028 3538 meum
1052 3474 1230 3543 contulisse.
1272 3478 1303 3538 2.
1324 3478 1431 3560 Itaque
1453 3473 1513 3540 boo
1533 3473 1590 3540 tibi
1611 3494 1691 3540 vere

368 3571 506 3645 affirmo,
535 3571 567 3634 in
596 3568 732 3633 maxima
752 3567 870 3633 laetitia
897 3577 928 3632 et
955 3568 1187 3654 exoptatissima
1215 3567 1421 3653 gratulndonc
1447 3588 1546 3634 unum
1573 3566 1611 3632 ad
1635 3589 1692 3632 cu·

368 3663 550 3728 mulandum
576 3660 723 3748 gaudium
751 3671 951 3749 conspectum
978 3671 1032 3728 aut
1058 3663 1163 3747 potius
1190 3662 1389 3748 complexum
1414 3661 1490 3726 mibi
1517 3672 1605 3728 tuum
1633 3661 1691 3727 de·

332 3755 482 3831 assuisse,
504 3776 597 3841 quem
619 3755 715 3821 semel
736 3765 843 3820 nactus
865 3776 1024 3842 nunquam
1045 3754 1209 3834 dimisero;
1233 3776 1279 3828 ac,
1302 3754 1361 3820 nisi
1375 3760 1467 3821 etiam
1488 3755 1690 3842 praetermis·
1793 3753 1794 3760 '

369 3871 422 3916 sos
443 3848 564 3915 fructus
592 3857 664 3914 tuae
686 3848 845 3915 suavitatis
873 3849 1033 3936 praeteriti
1054 3849 1205 3934 temporis
1227 3869 1335 3914 omnes
1356 3869 1511 3932 exegero,
1544 3849 1689 3936 prolecto

368 3943 427 4009 bac
453 3943 650 4009 restitutione
677 3943 822 4010 fortunae
850 3964 900 4007 me
930 3943 998 4028 ipse
1026 3963 1090 4008 non
1117 3942 1191 4008 satis
1220 3941 1346 4027 dignum
1374 3939 1530 4009 iudicnbo.
1573 3947 1604 4008 3.
1624 3947 1689 4006 Nos

369 4037 471 4103 adbuc
492 4037 524 4101 in
545 4048 654 4103 nostro
676 4047 771 4112 statu,
795 4035 880 4122 quod
902 4035 1079 4101 difficillime
1100 4035 1281 4122 recuperari
1295 4056 1387 4121 posse
1408 4034 1549 4100 arbitrati
1563 4056 1686 4108 sumus,

369 4130 569 4218 splendorem
597 4141 740 4197 nostrum
767 4131 855 4197 illum
881 4128 1039 4196 sorensem
1067 4138 1099 4194 et
1124 4130 1156 4194 in
1178 4139 1287 4195 senatu
1307 4129 1523 4195 auctoritatem
1554 4137 1584 4192 et
1604 4125 1688 4212 apud

439 4311 465 4362 5.
485 4320 510 4362 et
527 4316 590 4362 ento
607 4313 631 4362 ei
648 4326 703 4363 om.
722 4312 744 4362 I.
765 4335 796 4348 -
833 4311 1005 4362 obtrectatore
1022 4310 1054 4361 li.
1085 4334 1115 4346 -
1151 4307 1225 4373 utor]
1243 4310 1317 4359 nitor
1336 4307 1443 4369 „Alii”
1462 4307 1489 4357 ln
1509 4322 1563 4372 mg.
1582 4307 1685 4370 ltepett.

370 4379 465 4431 Lemb.
503 4405 534 4418 -
570 4382 597 4433 d.
616 4385 712 4434 ventre.
731 4381 781 4432 eol.
802 4395 839 4432 νι.
858 4383 966 4433 ianuar.
985 4381 1006 4430 I.
1043 4404 1074 4416 -
1111 4381 1153 4431 to.
1174 4382 1214 4430 tui
1230 4381 1292 4430 meir
1309 4378 1476 4442 iadolpebout
1493 4377 1539 4437 ld,
1571 4380 1610 4426 toi
1627 4379 1687 4427 meis

369 4451 539 4516 indulpeborrt
556 4453 596 4512 n,
616 4454 657 4508 tui
673 4455 723 4503 mei
739 4453 892 4517 iodutpeoot
910 4452 933 4502 l.
954 4477 982 4488 -
1021 4451 1064 4500 11.
1084 4451 1189 4500 uidebo:
1206 4450 1287 4513 pluero
1304 4463 1358 4498 uon
1374 4448 1468 4498 netto
1506 4448 1578 4501 Cora
1595 4455 1624 4498 ot
1642 4461 1687 4496 on-

370 4521 433 4572 leoe.
454 4523 476 4570 I.
507 4547 539 4556 -
578 4521 621 4572 tt.
640 4523 691 4586 suit
709 4525 753 4586 qui
772 4536 811 4584 pr.
830 4523 880 4582 ll,
907 4520 1174 4586 permiserunt.
1206 4545 1240 4555 -
1275 4520 1318 4570 15.
1337 4519 1483 4582 fodendum
1498 4519 1574 4580 priter
1592 4517 1623 4568 Il.
1655 4541 1684 4552 -

370 4592 435 4641 mibi
452 4593 598 4654 fouendum
617 4591 639 4640 l.
660 4617 693 4628 -
729 4590 772 4641 ld.
793 4592 907 4656 Copnooi
924 4593 947 4641 l.
970 4615 996 4626 -
1029 4591 1097 4640 euim
1115 4597 1139 4640 te
1156 4603 1223 4641 oere.
1260 4589 1377 4640 Scribam
1393 4588 1453 4638 IIII.
1492 4585 1535 4650 (ut
1553 4601 1610 4638 uere
1626 4587 1686 4636 seri·

371 4662 431 4711 bam
448 4675 503 4723 mg·
523 4661 571 4718 bl.)
601 4687 630 4697 -
669 4661 711 4711 17.
731 4661 826 4711 dandis
842 4663 993 4726 fortiorem:
1021 4662 1216 4724 prudentiorem
1234 4660 1256 4708 1.
1287 4681 1316 4696 -
1350 4672 1395 4708 nee
1413 4661 1475 4708 ante
1493 4660 1572 4708 etium
1590 4671 1644 4708 orn.
1664 4656 1685 4704 l.

372 4730 572 4782 Secludendum
592 4731 742 4781 vldebetur.
761 4731 811 4781 On·
831 4754 858 4764 -
887 4731 929 4781 18.
948 4739 1057 4793 propter
1073 4732 1116 4798 ito
1131 4743 1215 4780 meum
1231 4731 1260 4779 irr
1277 4735 1301 4779 te
1319 4729 1509 4778 observantium
1528 4729 1564 4789 Ζ,
1581 4733 1687 4791 propter

371 4815 455 4851 meam
472 4803 501 4850 trs
519 4810 544 4852 te
562 4801 752 4852 observantiam
770 4800 843 4850 blltl.
862 4800 1055 4858 (Emendntum
1074 4806 1114 4851 est
1131 4814 1162 4851 ex
1180 4799 1223 4859 I.)
1243 4823 1273 4835 -
1308 4797 1353 4848 20.
1373 4799 1453 4848 totius
1470 4797 1544 4849 lllll.
1582 4795 1688 4860 (limen-

373 4872 447 4921 derit
464 4871 499 4920 ll.
518 4867 693 4935 Stephanus.)
717 4893 746 4907 -
784 4868 895 4931 timoris]
915 4873 1028 4920 motoris
1045 4871 1120 4920 stul.
1157 4869 1356 4930 (Emendatom
1374 4874 1416 4917 eet
1433 4868 1460 4917 in
1479 4868 1541 4917 Asc.
1564 4868 1686 4918 tortines

373 4939 413 4988 Pii
432 4939 527 4996 Codd.l
555 4967 583 4977 -
631 4941 674 4991 21.
694 4940 829 4990 dissidium
855 4940 929 4990 bllll.
967 4937 1121 5000 (discidium
1139 4952 1193 5002 mg·
1213 4935 1270 5001 bl.)
1303 4961 1329 4972 -
1369 4937 1413 4988 Ob.
1432 4937 1581 5000 amplexum
1597 4937 1628 4988 R·
1656 4959 1685 4972 ·-
1790 4983 1791 5000 ,

373 5009 418 5058 to.
433 5010 537 5142 poem
555 5017 614 5060 tuoe
632 5017 691 5062 tuoe
708 5009 754 5060 ut.
788 5035 818 5046 -
853 5011 993 5072 praeteriet
1011 5011 1133 5074 temporis
1151 5009 1259 5061 soolnett
1277 5008 1424 5059 limesttns.
1457 5033 1484 5044 -
1523 5007 1566 5056 28.
1584 5005 1686 5072 diffidi-

374 5077 433 5128 lime
462 5079 565 5144 dificile
582 5094 622 5130 me
638 5079 698 5131 ΜΒ.
721 5103 748 5113 -
786 5080 829 5130 29.
848 5081 989 5144 sorensium
1007 5079 1044 5130 Ill.
