3628 5876
309 365 370 428 tat
734 363 1010 431 EPISTULARUM
1031 365 1083 432 nh
1105 365 1196 428 FAM.

390 525 420 588 8.
441 525 572 604 Itemque
593 525 710 585 sermtni
732 525 850 604 placere
874 525 908 588 in
929 523 1067 586 Ciliciam
1092 523 1302 604 provinciam,
1334 525 1368 586 iri
1393 534 1459 588 octo
1494 527 1629 609 reliquos

303 621 492 702 prouincias,
530 638 606 699 qnos
619 621 771 698 praetorii
795 639 855 699 pro
871 627 1012 699 praetore
1030 618 1206 688 obtinerent,
1228 637 1294 688 eos,
1317 620 1369 698 qui
1384 627 1542 698 praetores
1560 623 1630 704 [ue-

306 723 378 776 runt
393 733 484 794 neque
503 714 537 774 in
551 713 743 792 provinciam
765 732 833 774 cum
851 714 977 794 imperio
995 713 1136 794 [crement.
1168 732 1243 793 quos
1263 731 1367 774 eornm
1385 732 1424 774 eor
1449 716 1482 778 S.
1506 717 1538 781 C.
1559 737 1630 780 cum

306 809 431 888 irnperio
449 808 483 868 in
498 807 675 886 provincias
691 825 752 886 pro
776 817 919 886 praetore
938 807 1017 868 mitti
1041 815 1207 886 oporteret,
1241 826 1289 868 eos
1312 808 1418 868 sortito
1450 810 1483 870 in
1502 812 1631 890 provin-

285 904 371 964 sctos
388 903 468 964 mitti
480 901 618 982 placere:
640 900 668 961 si
687 919 726 962 em
748 920 780 964 eo
802 920 942 972 nurnero,
965 921 1039 982 qnos
1058 922 1096 964 en
1117 902 1149 964 S.
1172 903 1204 964 C.
1226 903 1260 962 in
1274 903 1451 982 prouincias
1472 906 1518 966 ire
1539 924 1631 986 opor-

308 1005 400 1074 teret,
431 996 470 1058 ud
490 1014 646 1058 numerem
666 1013 726 1056 non
745 1003 854 1064 essent,
876 997 980 1076 quiin
1001 997 1240 1076 eosprooincios
1260 998 1543 1077 proficiscerentur:
1564 1007 1631 1060 turn

270 1159 274 1166 ,
307 1093 353 1152 nti
374 1091 505 1172 quodque
535 1089 689 1169 collegium
708 1090 845 1168 primum
863 1098 1040 1167 praetorum
1056 1090 1163 1169 fnisset
1183 1108 1273 1170 rreqtte
1307 1090 1340 1151 in
1361 1092 1537 1170 prouincias
1554 1112 1631 1173 pro-

304 1187 375 1268 fecti
395 1193 508 1257 essent,
529 1185 573 1246 ito
594 1191 673 1244 sorte
690 1184 724 1244 in
741 1183 929 1262 provinciam
944 1184 1224 1262 proficiscerentur:
1246 1183 1274 1244 si
1292 1183 1317 1244 ii
1338 1184 1377 1245 cd
1397 1204 1555 1248 nnmerum
1568 1206 1632 1249 non

308 1289 418 1350 essent,
448 1288 518 1339 tnnc
537 1277 671 1356 deinceps
686 1275 826 1356 prosimi
843 1277 982 1357 cuiusque
1003 1277 1135 1356 collegii,
1158 1277 1210 1357 qni
1219 1285 1377 1356 praetores
1390 1279 1517 1360 [absent
1538 1299 1631 1361 neque

275 1376 341 1436 scin
353 1374 529 1454 provincius
540 1371 668 1453 profecti
688 1377 796 1438 essent,
826 1370 860 1430 in
876 1377 985 1431 sortem
1008 1372 1209 1441 coicerentur,
1231 1371 1329 1452 proed
1351 1372 1379 1432 is
1398 1392 1540 1435 nurnerrts
1563 1374 1632 1455 effe·

308 1478 373 1531 ctus
390 1475 482 1536 esset,
512 1485 597 1547 quem
622 1465 662 1526 od
684 1482 842 1525 numerum
863 1463 896 1524 in
915 1465 1090 1542 provincius
1111 1465 1191 1526 mitti
1214 1473 1371 1546 oporteret.
1413 1467 1450 1530 Si
1471 1469 1539 1548 quis
1559 1469 1632 1531 hnic

308 1565 341 1626 S.
364 1563 396 1624 C.
418 1561 649 1630 intercessisset,
685 1559 851 1620 auctoritas
877 1557 1123 1640 perscriberetur.
1177 1559 1259 1621 Huic
1283 1558 1316 1621 S.
1351 1560 1382 1622 C.
1409 1560 1576 1624 intercessit
1597 1562 1631 1625 C.

310 1657 446 1727 Caelius,
470 1656 501 1718 C.
524 1655 642 1724 Pansa,
664 1653 777 1715 tribuni
794 1652 837 1731 pl.

393 1750 422 1812 9.
444 1745 499 1811 Illa
520 1755 683 1832 praeterea
701 1748 755 1810 Cn.
779 1742 919 1829 Pompeii
945 1751 1017 1809 sunt
1040 1742 1274 1825 animadversa,
1297 1764 1378 1830 quae
1398 1745 1534 1810 maxime
1556 1766 1632 1812 con·

275 1839 467 1906 ttbdentiam
494 1840 663 1904 attulerunt
695 1836 889 1912 hominibus,
916 1846 951 1904 ut
986 1836 1105 1904 diceret
1137 1859 1171 1904 se
1204 1847 1274 1902 ante
1299 1838 1427 1904 Kalend.
1454 1843 1544 1904 Mart.
1567 1859 1632 1906 nou

309 1955 402 2022 posse
430 1934 497 1999 sine
532 1934 647 2000 iniuria
678 1933 716 1998 de
737 1931 908 2019 provinciis
944 1931 1084 1998 Caesaris
1115 1941 1268 2008 statuere,
1304 1941 1377 2018 post
1396 1933 1464 1998 Kal.
1485 1939 1575 2000 Mart.
1597 1956 1633 2000 se

309 2049 374 2092 non
396 2027 619 2094 dubitaturum.
677 2030 754 2093 Cum
776 2027 1041 2111 interrogaretur,
1074 2027 1176 2113 siqui
1199 2035 1263 2092 tum
1285 2026 1528 2100 intercederent,
1552 2028 1634 2094 dixit

311 2121 371 2188 hoc
392 2122 469 2188 nihil
489 2122 663 2195 interesse,
697 2131 802 2185 utrum
824 2124 857 2187 C.
880 2123 994 2186 Caesar
1014 2123 1134 2185 senatui
1166 2119 1250 2186 dieto
1272 2120 1402 2187 audieus
1422 2121 1546 2187 iuturus
1568 2143 1633 2188 non

311 2225 411 2292 esset,
443 2238 484 2282 an
504 2224 643 2302 pararet,
681 2214 735 2301 qui
762 2223 903 2278 senatum
925 2213 1096 2278 decernere
1127 2234 1190 2279 non
1210 2223 1380 2300 pateretur.
1424 2215 1555 2292 „Quid,
1590 2215 1632 2291 si,

274 2309 414 2395 ¹⁰inquit
435 2308 529 2386 alius,
565 2319 597 2374 et
618 2308 727 2373 consul
749 2329 817 2372 esse
840 2317 871 2372 et
895 2307 1070 2373 exercitum
1091 2306 1208 2372 habere
1229 2309 1361 2373 rolett”
1403 2313 1443 2374 At
1463 2307 1516 2374 ille
1538 2329 1633 2396 quam

312 2405 499 2470 clementer:
535 2403 665 2481 „Quid,
698 2402 725 2468 si
747 2401 828 2466 lilius
851 2423 939 2466 meus
961 2400 1074 2466 fustem
1097 2399 1173 2466 mihi
1203 2401 1378 2488 impingere
1406 2403 1534 2468 voletr’
1576 2403 1634 2468 His

312 2496 459 2572 vocibus,
490 2507 526 2562 ut
546 2496 761 2561 existimarent
782 2494 924 2560 homines
946 2495 1097 2580 Pompeio
1118 2515 1189 2560 cum
1211 2499 1342 2562 Caesare
1364 2517 1433 2561 esse
1455 2497 1633 2583 negotium,

313 2589 427 2655 effecit.
475 2591 688 2678 Itaqueiam,
722 2600 756 2655 ut
781 2589 894 2663 viden,
923 2587 1054 2654 alteram
1081 2597 1184 2654 utram
1206 2588 1246 2654 ad
1268 2588 1485 2654 condicionem
1506 2590 1635 2656 descen·

314 2685 390 2752 dere
418 2686 484 2750 vult
514 2689 643 2760 Caesar,
680 2692 715 2749 ut
742 2692 796 2749 aut
828 2691 950 2746 maneat
970 2703 1074 2768 neque
1095 2681 1155 2747 hoc
1176 2703 1258 2748 anno
1280 2705 1336 2748 sua
1357 2684 1441 2749 ratio
1462 2683 1633 2757 habeatur,

277 2791 384 2851 naut,
418 2779 444 2843 si
467 2778 624 2864 designari
645 2777 775 2864 poterit,
798 2775 936 2841 decedat.
982 2781 1030 2840 10.
1053 2776 1149 2842 Curio
1171 2797 1205 2841 se
1226 2787 1335 2841 contra
1357 2797 1429 2842 eum
1456 2785 1558 2842 totum
1581 2797 1636 2863 pa-

314 2885 382 2947 ram
404 2871 482 2959 quid
503 2872 628 2960 assequi
643 2872 756 2959 possit,
779 2869 897 2936 nescio.
939 2869 1019 2936 Illud
1033 2870 1144 2946 video,
1167 2868 1247 2936 bene
1262 2871 1460 2946 sentientem,
1483 2871 1542 2936 etsi
1558 2870 1635 2937 nihil

314 2966 471 3041 elicuerit,
501 2967 612 3030 cadere
645 2987 707 3030 non
735 2986 839 3051 posse.
897 2967 947 3030 Me
978 2972 1089 3030 tractat
1109 2963 1282 3030 liberaliter
1304 2964 1399 3031 Curio
1421 2974 1453 3031 et
1474 2964 1552 3030 mihi
1574 2985 1635 3030 suo

314 3082 446 3126 munere
480 3061 639 3146 negotium
673 3059 832 3146 imposuit.
884 3063 960 3122 Nam
990 3057 1016 3123 si
1044 3057 1121 3122 mihi
1143 3079 1206 3122 non
1228 3058 1364 3124 dedisset
1386 3081 1455 3135 eas,
1492 3081 1573 3146 quac
1595 3059 1636 3126 ad

314 3155 405 3221 ludos
427 3155 457 3219 ei
479 3155 626 3220 advectae
648 3166 736 3219 eraut
757 3153 936 3228 Africanae,
964 3153 1065 3238 potuit
1086 3153 1303 3239 supersedere.
1358 3158 1459 3230 Nunc,
1483 3154 1634 3241 quoniam

278 3250 391 3315 ³⁰dere
419 3271 545 3314 necesse
574 3259 636 3324 est,
669 3248 764 3313 velim
785 3247 842 3313 tibi
865 3267 959 3311 curae
981 3247 1035 3321 sit,
1059 3246 1144 3332 quod
1166 3269 1184 3310 a
1207 3258 1237 3313 te
1259 3268 1384 3333 semper
1405 3248 1503 3334 petii,
1524 3257 1561 3313 ut
1581 3247 1638 3313 ali·

316 3343 392 3430 quid
408 3343 499 3409 istinc
514 3343 686 3409 bestiarum
701 3340 885 3418 habeamus;
909 3341 1133 3426 Sittianamque
1148 3341 1354 3429 syngrapham
1370 3341 1427 3407 tihi
1440 3342 1637 3409 commendo.

316 3437 477 3502 Libertum
510 3436 670 3502 Philonem
704 3437 781 3502 istuc
802 3433 874 3498 misi
896 3441 926 3498 et
947 3434 1121 3519 Diogenem
1143 3439 1314 3511 Graecum,
1350 3433 1464 3522 quibus
1492 3436 1638 3502 mandata

317 3541 348 3594 et
369 3530 487 3595 litteras
509 3531 548 3596 ad
570 3539 600 3596 te
623 3529 704 3595 dedi.
760 3533 823 3594 Eos
845 3527 902 3592 tibi
924 3536 955 3592 et
976 3549 1060 3603 rem,
1083 3527 1121 3592 de
1144 3550 1206 3614 qua
1227 3528 1318 3604 misi,
1348 3529 1445 3596 velim
1466 3551 1561 3596 curae
1584 3529 1640 3594 ha-

318 3623 404 3689 beas.
445 3631 542 3698 Nam,
571 3645 665 3710 quam
693 3622 893 3706 vehementer
914 3620 953 3685 ad
975 3641 1025 3686 me
1047 3621 1221 3708 pertineat,
1254 3623 1287 3688 iu
1310 3622 1371 3699 iis,
1410 3644 1488 3711 quas
1511 3621 1568 3689 tihi
1591 3623 1638 3689 illi

281 3717 463 3792 ³⁵reddent,
486 3718 597 3783 litteris
619 3717 781 3804 descripsi.

799 3915 1153 4000 mmumw

765 4047 926 4111 CAELIUS
949 4047 1133 4110 CICERONI
1155 4049 1186 4111 S.

408 4177 435 4237 1.
459 4170 510 4234 Sic
531 4178 583 4244 tu,
605 4167 728 4253 inquis,
751 4165 880 4230 IIirrum
902 4165 1069 4231 tractasti?
1111 4171 1227 4242 Immo,
1250 4166 1278 4232 si
1300 4167 1397 4241 scias,
1419 4189 1513 4254 quam
1534 4167 1640 4245 tecue,

322 4288 415 4354 quam
446 4286 486 4329 ne
517 4261 725 4330 contentionis
757 4260 884 4347 quidem
911 4259 1058 4325 minimae
1085 4260 1197 4336 luerit,
1229 4260 1346 4346 pudeat
1367 4271 1397 4326 te
1419 4282 1530 4327 ausum
1552 4261 1640 4328 illum

284 4371 458 4447 ⁴⁰unquam
487 4379 555 4424 esse
591 4355 736 4421 incedere
772 4364 929 4440 umquam
965 4362 1052 4418 tuum
1079 4354 1327 4440 competitorem.
1379 4359 1454 4421 Post
1484 4356 1642 4441 repulsam

322 4477 399 4521 vero
421 4455 503 4519 risus
526 4452 616 4530 lacit;
639 4451 740 4516 civem
762 4447 879 4513 bonum
894 4447 974 4512 ludit
994 4457 1025 4512 et
1046 4457 1154 4514 sonna
1177 4453 1340 4515 Caesarem
1356 4449 1524 4516 sententias
1545 4448 1641 4530 dicit;

391 4686 418 4734 ὓ.
439 4690 466 4734 et
483 4685 512 4737 4.
533 4697 584 4746 pro
605 4680 771 4745 praetoribus
798 4677 966 4728 Grouorlur.
995 4701 1025 4712 -
1062 4678 1089 4728 3.
1119 4679 1283 4741 prouinciam
1311 4678 1355 4728 Με
1381 4680 1521 4741 procinctu
1549 4678 1581 4728 Ε.
1609 4705 1642 4714 -

322 4755 348 4806 d,
369 4764 487 4818 oportere
505 4755 542 4806 Μ.
575 4779 607 4789 -
643 4753 670 4802 5.
689 4754 801 4799 manle
817 4749 844 4798 S.
865 4749 894 4798 C.
914 4761 969 4798 om.
987 4747 1026 4799 Μ.
1046 4773 1079 4786 -
1114 4749 1140 4798 8.
1157 4751 1321 4810 procinctum
1338 4748 1381 4799 u:
1398 4749 1549 4810 provincius
1567 4748 1641 4798 B.-

324 4827 366 4876 tt).
394 4827 553 4874 reicerentur
569 4823 612 4874 hl:
644 4822 829 4870 coniicerentur
854 4819 886 4868 E.
917 4842 944 4854 -
983 4818 1026 4869 13.
1052 4819 1170 4870 tribunus
1195 4819 1276 4880 plebis
1293 4818 1330 4868 Μ.
1359 4843 1390 4854 -
1427 4820 1469 4869 19.
1486 4825 1644 4881 poterentur

323 4895 355 4947 N.
386 4919 413 4930 -
451 4896 495 4945 ⁶20.
523 4895 608 4958 inquis
638 4893 675 4942 Μ.
703 4916 735 4927 -
771 4889 815 4939 2³.
846 4890 922 4954 efficit
949 4889 986 4940 Μ.
1015 4914 1048 4922 -
1084 4888 1196 4940 alterum
1213 4896 1303 4939 utrum
1321 4889 1362 4939 M:
1382 4889 1540 4940 uttemtrum
1558 4889 1589 4938 u.
1612 4913 1640 4926 -

324 4966 369 5015 ld.
387 4967 428 5014 sui
455 4965 549 5014 ultus.
580 4985 614 4996 -
649 4964 691 5012 29.
711 4960 811 5010 advecti
830 4958 867 5010 Μ.
901 4982 931 4993 -
967 4960 1129 5021 supersedere
1146 4959 1191 5008 M:
1211 4959 1370 5022 supersederi
1386 4959 1417 5009 II.
1447 4984 1482 4992 -
1518 4961 1644 5022 quostiam

325 5035 370 5086 hl:
391 5035 544 5099 grunduli.
565 5059 594 5069 -
632 5034 677 5086 ³2.
696 5033 761 5082 istor
778 5028 817 5082 Μ.
838 5051 869 5065 -
907 5027 1032 5080 Graccum
1049 5035 1159 5080 auctore
1178 5029 1298 5080 Weiskio
1316 5028 1371 5080 del.
1390 5027 1541 5080 Schtttzius.
