3680 5944
731 429 806 491 LlB.
828 427 883 490 lx.
926 429 986 494 ΕΡ.
1008 429 1038 488 7.

697 585 760 648 ua
804 581 852 667 (A.
878 586 911 650 u.
933 586 965 649 c.
986 584 1070 669 roa.)

703 696 847 762 crosno
869 697 1012 762 nauco
1035 699 1066 762 s.

311 817 337 878 1.
360 810 553 897 Scripseram
575 809 613 874 ad
637 819 666 873 tc
682 806 862 894 epistolam,
885 828 977 894 quam
1000 808 1106 874 darem
1133 830 1177 876 tv.
1198 811 1243 877 ld.
1287 816 1349 880 Sed
1371 839 1409 882 eo
1432 816 1482 884 die
1504 821 1539 893 is,

224 909 276 973 cui
303 905 379 970 dare
405 903 582 976 volueram.
620 922 682 966 non
715 911 761 966 est
789 901 959 987 protectus.
1015 903 1106 971 Venit
1132 913 1235 969 autem
1265 926 1304 971 eo
1326 908 1395 993 ipso
1417 909 1467 975 die
1488 913 1541 977 ille

225 998 439 1084 „celeripes‚''
461 1017 554 1090 quem
578 995 698 1060 Salvius
720 994 860 1071 dixerat;
892 996 994 1060 attulit
1014 994 1189 1064 uberrimas
1212 1010 1278 1066 tuas
1301 1000 1438 1076 litteras,
1461 1023 1564 1089 quaes
1632 996 1661 1090 l(

225 1095 301 1160 mibi
330 1088 476 1177 quiddam
499 1089 588 1175 quasi
610 1089 793 1164 „animulae
819 1089 1039 1155 restillarunt.'‘
1096 1097 1279 1159 Recreatum
1302 1097 1385 1159 enim
1407 1118 1457 1161 me
1480 1119 1543 1164 non

225 1209 307 1275 queo
329 1187 444 1252 dicere.
487 1183 547 1250 Sed
570 1185 661 1270 plane
683 1183 719 1249 τὸ
742 1195 878 1262 συνέχον
899 1183 1040 1249 effecisti.
1081 1187 1149 1270 Ego
1172 1189 1252 1252 enim
1270 1210 1332 1254 non
1349 1188 1411 1254 iam
1426 1190 1457 1254 id
1473 1211 1542 1276 ago,

223 1280 433 1353 mihicrede,
468 1289 503 1344 ut
526 1297 695 1364 prosperos
718 1277 820 1341 exitus
842 1297 1026 1365 consequar.
1079 1281 1130 1344 Sic
1152 1281 1233 1344 euim
1256 1279 1444 1364 vide0,['nec
1465 1283 1543 1349 duo-

223 1373 282 1442 bus
312 1374 360 1440 bis
388 1375 468 1456 rigis
497 1392 555 1437 nec
583 1370 643 1436 boc
671 1391 735 1435 uno
745 1376 825 1461 )nos
851 1391 988 1455 unquam
1014 1393 1082 1437 rem
1104 1373 1259 1459 publicam
1281 1374 1453 1441 babituros.
1497 1380 1542 1442 lta
1629 1372 1697 1428 ΜΨ
1787 1435 1794 1448 ,

224 1491 327 1557 nequo
359 1469 399 1534 de
427 1468 492 1533 otio
520 1475 630 1532 nostro
659 1484 754 1550 spero
775 1463 836 1528 iam
859 1484 916 1529 nec
939 1465 1032 1530 ullam
1054 1467 1253 1533 acerbitatem
1276 1489 1399 1535 recuso.
1442 1473 1579 1536 Unumm

224 1563 301 1630 illud
332 1561 590 1636 extimescebam,
625 1557 758 1645 nequid
779 1558 913 1645 turpiter
934 1559 1086 1636 lacerem,
1121 1563 1170 1628 vel
1192 1565 1309 1638 dicam,
1339 1563 1401 1627 iam
1423 1561 1544 1627 ellecis-
1606 1569 1609 1578 ’

224 1680 301 1724 sem.
359 1663 390 1723 2.
420 1658 471 1723 Sic
492 1677 569 1741 ergo
591 1653 722 1727 habeto,
746 1651 896 1718 salutares
918 1662 949 1718 te
970 1655 1046 1721 mibi
1067 1656 1185 1722 litteras
1206 1660 1346 1734 misisse;
1368 1677 1471 1744 nequo
1492 1679 1544 1722 so·

224 1753 288 1820 lum
311 1753 365 1819 bas
387 1751 561 1836 longiores,
596 1747 710 1836 quibus
731 1745 808 1811 nibil
829 1755 1020 1832 potestesse
1042 1751 1242 1836 explicatius,
1265 1753 1341 1819 nibil
1356 1750 1541 1838 perlentium

225 1845 281 1912 sed
303 1847 394 1912 etiam
418 1846 484 1911 illas
506 1843 686 1915 breviores,
722 1841 755 1906 in
777 1838 891 1928 quibus
913 1842 973 1906 boc
994 1843 1069 1910 mibi
1091 1845 1348 1911 iucundissimum
1371 1844 1445 1919 luit,
1469 1864 1542 1909 con·

224 1943 329 2008 silium
350 1941 527 2024 factumque
549 1946 690 2002 nostrum
711 1955 730 1999 a
751 1937 847 2000 Sexto
869 1935 1013 2020 probari;
1051 1948 1292 2026 pergratumque
1314 1938 1389 2004 mibi
1413 1947 1445 2003 tu
1466 1936 1578 2003 feci-as

225 2037 280 2113 sti,
317 2057 334 2100 a
364 2054 427 2122 quo
450 2031 536 2117 diligi
557 2051 608 2096 me
630 2038 680 2105 et,
714 2029 788 2116 quid
810 2037 933 2094 rectum
954 2031 1010 2106 sit,
1032 2031 1163 2118 intelligi
1184 2035 1260 2101 scio.
1302 2033 1442 2119 Longior
1463 2053 1540 2100 vcro

225 2139 277 2196 tua
306 2128 436 2216 epistola
465 2147 529 2191 non
550 2146 600 2189 me
632 2125 734 2190 solum
771 2122 826 2188 sed
856 2143 945 2188 meos
966 2145 1075 2191 omnes
1101 2127 1294 2212 aegritudine
1316 2128 1439 2194 levavit
1481 2133 1542 2193 lta·

226 2245 288 2310 que
309 2232 380 2287 utar
400 2231 455 2286 tuo
478 2218 609 2285 consilio
632 2228 663 2283 et
686 2237 743 2282 ero
765 2219 797 2282 iu
818 2219 1009 2294 Formiano,
1045 2242 1083 2285 ne
1117 2232 1170 2286 aut
1196 2221 1235 2287 ad
1257 2220 1368 2288 urbem
1397 2223 1541 2302 ἀπάντη-

223 2345 276 2394 σις
297 2337 365 2381 mea
387 2313 669 2386 animadvertatur,
699 2320 771 2384 aut,
800 2310 826 2375 si
848 2331 906 2376 ncc
927 2312 976 2378 blc
1004 2335 1062 2379 nec
1083 2314 1147 2380 illic
1168 2337 1240 2381 cum
1271 2316 1393 2389 vidoro,
1426 2315 1542 2380 devita·

225 2423 290 2476 tum
311 2432 345 2475 se
373 2431 391 2474 a
419 2429 469 2474 me
491 2416 588 2494 putet.
631 2413 660 2472 3.
684 2404 778 2485 Quod
799 2414 903 2470 aulem
925 2407 1053 2483 suades,
1088 2418 1123 2473 ut
1143 2409 1182 2474 ab
1205 2431 1244 2475 eo
1266 2419 1387 2496 petam.
1409 2418 1444 2475 ut
1464 2410 1576 2476 mibian

223 2505 386 2578 concedat,
422 2513 455 2568 ut
475 2502 559 2567 idem
582 2500 717 2565 tribuam
740 2500 911 2585 Pompeio,
946 2501 1030 2588 quod
1053 2503 1112 2588 ipsi
1144 2503 1326 2570 tribuerim:
1354 2504 1386 2569 id
1408 2525 1458 2569 me
1480 2504 1541 2568 iam

222 2599 344 2688 pridem
367 2617 459 2682 agere
480 2594 633 2679 intelliges
654 2615 694 2658 ex
717 2593 827 2659 litteris
849 2595 935 2661 Balbi
966 2606 996 2662 et
1025 2597 1131 2684 Oppii,
1165 2620 1298 2685 quarum
1320 2599 1463 2685 exempla
1485 2597 1541 2664 tibi

223 2695 304 2760 misi.
360 2692 430 2758 Misi
460 2695 553 2756 etiam
583 2686 722 2753 Caesaris
750 2686 788 2752 ad
817 2709 872 2754 eos
900 2711 973 2754 sana
1002 2704 1105 2756 mente
1133 2693 1284 2779 scriptas,
1322 2692 1482 2778 quomodo
1508 2693 1542 2759 iu

222 2799 305 2857 tanta
326 2786 454 2854 insania.
507 2783 561 2848 Sin
589 2781 663 2847 mibi
691 2785 805 2848 Caesar
833 2783 893 2848 boc
928 2805 990 2848 nou
1022 2786 1185 2861 concedat,
1220 2787 1312 2852 video
1335 2785 1389 2852 tibi
1418 2786 1541 2872 placere

222 2882 317 2957 illud,
353 2901 404 2945 me
426 2887 600 2962 πολίτευμα
623 2875 661 2940 de
693 2895 769 2960 paco
802 2874 976 2960 suscipere;
1009 2877 1041 2944 iu
1070 2900 1134 2965 quo
1166 2901 1230 2946 non
1258 2881 1429 2944 extimesco
1457 2882 1576 2966 peri-²³

222 2979 338 3043 culum.
381 2977 458 3040 Cum
479 2971 562 3036 enim
584 2977 630 3034 tot
650 2966 864 3053 impendeant,
895 2988 952 3033 cur
972 2991 1035 3034 nou
1065 2971 1284 3039 honestissimo
1312 2973 1466 3058 depecisci
1488 2995 1540 3039 ve·

225 3073 303 3138 timt
333 3069 395 3135 Sed
424 3087 558 3141 vereor,
591 3084 631 3129 ne
652 3061 802 3147 Pompeio
823 3061 898 3148 quid
920 3065 1026 3130 oneris
1049 3065 1223 3152 imponam:

390 3210 436 3294 μή
456 3233 514 3293 μοι
536 3215 685 3290 yooyatnv
706 3203 852 3284 κεφαλὴ-ν
874 3208 992 3270 δεινοῖο
1013 3208 1158 3292 πελώρου

224 3358 411 3438 intorqueat.
453 3345 628 3414 Mirandum
651 3343 732 3409 enim
755 3342 788 3406 in
809 3344 936 3412 modum
959 3349 1079 3412 Cnaeus
1098 3355 1205 3412 noster
1220 3349 1335 3414 Sullani
1350 3351 1439 3434 regni
1454 3351 1539 3416 simi-

224 3447 385 3514 litudinem
416 3439 604 3528 concupivit.
657 3440 764 3514 Εἰδῶς
791 3469 846 3510 σοι
875 3447 962 3524 λέγω.
1016 3440 1098 3508 Nibil
1127 3441 1179 3506 ille
1200 3464 1337 3530 unquam
1359 3451 1461 3509 minus
1483 3443 1576 3518 oli-,0

223 3561 316 3608 scure
337 3539 416 3604 tulit.
467 3539 544 3602 Cum
565 3534 666 3601 boenc
687 3535 805 3621 igitur,
837 3535 977 3622 inquies,
1007 3555 1077 3600 esse
1098 3535 1166 3601 vis?
1198 3535 1384 3603 Beneficium
1407 3559 1538 3625 sequor,

223 3635 299 3702 mibi
327 3632 439 3706 crede,
472 3651 536 3696 non
569 3650 710 3706 causam,
744 3640 779 3696 ut
811 3631 843 3696 in
875 3631 1009 3703 Milone,
1045 3641 1081 3696 ut
1109 3629 1141 3696 iu
1163 3679 1172 3696 .
1196 3679 1235 3697 ..
1292 3630 1353 3696 Sed
1381 3630 1540 3698 hactenus.

222 3734 254 3795 d.
276 3733 376 3795 Causa
404 3725 501 3810 igitur
528 3745 591 3790 non
613 3721 696 3788 bona
724 3731 793 3790 estl
823 3729 923 3790 immo
955 3728 1093 3809 optima;
1122 3723 1178 3788 sed
1206 3733 1330 3809 agetur,
1364 3736 1540 3800 memento,

223 3820 414 3887 foedissime.
462 3815 601 3884 Primum
634 3817 799 3884 consilium
826 3826 875 3884 est
901 3817 1057 3885 suffocare
1091 3816 1203 3883 urbem
1232 3828 1263 3883 et
1291 3820 1409 3886 Italiam
1443 3821 1540 3896 lame,

223 3912 353 3988 deinde,
376 3931 468 3996 agros
489 3919 629 3986 vastare,
662 3933 773 3987 urere,
795 3912 934 3999 pecuniis
956 3912 1145 3998 locupletum
1167 3933 1230 3978 uon
1251 3911 1418 3980 abstinere.
1461 3914 1577 3990 Sedm

293 4141 319 4192 3.
347 4153 439 4204 puram
457 4139 488 4190 ll.
517 4165 548 4176 -
587 4153 629 4208 eor
646 4141 699 4190 dier
718 4141 760 4192 cui
789 4141 820 4192 tt.
858 4139 960 4202 (llicne
979 4141 1060 4191 vetus
1079 4140 1157 4191 Liber
1181 4141 1314 4193 Victorii?
1344 4142 1399 4194 Cir.
1419 4143 1540 4196 Suebode

225 4211 329 4262 Arcisiu-
349 4211 426 4262 1330.
447 4225 474 4274 p.
493 4209 549 4265 35.)
570 4235 599 4248 -
636 4210 663 4260 5.
682 4211 859 4274 celeriterque
875 4212 903 4260 z.
924 4211 997 4269 (voc.
1019 4223 1049 4261 er
1069 4213 1146 4274 poeta
1166 4212 1272 4261 videtur
1290 4215 1411 4276 petitum.
1432 4214 1540 4266 Out—

224 4283 251 4332 3.
281 4281 406 4345 quiddam
430 4295 482 4345 quo
503 4288 576 4332 etant
596 4279 685 4332 mutus
708 4283 868 4332 laetitiarum
887 4281 924 4340 Z,
952 4282 1076 4345 quiddam
1097 4294 1149 4344 quc
1167 4289 1240 4331 stunt
1257 4290 1331 4332 mutu
1348 4292 1385 4334 eat
1403 4284 1443 4333 illi
1460 4292 1541 4335 urunt

224 4352 271 4410 Μ,
292 4353 417 4415 quiddam
435 4366 487 4415 quu
504 4358 577 4402 stunt
595 4358 669 4400 mutu
687 4357 723 4401 est
741 4352 781 4401 illi
800 4353 877 4402 uiuat
894 4351 934 4412 lt,
953 4351 1076 4415 quiddam
1094 4365 1147 4414 quo
1163 4359 1236 4402 stum
1253 4360 1341 4403 mutue
1362 4353 1498 4404 stillarunt
1516 4355 1538 4405 1.

225 4421 271 4484 (tu
290 4434 360 4482 nos,
391 4422 422 4472 Y.
460 4421 562 4471 Rursus
588 4433 619 4470 ex
645 4422 733 4484 poiite.
763 4421 827 4481 On.)
856 4447 884 4458 -
941 4421 968 4470 ’1.
988 4421 1088 4486 officiati
1106 4421 1142 4470 bl.
1170 4445 1200 4456 -
1238 4424 1280 4472 to.
1305 4419 1392 4486 spero]
1414 4437 1541 4486 prospero
1657 4434 1658 4437 ’

226 4505 267 4556 pr.
285 4491 321 4543 bl·
344 4517 372 4529 -
412 4491 455 4542 11.
474 4489 595 4556 [omrem]
614 4503 717 4554 ugeram
735 4491 756 4540 l.
779 4517 807 4528 -
845 4493 899 4540 ium
917 4492 1029 4555 [emesam
1047 4489 1162 4541 malebat
1181 4492 1336 4554 Ernestius,
1354 4496 1409 4542 iam
1425 4496 1541 4559 usseris·

223 4575 277 4612 aun
294 4560 436 4612 Strotbius.
456 4587 489 4596 -
508 4563 551 4612 15.
572 4562 605 4612 ub
624 4561 645 4610 l.
667 4583 697 4596 -
718 4560 762 4610 13.
780 4558 853 4622 utor]
873 4567 984 4610 ututur
1002 4575 1042 4625 pr.
1062 4561 1147 4612 11.-
1165 4562 1209 4611 22.
1229 4560 1357 4626 exemplu]
1371 4563 1540 4615 Schuetzium

226 4637 333 4682 recatus
352 4632 449 4682 barum
468 4631 642 4695 epistolarum
662 4631 783 4693 exempla
803 4631 928 4680 subiunxi
946 4631 1009 4682 boio
1031 4632 1078 4694 Ep.
1100 4630 1157 4680 vlt.
1177 4631 1254 4696 Apud
1274 4633 1343 4684 vict.
1362 4633 1457 4684 Lamb.
1479 4636 1538 4685 Bor.

225 4702 279 4753 lec.
306 4702 474 4754 Gronovium
501 4703 586 4765 posita
614 4706 677 4752 sunt
704 4707 762 4763 post
786 4700 835 4764 ltp.
861 4699 933 4750 vttl.
971 4702 1165 4761 Comoutibua,
1185 4703 1255 4766 apud
1275 4704 1428 4754 Ernestium
1449 4707 1541 4756 nescio

223 4773 418 4837 curpostEp.
440 4772 483 4822 vt.
505 4772 731 4822 mensuraret.
768 4771 832 4820 Cum
849 4770 985 4822 Furnium.
1006 4772 1056 4822 On.
1081 4796 1113 4806 -
1150 4772 1194 4822 23.
1213 4786 1275 4824 auru
1294 4788 1334 4838 pr.
1354 4773 1391 4825 bl.
1413 4799 1444 4812 -
1479 4778 1541 4826 scri·

222 4850 285 4907 ptos
311 4844 433 4902 litterum
463 4855 515 4907 quo
543 4841 579 4892 ill
598 4847 624 4892 et
642 4853 713 4890 corr.
734 4839 771 4890 bl.
802 4865 832 4876 -
874 4839 917 4890 at.
937 4841 1002 4892 illud
1018 4842 1120 4905 placem
1139 4842 1161 4891 1.
1187 4868 1220 4878 —
1257 4843 1300 4892 23.
1322 4845 1448 4907 depacisci
1465 4845 1538 4898 llllll.

225 4911 355 4975 (lituos,
388 4911 473 4964 Codd.
498 4911 611 4975 blslasp.
643 4915 669 4960 ot
702 4923 755 4974 mg.
785 4909 948 4972 Cratandri.)
987 4935 1015 4948 -
1053 4911 1096 4961 33.
1128 4910 1284 4976 concupisti]
1311 4917 1446 4978 occupauit
1467 4916 1487 4965 1.
1511 4943 1537 4952 -

223 4983 416 5047 nibiliuquum
442 4983 485 5033 illc
513 4983 534 5032 l.
568 5009 598 5018 -
636 4981 679 5031 32.
699 4981 993 5033 inautedlilourom.
1015 4997 1055 5047 pr.
1077 4981 1113 5030 ll.
1136 5005 1165 5017 ν
1204 4991 1233 5033 ut
1250 4986 1364 5038 indi,
1385 4987 1446 5046 (sic)
1467 4987 1487 5035 Ι.
1511 5013 1536 5022 -

223 5054 267 5104 ud
283 5055 346 5104 bueo
364 5055 487 5104 tacemus
506 5052 570 5104 Ccd.
594 5051 699 5102 baillol.
727 5077 756 5088 -
794 5051 836 5102 dl.
860 5053 1000 5102 Consilium
1017 5055 1131 5116 primum
1151 5054 1171 5103 l.
1203 5080 1231 5090 -
1269 5055 1311 5105 35.
1331 5070 1385 5106 non
1403 5071 1457 5106 om.
1479 5057 1537 5108 litt.
