3662 5908
320 392 382 454 316
772 391 832 454 ΕΡ.
853 393 905 454 ΑΙ)
929 389 967 466 Q.
988 390 1172 454 FRATREM

320 547 472 636 adquam
495 544 658 622 scribitur,
688 545 728 612 de
748 545 787 612 iis
808 545 923 622 rebus,
953 567 1029 633 quas
1049 544 1188 629 ignorat,
1217 545 1334 612 certior
1350 545 1417 620 liat,
1439 550 1637 634 praetermit-

320 641 447 708 tendum
461 663 530 708 esse
546 661 610 706 non
624 648 710 725 puto.
738 643 789 706 38.
803 640 854 705 Sic
867 639 906 706 ad
922 659 979 704 nos
994 658 1105 708 omnes¹
1114 637 1180 702 lere
1191 635 1335 705 delerant
1343 663 1360 740 ³,
1370 640 1455 716 nihil,
1475 665 1545 708 cum
1558 643 1640 710 absit

298 735 497 810 airacundia,
529 735 636 802 dicere
658 734 772 810 solent,
802 744 832 800 tc
857 733 927 798 lieri
947 752 1039 818 posse
1062 731 1242 810 iucundius;
1264 732 1428 808 scd,=.cnm
1455 744 1485 800 te
1507 738 1639 804 alicuius

167 831 214 900 ἒ..
294 808 502 915 himprobitas
518 827 767 915 perversitasque
785 805 1017 924 commoverit)
1031 825 1077 890 sic
1095 835 1125 890 te
1142 827 1247 891 animo
1265 825 1401 901 incitari,
1426 824 1517 924 utlab
1536 833 1640 896 omni-

141 885 184 948 β’
283 922 377 991 *thus
403 932 456 988 tun
476 922 672 989 desideretur
696 913 1044 998 humanitas.''Quare,
1066 919 1213 1006 quoniam
1227 909 1272 994 (in
1294 942 1363 986 eam
1381 922 1534 988 rationem
1554 917 1661 993 vitae:

299 1025 375 1111 (nos
394 1038 457 1082 non
476 1025 537 1081 ιιιιιι
562 1014 713 1101 cupiditas
740 1013 892 1101 quaedam
916 1013 1034 1097 gloriae
1056 1034 1148 1100 ῳιιιιιι
1176 1034 1227 1079 res
1250 1014 1316 1099 ipsa
1335 1036 1371 1081 ac
1392 1015 1516 1082 fortuna
1538 1016 1635 1083 dedu-

198 1125 251 1188 ‚Jf
316 1105 380 1191 xit)
400 1119 435 1174 ut
446 1110 653 1196 sempiternus
664 1128 769 1174 sermo
784 1107 946 1172 hominum
962 1105 1001 1172 de
1014 1105 1103 1172 nobis
1118 1105 1240 1174 iuturus
1252 1107 1308 1180 sit,
1331 1129 1512 1184 caveamus,
1537 1133 1637 1196 qnan-

169 1175 222 1240 g..
317 1197 383 1269 tim
405 1205 527 1269 ellicere
552 1212 582 1268 ct
606 1202 755 1288 consequi
776 1221 956 1287 possumus,
986 1208 1020 1265 ut
1039 1222 1078 1266 ne
1099 1200 1184 1288 quod
1215 1202 1246 1267 in
1270 1202 1360 1268 nobis
1383 1202 1501 1288 insigne
1523 1203 1632 1269 vitium

315 1295 410 1362 luisse
437 1298 565 1364 dicatur.
621 1303 727 1382 Neque
755 1317 814 1380 ego
840 1315 920 1360 nunc
945 1293 1005 1359 hoc
1033 1293 1206 1369 contendo,
1238 1295 1323 1382 quod
1345 1295 1476 1362 fortasse
1499 1317 1568 1361 cum
1602 1296 1635 1361 in

282 1409 309 1448 w
317 1391 402 1456 omni
424 1401 552 1466 natura,
587 1403 651 1456 tum
672 1391 732 1455 iam
754 1391 786 1454 in
807 1398 913 1454 nostra
932 1396 1030 1454 aetate
1052 1388 1177 1454 dillicile
1199 1399 1261 1464 est,
1284 1399 1403 1455 mutare
1425 1389 1564 1454 animum
1587 1399 1634 1463 et,

317 1483 345 1548 si
365 1483 504 1571 quidest
521 1490 642 1571 penitus
669 1484 795 1549 insitum
813 1482 973 1556 moribus,
995 1482 1026 1546 id
1048 1481 1153 1548 subito
1180 1483 1331 1560 evellere;
1353 1482 1408 1549 scd
1429 1494 1459 1549 te
1483 1483 1560 1549 illud
1581 1483 1636 1548 ad-

316 1598 447 1652 moneo,
471 1590 519 1654 ut,
551 1579 577 1644 si
599 1578 658 1643 hoc
676 1578 767 1664 plene
792 1577 891 1641 vitare
909 1598 972 1642 non
986 1585 1090 1662 potes,
1120 1576 1205 1664 quod
1231 1585 1301 1641 ante
1322 1585 1492 1664 occupatur
1514 1577 1635 1642 animus

316 1669 356 1736 ab
375 1671 550 1746 iracundia,
573 1693 665 1758 quam
691 1670 859 1757 providere
881 1671 961 1736 ratio
988 1673 1108 1756 potuit,
1144 1692 1184 1736 ne
1205 1681 1433 1758 occuparetur,
1455 1681 1490 1736 ut
1510 1679 1540 1736 te
1563 1679 1634 1734 ante

315 1784 478 1850 compares
499 1765 701 1852 quotidieque
721 1764 872 1828 meditere
888 1765 1095 1831 resistendum
1123 1787 1192 1830 csse
1212 1765 1409 1842 iracundiae;
1441 1785 1574 1850 cumque
1597 1786 1633 1829 ea

279 1858 450 1924 ¹⁵maxime
475 1860 611 1925 animum
633 1866 770 1934 moveat,
799 1867 864 1924 tum
888 1856 944 1924 tihi
970 1880 1038 1924 esse
1060 1859 1293 1944 diligentissime
1314 1859 1451 1945 linguam
1474 1859 1635 1924 continen-

315 1949 402 2029 dam;
424 1973 504 2038 qnae
520 1953 646 2040 quidem
668 1952 743 2018 mihi
759 1952 857 2018 virtus
876 1973 938 2018 non
960 1952 1116 2018 interdum
1134 1953 1237 2017 minor
1255 1952 1379 2018 videtur
1398 1974 1489 2040 quam
1505 1952 1632 2017 omnino

314 2065 377 2110 non
396 2045 498 2111 irasci.
549 2052 625 2111 Nam
646 2045 723 2111 illud
748 2055 878 2111 estnon
900 2047 1000 2112 solum
1017 2047 1191 2132 gravitatis,
1221 2047 1276 2112 sed
1295 2068 1516 2132 nonnunquam
1539 2046 1632 2111 etiarn

313 2139 520 2216 lentitudinis;
547 2139 705 2206 moderari
727 2160 804 2206 vero
834 2149 865 2204 et
893 2141 997 2206 animo
1030 2148 1061 2205 at
1082 2141 1234 2214 orationi,
1270 2162 1339 2206 cum
1362 2141 1403 2204 sis
1425 2140 1546 2213 iratus,
1580 2146 1634 2203 aut

314 2233 407 2298 etiam
429 2243 532 2299 tacere
554 2243 585 2298 et
606 2242 712 2298 tenere
733 2233 765 2298 in
787 2255 843 2298 sua
865 2240 1016 2319 potestate
1037 2242 1158 2298 motum
1183 2232 1278 2296 animi
1309 2241 1340 2297 ct
1373 2232 1538 2305 dolorem,
1574 2229 1632 2296 etsi

277 2339 378 2391 ‘zenon
399 2337 446 2392 est
467 2326 622 2412 perfectae
650 2327 835 2413 sapientiae,
869 2337 972 2390 tamen
993 2334 1040 2391 est
1061 2347 1124 2391 non
1147 2326 1314 2391 mediocris
1336 2325 1463 2412 ingenii.
1506 2329 1556 2391 39.
1580 2329 1632 2391 Αι-

316 2440 377 2505 que
399 2424 431 2484 in
452 2419 512 2484 hoc
542 2441 657 2504 genere
686 2420 784 2485 multo
813 2429 843 2484 tc
871 2441 939 2484 csse
961 2420 1022 2484 iarn
1044 2419 1291 2485 commodiorem
1313 2420 1532 2504 mitioremque
1554 2441 1632 2483 nun-

143 2570 161 2600 ι,
315 2513 401 2578 tioot.
443 2512 551 2579 Nullae
573 2522 643 2577 tuae
665 2511 915 2578 vehementiores
931 2513 1027 2579 animi
1042 2514 1278 2588 concitationes,
1303 2515 1385 2580 nulla
1408 2511 1569 2576 maledicta
1592 2510 1631 2577 ad

190 2629 193 2634 ·
314 2626 389 2680 nos,
421 2595 523 2671 nullae
545 2605 751 2674 contumeliae
772 2605 993 2692 perleruptur;
1016 2628 1096 2693 quae
1118 2628 1188 2673 cum
1210 2607 1417 2672 abhorrente
1439 2607 1568 2682 litteris,
1590 2604 1630 2671 ah

313 2699 520 2772 humanitate,
548 2709 613 2763 tum
635 2719 712 2764 vcro
733 2700 888 2765 contraria
910 2710 981 2766 sunt
1001 2701 1133 2787 irnperio
1156 2722 1191 2765 ac
1217 2701 1367 2786 dignitati.
1411 2706 1502 2773 Nam,
1525 2699 1551 2764 si
1573 2700 1631 2764 im-

276 2791 479 2878 asplacahlles
511 2791 690 2858 iracundiae
720 2791 795 2868 sint,
825 2815 946 2884 summa
968 2804 1014 2861 est
1041 2794 1208 2872 acerbitas;
1243 2795 1414 2859 sinautem
1437 2792 1629 2868 exorabiles,

313 2907 435 2954 summa
455 2886 582 2964 levitas3
613 2907 693 2972 quae
715 2897 831 2963 umen,
853 2897 889 2953 ιιι
909 2888 942 2952 in
964 2888 1071 2964 malis,
1095 2887 1253 2953 acerbitati
1275 2886 1489 2974 anteponenda
1510 2894 1566 2952 est.

396 2984 479 3048 xlv.
503 2985 553 3045 40.
576 2979 654 3054 Sed,
687 2981 835 3067 quoniam
857 2981 976 3068 primus
997 3004 1095 3049 annus
1117 2981 1225 3047 habuit
1246 2981 1285 3048 de
1307 2982 1364 3047 hac
1385 2980 1629 3068 reprehensione

312 3073 482 3160 plurimum
519 3075 672 3140 sermonis
701 3113 743 3124 -
775 3075 871 3141 credo
892 3061 1195 3162 propterea,(quod
1216 3073 1272 3138 tihi
1294 3073 1454 3139 hominum
1476 3073 1628 3146 iniuriae,

179 3159 244 3253 af
311 3168 397 3254 qnod
418 3168 582 3244 avaritiae,
612 3169 697 3257 quod
719 3169 882 3236 insolentia
902 3181 1029 3256 praeter
1050 3170 1231 3256 opinionem
1253 3166 1410 3253 accidebat
1432 3176 1462 3232 et
1483 3167 1629 3232 intolera-

147 3251 159 3284 *
195 3259 220 3304 a
275 3259 383 3327 nobilis
404 3259 629 3354 videbatur)-
653 3263 807 3330 secundus
829 3273 933 3330 autem
953 3266 1052 3330 multo
1074 3265 1194 3340 lenior,
1224 3262 1310 3350 quod
1332 3273 1364 3327 et
1384 3260 1575 3326 consuetudo
1597 3271 1628 3326 et

310 3355 392 3421 ratio
413 3364 444 3420 et
458 3345 535 3432 fiat
566 3377 626 3440 ego
647 3355 799 3433 arbitror,
833 3378 922 3424 meae
944 3379 1069 3444 quoque
1091 3357 1211 3422 litterae
1240 3364 1270 3421 tc
1291 3355 1509 3443 patientiorem
1531 3355 1628 3420 lenio-

310 3469 442 3534 remque
463 3449 621 3526 lecerunt,
659 3450 770 3516 tertius
792 3473 891 3518 annus
913 3457 954 3518 ita
976 3451 1070 3516 debet
1096 3471 1165 3516 esse
1187 3450 1382 3522 emendatus,
1418 3460 1453 3515 ut
1474 3471 1514 3514 ne
1535 3449 1627 3514 mini·

310 3563 393 3606 mam
425 3543 551 3628 quidem
578 3565 646 3608 rem
685 3545 851 3632 quisquam
879 3545 979 3631 possit
1005 3544 1099 3610 ullam
1127 3542 1368 3630 reprehendere.
1420 3547 1470 3608 tl.
1502 3550 1544 3608 Ac
1564 3543 1627 3607 ianr

309 3634 460 3701 hocloco
483 3659 545 3702 non
566 3637 743 3704 hortatione
765 3659 866 3725 neque
898 3638 1072 3724 praeceptis
1093 3637 1149 3702 sed
1176 3635 1321 3724 precibus
1352 3646 1453 3700 tecum
1483 3636 1626 3702 fraternis

176 3727 199 3810 3
273 3747 385 3813 anagn,
416 3737 514 3795 totum
536 3739 571 3796 nt
592 3731 746 3807 animum,
777 3751 882 3796 curam
905 3731 1186 3818 cogitationemque
1209 3740 1292 3795 tuam
1314 3751 1412 3816 ponas
1432 3729 1465 3794 in
1486 3731 1625 3795 omnium

309 3821 401 3887 laude
424 3823 560 3910 undique
582 3824 765 3909 colligenda.
820 3823 941 3902 Quodsi
967 3828 1000 3889 in
1028 3824 1180 3890 mediocri
1202 3813 1283 3889 sta't'u
1306 3824 1458 3888 sermonis
1479 3844 1517 3888 ac
1537 3845 1628 3910 prae·

309 3913 473 3980 dicationis
496 3925 620 3983 nostrae
643 3940 693 3984 res
708 3925 820 3993 essent,
843 3916 920 3982 nihil
941 3916 996 3982 abs
1021 3926 1052 3983 te
1072 3918 1232 3991 eximium,
1255 3918 1332 3983 nihil
1346 3928 1470 4004 praeter
1491 3917 1625 3982 aliorum

308 4010 565 4078 consuetudinem
586 4013 806 4099 postularetur.
862 4016 950 4076 Nunc
970 4033 1046 4077 vero
1067 4023 1198 4099 propter
1219 4033 1327 4077 earum
1349 4033 1473 4086 rerum,
1504 4011 1536 4076 in
1557 4011 1626 4097 qui-

308 4100 368 4168 hus
389 4105 503 4170 versati
525 4128 649 4182 sumus,
680 4106 879 4192 splendorem
901 4117 932 4170 et
953 4107 1216 4192 magnitudinem,
1246 4107 1305 4172 nisi
1328 4127 1479 4172 summam
1501 4103 1623 4170 laudem

270 4214 298 4264 tt
309 4216 350 4261 ex
371 4195 430 4262 ista
451 4199 613 4284 provincia
634 4201 843 4288 assequimur,
865 4199 919 4265 vix
933 4199 1077 4266 videmur
1092 4223 1241 4266 summam
1258 4199 1515 4286 vituperationem
1531 4219 1623 4285 posse

307 4288 416 4356 vitare.
470 4295 514 4357 Ea
542 4303 648 4359 nostra
675 4295 756 4360 ratio
785 4305 847 4369 est,
880 4305 915 4360 ιιι
943 4316 1051 4362 omnes
1073 4295 1148 4362 boni
1169 4318 1240 4362 cum
1262 4295 1404 4370 faveant,
1437 4304 1502 4358 tum
1531 4291 1624 4356 etiam

307 4403 432 4450 omnem
454 4407 472 4449 a
494 4385 586 4452 nohis
607 4387 798 4474 diligentiam
813 4388 1022 4476 virtutemque
1038 4399 1068 4456 et
1082 4391 1238 4477 postulent
1253 4399 1284 4455 et
1297 4395 1492 4476 exspectent,
1516 4406 1623 4451 omncs

377 4604 402 4653 1.
422 4603 462 4652 bis
481 4603 503 4653 l.
524 4629 554 4640 -
590 4605 617 4656 3.
636 4607 792 4664 iracundia,
819 4609 1018 4670 dicersaotant,
1047 4616 1071 4660 te
1089 4609 1172 4660 hilii:
1202 4609 1343 4660 iracundie
1361 4615 1386 4658 ts
1405 4607 1434 4657 ll.
1464 4632 1493 4643 -
1530 4607 1557 4656 a.
1576 4607 1624 4654 tna

305 4685 374 4722 nunc
392 4672 414 4723 1.
436 4696 466 4708 -
501 4674 622 4738 fortunis
640 4677 672 4726 a.
702 4702 732 4713 -
770 4679 812 4728 12.
829 4679 910 4740 plone
928 4679 1042 4730 Ernestii
1061 4693 1169 4743 operae.
1198 4704 1228 4715 -
1266 4679 1309 4728 17.
1328 4685 1364 4729 sat
1382 4691 1436 4727 saon
1453 4677 1535 4726 sotum
1553 4675 1621 4726 ltili:

305 4755 360 4794 uon
376 4743 458 4792 sotum
476 4750 513 4793 cat
532 4744 577 4796 lh.
599 4768 629 4780 -
648 4745 692 4796 at.
712 4745 753 4810 oc]
774 4755 798 4797 ct
818 4748 840 4797 l.
862 4773 891 4784 -
911 4749 955 4799 25.
974 4757 1034 4800 sunt
1052 4751 1212 4800 Ammianus
1230 4749 1405 4800 Marcellinus
1423 4747 1472 4806 28,
1494 4746 1579 4806 1,Ιιθ.
1591 4769 1622 4780 -

305 4811 350 4862 28.
368 4811 463 4862 undas
480 4813 502 4862 1.
518 4839 549 4850 -
568 4813 611 4865 28.
630 4815 730 4866 tunna
746 4817 854 4867 Ambrr.
874 4825 1009 4882 quattuor.
1026 4845 1054 4858 -
1075 4820 1118 4872 29.
1130 4821 1247 4870 orontio
1265 4819 1372 4868 Ambrr.
1392 4823 1518 4881 quattuor
1535 4815 1621 4874 etVb,

305 4893 392 4944 aqua
411 4882 440 4934 tt
465 4881 574 4934 differre
601 4884 645 4935 del
661 4885 741 4936 Furia
769 4887 879 4950 quidam
898 4903 952 4939 non
971 4891 1116 4940 adnotavit.
1138 4914 1168 4925 -
1205 4889 1358 4938 insolentius
1377 4888 1398 4938 l.
1421 4913 1448 4924 -
1488 4888 1531 4937 32.
1551 4885 1620 4936 debet

306 4951 513 5004 melittaena
529 4953 601 5006 debat
619 4955 663 5006 ts.
685 4979 716 4992 -
751 4957 796 5008 42.
817 4971 916 5010 omnem
933 4973 952 5012 o
969 4961 1043 5011 notis
1059 4960 1129 5012 MR:
1148 4973 1167 5010 c
1183 4960 1257 5010 notia
1276 4973 1375 5010 omnem
1394 4957 1437 5008 tlt.
