3666 5874
315 429 413 480 mvl

317 599 357 648 eo
372 577 523 646 feliciore
537 593 699 648 successu
713 579 910 666 perageret,
932 578 1086 645 instituto
1100 577 1320 646 eruendorum
1339 579 1641 666 inspiciendorum-

316 702 380 771 que
397 680 546 751 codicum
561 685 767 769 antiquorum
783 701 885 750 causa
899 684 1019 750 itincre
1033 684 1214 773 litterario,
1237 687 1271 751 et
1294 684 1432 750 Romam
1446 701 1485 751 se
1500 685 1642 753 contulit

316 793 351 854 et
369 805 483 854 omncs
498 787 616 855 ltaliae
635 788 809 877 regiones,
832 789 865 853 in
881 788 999 874 quibus
1014 793 1128 855 essent
1148 787 1368 856 bibliothecae
1390 787 1443 856 lits
1464 791 1570 876 copiis
1586 791 1643 855 ln-

314 895 465 960 structae
481 911 586 979 eoque
602 894 732 958 nomine
747 892 916 978 celebres,
931 894 1061 982 mugnis
1075 892 1261 979 sumptibus
1274 894 1480 982 peragravit.
1518 892 1643 960 liedux

312 1016 360 1064 cx
373 999 509 1084 itinere,
532 998 565 1061 ln
587 994 743 1064 mediocri
767 995 894 1083 quidem
913 995 1124 1084 valetudiue,
1153 1013 1248 1083 quam
1273 995 1453 1063 studiorum
1475 997 1643 1082 intempe-

313 1103 427 1168 rantia
452 1103 683 1188 continuisque
711 1101 880 1168 laboribus
904 1099 1005 1168 valde
1032 1100 1272 1188 infirmaverat,
1304 1098 1366 1168 sed
1394 1119 1516 1192 magna
1542 1102 1642 1167 animi

312 1207 531 1273 5contentione
550 1204 722 1273 Ciceronis
736 1204 998 1273 emendationem
1013 1204 1229 1294 aggreditur,
1251 1203 1392 1292 huicque
1407 1206 1463 1272 uni
1478 1205 1526 1272 rel
1543 1203 1644 1272 addi-

315 1313 411 1392 ctus,
433 1312 520 1375 intra
544 1309 647 1376 breue
662 1312 811 1396 spatium
831 1327 934 1394 opera
954 1312 1027 1377 elus
1047 1311 1081 1375 ln
1103 1311 1208 1377 lucem
1235 1307 1305 1376 edit
1327 1309 1479 1377 Venetlls
1499 1327 1530 1375 a.
1543 1307 1643 1376 obn.

313 1411 390 1480 XL.
397 1405 459 1496 lt).
501 1410 576 1495 Quo
592 1413 721 1501 quidem
737 1417 885 1500 temporo
906 1413 1036 1481 scholia
1051 1417 1084 1480 in
1100 1413 1274 1498 Epistulas
1291 1412 1334 1480 ad
1347 1413 1543 1480 Familiares
1556 1431 1642 1480 con-

316 1519 482 1607 scripsit,
502 1518 621 1605 qulbus
647 1521 682 1586 et
703 1518 799 1586 locos
820 1517 1025 1587 difficiliores
1050 1505 1245 1606 explanavit
1265 1524 1301 1586 et
1323 1518 1580 1608 castigationum
1607 1516 1643 1582 ln

317 1622 432 1690 iisdem
451 1622 614 1690 factarum
635 1623 797 1689 rationem
817 1620 972 1691 reddidit.
1014 1623 1166 1710 ltellquis
1186 1627 1296 1690 autem
1317 1622 1412 1688 libris
1430 1619 1512 1686 nibil
1533 1621 1643 1688 inter·

317 1728 518 1813 pretationis
534 1725 697 1794 adtexuit.
740 1727 815 1796 lloc
830 1725 1028 1794 recensendi
1041 1728 1145 1795 libros
1159 1721 1398 1795 Ciceronianus
1412 1741 1547 1792 munere
1562 1743 1643 1810 per-

318 1831 454 1900 functus
469 1850 585 1898 rursus
603 1830 742 1898 ltomam
764 1829 1028 1920 indagandorum
1045 1835 1194 1898 ueterum
1210 1831 1366 1897 librorum
1381 1831 1492 1920 gratia
1508 1829 1644 1915 profici-

318 1939 432 2004 scitur.
473 1935 585 2002 llinltu
598 1935 810 2022 proiectione
831 1938 1086 2003 commentarios
1103 1937 1139 2000 ln
1156 1934 1329 2022 Epistulas
1350 1935 1393 2000 ad
1414 1935 1580 2016 Atticum,
1600 1931 1643 1999 ad

313 2036 359 2122 0.
388 2039 540 2107 Fratrem
572 2045 607 2107 et
636 2039 774 2106 Brutum
805 2039 1058 2108 conscribendis
1084 2045 1187 2126 atque
1220 2037 1447 2125 perpoliendls
1479 2039 1645 2122 intentus,

315 2142 536 2230 quadriennio
556 2145 825 2212 commentarium
853 2145 887 2209 ln
907 2143 1082 2229 Epistulas
1099 2143 1142 2210 ad
1166 2143 1315 2211 Atticum
1335 2143 1520 2210 absolutum
1541 2139 1644 2209 edidit

313 2265 349 2313 a.
372 2238 718 2328 M.D.XLV11.**].
760 2245 903 2316 circiter
928 2246 1170 2315 a.M.l).Llll.
1196 2247 1335 2314 Romam
1364 2266 1499 2332 rursus,
1522 2249 1558 2312 ut
1579 2263 1644 2312 ve-

172 2363 178 2374 ·
318 2354 411 2420 teres
443 2351 536 2418 libris
566 2351 763 2436 inspiceret,
800 2352 967 2440 migrauit.
1009 2353 1079 2418 lum
1105 2354 1244 2418 animum
1271 2353 1369 2419 etlam
1392 2349 1436 2417 ud
1458 2351 1645 2437 explanan-

321 2454 382 2522 dus
406 2452 578 2523 Ciceronis
599 2451 781 2522 Orationes
806 2459 974 2523 convertit
996 2461 1031 2523 et
1050 2460 1212 2544 tamquam
1236 2458 1349 2542 operis
1370 2457 1535 2542 universi,
1558 2452 1646 2541 quod

321 2560 423 2626 multo
438 2559 553 2627 labore
568 2558 802 2645 perficiendum
819 2563 907 2644 erat,
936 2562 1111 2651 imaginem
1127 2559 1365 2628 u.n1.1).1.v1.
1379 2560 1646 2628 commentarium

317 2664 356 2729 'in
373 2659 562 2730 Orationem
577 2683 638 2750 pro
658 2660 774 2731 Sestio
795 2662 908 2731 edidit.
932 2663 1217 2750 n.M.1).1.vli.‚
1240 2683 1334 2745 quem
1356 2666 1418 2731 lum
1441 2665 1567 2750 aliquot
1582 2663 1647 2730 ab·

318 2765 399 2834 hlnc
420 2769 518 2836 annis
539 2765 780 2854 adornaverat,
802 2769 1068 2835 commentarium
1089 2769 1123 2834 in
1141 2767 1315 2855 Epistulas
1333 2765 1378 2835 ad
1399 2767 1537 2835 Brutum
1554 2765 1647 2834 etad

323 2868 363 2953 0.
377 2870 528 2938 Fratrem
544 2873 698 2958 publicae
715 2873 781 2939 luci
797 2875 961 2958 exposuit.
994 2871 1040 2940 Et
1056 2891 1128 2940 cum
1143 2877 1305 2959 sequente
1320 2891 1409 2939 anno
1427 2871 1538 2938 Aldus
1552 2870 1646 2957 tilius,

321 2981 505 3063 praeeunte
525 2979 636 3062 patre,
658 2975 831 3061 Epistulas
850 2975 893 3043 ad
910 2975 1104 3044 Familiares
1121 2978 1237 3068 legere
1254 2979 1437 3065 inciperet,
1457 2981 1494 3041 ut
1511 2976 1646 3043 facilio-

320 3098 389 3147 rem
409 3099 520 3147 eurum
533 3079 788 3169 intelligentium
810 3080 856 3145 illl
878 3078 1051 3170 redderet,
1075 3101 1152 3163 cas,
1174 3081 1332 3150 brevibus
1351 3080 1488 3148 scholiis
1506 3080 1646 3169 margini

321 3183 459 3268 additis,
480 3184 631 3250 formulis
651 3185 722 3249 suis
744 3175 1049 3268 descripsitittl.
1091 3185 1149 3252 Ab
1170 3203 1210 3252 eo
1229 3183 1307 3252 inde
1326 3189 1475 3270 tempore
1491 3182 1533 3251 de
1556 3185 1647 3250 inte-

321 3283 394 3380 gris
412 3289 655 3357 commentariis
678 3290 711 3353 ln
733 3285 796 3352 luas
817 3287 991 3374 Epistulas
1014 3289 1227 3356 elaborandis
1247 3291 1335 3357 serlo
1358 3290 1510 3376 cogitare
1525 3287 1647 3373 coepit.

323 3392 425 3461 Cuius
448 3393 498 3458 rei
521 3392 647 3456 lnitlum
681 3392 761 3459 iecit
783 3411 814 3458 a.
829 3391 1029 3476 M.1i.1.x.,
1058 3413 1123 3480 quo
1146 3392 1190 3459 ad
1212 3390 1261 3459 M.
1274 3393 1455 3459 Antonium
1476 3392 1647 3459 Muretum

322 3496 395 3563 Lib.
408 3495 450 3563 V.
471 3495 580 3582 Epist.
597 3491 658 3562 19.
682 3497 730 3562 lta
746 3495 878 3562 scribit:
900 3493 979 3584 Epo
995 3516 1104 3587 statute,
1126 3496 1216 3585 quood
1236 3502 1417 3585 acceptum
1431 3497 1570 3564 dtutuae
1586 3496 1648 3562 be·

323 3603 491 3688 ntputtuti
505 3596 633 3690 refero,
657 3600 810 3692 quoadque
828 3598 892 3665 tibi
914 3601 998 3687 puto
1018 3599 1095 3687 fore
1118 3600 1421 3692 tucuudtsctmum‚
1448 3598 1647 3667 valetudiue

324 3709 405 3770 utor
418 3707 508 3771 suits
524 3704 720 3796 commoda,
744 3703 851 3770 oculis
874 3703 1011 3794 quidem
1026 3709 1181 3792 optimis,
1204 3703 1294 3794 quod
1314 3704 1446 3794 aliquot
1460 3708 1564 3772 uuuurts
1578 3719 1648 3770 aton

325 3811 480 3894 couttptt.
523 3803 664 3898 ltaque,
686 3826 764 3874 cuum
790 3809 899 3873 ultrum
923 3826 992 3874 nou
1015 3805 1146 3894 ferrem
1169 3797 1260 3890 (sets
1281 3813 1373 3875 metm
1394 3827 1449 3874 mc
1474 3811 1647 3899 patescere

325 3930 396 3978 uon
416 3899 559 4001 pocae),
593 3915 859 3978 commentarios
887 3915 924 3977 tn
950 3910 1102 4002 reliquus
1132 3905 1310 3981 &cerutus
1338 3910 1523 4001 Epistulas
1551 3913 1648 3998 coepi

326 4018 464 4103 temere5
486 4018 538 4106 et,
560 4018 601 4081 ut
619 4018 726 4082 trulttu
747 4019 846 4105 sunit,
867 4034 1010 4102 prorsus
1030 4015 1206 4084 trudumtrtu
1221 4035 1291 4084 uon
1309 4016 1443 4093 οἴχεται.
1487 4012 1647 4103 Adsolot,

325 4124 367 4187 ut
379 4115 464 4186 mut
479 4117 615 4206 pridem
628 4117 783 4209 matur,
804 4123 971 4185 mutorum
985 4124 1138 4214 purtem,
1161 4120 1198 4187 id
1212 4123 1282 4208 eut,
1304 4125 1376 4189 trec
1390 4123 1521 4210 primos
1543 4117 1648 4186 ltdros

398 4345 420 4415 ¹)
439 4347 497 4400 lloc
523 4346 633 4412 quidem
647 4359 730 4399 unuo
758 4345 828 4413 lipp.
856 4345 998 4402 familiares
1023 4353 1050 4402 et
1076 4348 1110 4402 ad
1137 4347 1256 4399 Amicum
1287 4351 1361 4410 cut,
1396 4348 1459 4401 item
1485 4345 1645 4407 orationes.

325 4434 455 4496 aequante
482 4430 579 4492 scripta
609 4426 785 4490 philosopha,
818 4427 897 4480 libros
925 4429 1071 4483 rhetoricos
1098 4429 1205 4483 domum
1232 4427 1449 4492 imbuti..
1486 4441 1541 4494 quo
1567 4428 1647 4483 curn

328 4517 416 4564 cerem
435 4512 523 4562 omnia
543 4507 675 4561 ciceronis
693 4510 791 4572 scripta
808 4511 925 4572 mocula.

398 4587 432 4656 “t
451 4589 511 4641 lloc
527 4601 617 4651 anuo,
644 4603 714 4652 non.
741 4593 772 4641 ut
790 4587 872 4640 tradit
888 4588 1050 4654 lilcbtcrur,
1075 4599 1224 4656 sequente,
1243 4603 1298 4656 quo
1317 4601 1407 4642 rursus
1426 4585 1500 4640 dudit
1517 4586 1646 4652 ltplrtolrr

329 4670 363 4724 ad
380 4668 497 4723 naucum
515 4675 586 4725 cut..
607 4670 705 4733 prodiit
722 4666 932 4722 Commentarius
950 4675 1078 4735 ropetitur
1094 4684 1120 4724 a.
1138 4671 1312 4729 bl.1t.1.lll.
1332 4677 1359 4723 et
1375 4668 1414 4723 ll.
1426 4667 1460 4720 ii.
1475 4666 1558 4720 avii.

399 4749 446 4819 m)
463 4753 543 4804 lirror
560 4749 604 4803 bic
621 4751 732 4813 cubum
758 4760 819 4800 uam
836 4762 861 4801 a·
879 4749 1064 4805 li.li.l.Vlll.
1083 4752 1155 4805 nulla
1179 4751 1277 4816 prodiit
1293 4750 1447 4805 Horatiana
1466 4747 1644 4811 Epistularum

330 4831 365 4885 ad
382 4831 455 4886 Fam.
474 4833 565 4886 editio.
602 4831 714 4884 Nurum
742 4829 857 4894 lntclllpc
883 4830 917 4881 de
935 4829 983 4882 trac
1001 4831 1146 4886 Editlouo:
1177 4831 1216 4886 ui.
1246 4831 1327 4883 Tullii
1353 4831 1483 4884 camonis
1509 4829 1646 4894 ltpiuoios

331 4911 487 4978 [mutuum.
523 4911 601 4964 Pouli
625 4911 745 4966 dlumutii
770 4909 956 4962 uduorottuum
978 4911 1160 4973 brevissimus,
1187 4913 1217 4963 tu
1238 4913 1362 4979 morpiuc
1379 4911 1550 4976 ademptus,
1580 4921 1647 4973 quus

250 4985 254 4992 ’
330 4993 510 5046 commentarit
528 4993 583 5045 tooo
602 5005 654 5046 aare
669 4993 786 5058 potatui.
806 4998 832 5043 ut
850 4992 885 5042 od
902 4991 1077 5056 eloquentium
1094 5001 1229 5059 arcentque
1244 4993 1375 5048 commiti
1390 4992 1502 5046 musa
1520 4990 1646 5057 sperone

331 5073 455 5130 Eiusdem
471 5073 588 5128 dluautti
603 5072 717 5129 sutoue
757 5071 888 5137 lautia,
906 5072 1006 5138 didus,
1023 5075 1063 5132 iil.
1077 5075 1112 5131 u.
1126 5073 1183 5128 LX.
1220 5073 1247 5127 Β.
