3656 5868
625 406 699 468 ΠΒ.
720 405 773 470 Vl.
815 405 874 468 ΕΡ.
896 405 947 468 20.
969 404 1021 468 21.
1042 405 1094 468 22.
1461 409 1522 472 105

195 571 302 627 tamen
322 569 409 625 recte
430 581 569 647 vereque
591 561 735 628 sensisse.
778 565 879 647 Atque
900 560 1019 627 utinam
1039 561 1131 628 liceat
1155 561 1323 649 aliquando
1345 563 1452 652 aliquo
1473 565 1522 632 rei

194 654 341 741 publicae
363 663 444 720 statu
465 675 523 720 nos
544 655 607 720 lrui
628 655 711 720 inter
731 676 852 742 nosque
869 654 1014 720 conferre
1035 654 1260 721 sollicitudines
1282 668 1420 733 nostras,
1444 681 1522 746 quas

194 749 383 834 pertulimus
404 757 486 823 tum,
509 769 580 814 oum
603 748 703 813 timidi
724 747 926 835 putabamur,
948 749 1023 835 qaia
1036 747 1216 814 dicebamus
1237 771 1275 814 ea
1296 749 1417 826 lutura,
1440 773 1521 838 quae
1552 771 1554 774 ·

193 841 277 907 lacta
299 853 381 908 sunt.
424 847 454 906 3.
476 848 522 907 De
544 842 605 907 tuis
627 841 722 907 rebus
745 842 820 907 nihil
842 864 926 918 esse,
954 843 1040 930 quod
1061 843 1184 919 timeas,
1206 853 1334 929 praeter
1355 844 1520 912 universae

195 935 409 1022 reipublicae
437 936 612 1010 interitum,
650 935 706 1001 tibi
727 935 894 1015 conlirm0;
928 935 966 1001 de
997 958 1046 1002 me
1068 946 1172 1002 autem
1194 937 1239 1002 sic
1259 937 1353 1003 velim
1375 938 1494 1005 iudices
1509 961 1545 1014 ,a

195 1039 347 1116 quantum
379 1051 438 1114 ego
465 1031 598 1117 possim,
635 1051 684 1094 me
711 1030 784 1103 tihi,
822 1030 914 1096 saluti
935 1039 1006 1098 tuac
1027 1029 1198 1117 liberisque
1220 1031 1281 1096 tuis
1303 1052 1427 1098 summo
1449 1054 1521 1099 cum

195 1124 302 1190 studio
323 1134 449 1210 praesto
471 1145 595 1211 semper
615 1124 765 1190 futurum.

649 1268 748 1329 rrn.
794 1267 843 1345 (A.
870 1269 902 1330 a
926 1269 957 1331 c.
980 1263 1065 1350 roa.)

683 1380 825 1443 arcano
852 1380 1034 1444 nomaso.

285 1505 314 1566 1.
335 1505 404 1565 Non
426 1521 462 1564 ea
483 1521 535 1564 res
557 1520 606 1563 mc
628 1498 795 1573 deterruit,
818 1521 882 1586 quo
904 1501 1025 1576 minus,
1047 1511 1251 1589 posteaquam
1272 1503 1304 1567 in
1326 1504 1445 1571 ltaliam
1466 1525 1558 1571 ve-ra

195 1597 287 1669 nisti,
321 1596 439 1660 litteras
467 1593 506 1657 ad
536 1603 564 1658 to
587 1593 758 1669 mitterem,
781 1592 867 1680 quod
888 1602 921 1658 tu
942 1594 981 1658 ad
1002 1615 1052 1660 me
1074 1596 1174 1661 nullas
1195 1597 1341 1672 miseras,
1371 1600 1427 1664 sed
1448 1601 1520 1688 quia

196 1713 255 1756 nec
277 1689 353 1776 quid
376 1688 431 1753 tibi
460 1688 628 1773 pollicerer
649 1688 716 1774 ipse
745 1708 840 1773 egens
861 1687 956 1752 rebus
979 1688 1132 1764 omnibus,
1156 1711 1213 1754 nec
1234 1691 1310 1778 quid
1332 1692 1518 1770 suaderem,

195 1806 268 1850 cum
292 1783 432 1848 mihimet
452 1783 512 1868 ipsi
535 1781 699 1847 consilium
721 1781 864 1856 deesset,
901 1803 959 1846 nec
980 1781 1055 1869 quid
1078 1784 1298 1850 consolationis
1319 1785 1466 1852 afferrem
1487 1793 1520 1853 in

197 1878 290 1944 tantis
312 1877 418 1950 malis,
451 1875 657 1961 reperiebam.
713 1880 799 1942 Haeo
826 1896 1013 1963 quamquam
1036 1875 1133 1941 nihilo
1159 1877 1292 1942 meliora
1312 1888 1402 1954 sunt,
1438 1901 1521 1945 nunc

196 1973 293 2036 etiam
321 1980 414 2056 atque
444 1971 537 2035 etiam
565 1971 664 2035 multo
686 1969 914 2056 desperatiora,
952 1980 1054 2036 tamen
1074 1970 1181 2035 inanes
1203 1991 1272 2035 esse
1293 1993 1378 2038 meas
1400 1973 1518 2038 litteras
1531 1990 1557 2031 ta

196 2088 292 2154 quam
314 2064 413 2129 nullas
436 2065 540 2129 malui.
583 2068 613 2128 2.
635 2067 722 2148 Ego,
745 2064 772 2127 si
794 2073 824 2127 te
845 2063 1051 2149 intelligerem
1073 2064 1143 2150 plus
1164 2073 1308 2129 conatum
1330 2087 1398 2130 csse
1419 2066 1517 2131 susci-

196 2182 275 2248 pere
311 2159 358 2224 rei
386 2155 527 2244 publicae
560 2178 651 2222 causa
685 2157 837 2231 muneris,
875 2178 968 2244 quam
998 2168 1147 2242 quantum
1168 2167 1327 2243 praestare
1348 2161 1518 2246 potuisses,

198 2265 321 2323 tamen.
359 2252 597 2339 quibuscunque
624 2251 719 2316 rebus
747 2271 888 2336 possem,
925 2250 1054 2316 adeam
1082 2251 1297 2316 condicionem
1320 2262 1350 2319 te
1372 2255 1517 2332 vivendi,

198 2369 279 2436 quae
301 2347 429 2412 daretur
450 2365 593 2432 quaeque
616 2353 712 2416 esset,
736 2343 890 2409 hortarer.
942 2343 1004 2409 Sed
1024 2365 1096 2409 oum
1118 2345 1239 2409 consilii
1262 2345 1307 2410 tui
1328 2345 1409 2412 bene
1430 2347 1518 2414 lorti-

198 2453 309 2528 terque
338 2439 473 2526 suscepti
495 2460 567 2505 eum
589 2437 644 2503 tihi
667 2437 759 2502 linem
781 2437 942 2513 statueris,
979 2459 1073 2524 quem
1102 2437 1168 2523 ipsa
1200 2438 1324 2504 lortuna
1352 2442 1556 2508 terminumn

198 2546 377 2601 nostrarum
400 2534 634 2598 contentionum
656 2554 724 2597 esse
750 2533 912 2610 voluisset;
950 2553 1008 2598 oro
1031 2531 1233 2618 obtestorque
1260 2540 1291 2597 te
1324 2551 1384 2620 pro
1411 2545 1520 2602 vetere

199 2639 306 2696 nostra
335 2627 553 2694 coniunctione
582 2648 618 2692 ac
651 2627 878 2692 necessitudine
899 2647 1021 2712 proque
1043 2647 1164 2690 summa
1185 2648 1254 2691 mea
1275 2627 1307 2691 in
1330 2637 1360 2692 te
1382 2626 1520 2694 benevo-

198 2724 292 2789 lentia
314 2731 346 2787 et
366 2731 418 2787 tua
440 2723 471 2786 in
493 2744 543 2788 me
564 2721 648 2808 pari,
671 2731 701 2786 te
723 2731 759 2786 ut
779 2720 887 2793 nobis,
909 2719 1045 2806 parenti,
1068 2720 1195 2806 coniugi
1217 2721 1339 2808 tuisque
1361 2721 1516 2796 omuibus,

199 2817 313 2904 quihus
335 2837 368 2880 es
389 2816 536 2904 fuistique
558 2836 684 2901 semper
711 2815 904 2888 carissimus,
941 2813 1061 2878 salvum
1097 2833 1279 2892 conserves;
1316 2815 1519 2881 incolumitati

201 2923 270 2977 tuae
290 2921 490 2996 tuorumque,
513 2909 567 2996 qui
588 2930 628 2974 ex
651 2919 680 2975 te
702 2908 847 2995 pendent,
869 2907 1029 2983 consulas;
1051 2928 1131 2994 quae
1154 2906 1288 2972 didicisti
1308 2929 1450 2995 quaeque
1479 2906 1557 2973 aba

200 3004 407 3070 adolescentia
429 3003 638 3090 pulcherrime
660 3024 678 3067 a
705 3001 940 3088 sapientissimis
962 3001 1038 3065 viris
1059 2999 1170 3064 tradlta
1192 3002 1345 3067 memoria
1367 3009 1398 3066 et
1419 3001 1519 3066 scien-

200 3099 242 3164 tia
263 3097 541 3184 comprehendisti,
564 3097 602 3161 iis
623 3096 684 3161 hoc
704 3107 846 3181 temporo
867 3105 972 3172 utare;
995 3113 1075 3181 quos
1093 3093 1275 3158 coniunctos
1289 3116 1410 3159 summa
1423 3092 1519 3159 bene-

199 3193 336 3259 volentia
361 3190 565 3277 plurimisque
587 3190 697 3255 officiis
719 3187 864 3261 amisisti,
901 3209 1013 3252 eorum
1040 3186 1248 3262 desiderium,
1282 3188 1310 3252 si
1331 3209 1394 3254 non
1415 3209 1517 3274 aequo

200 3287 319 3362 animo,
343 3294 373 3350 at
393 3284 469 3350 lorti
491 3284 582 3349 seras.
625 3288 656 3347 3.
678 3287 760 3368 Eg0,
784 3281 858 3369 quid
879 3285 1014 3367 possim,
1036 3281 1142 3346 nescio
1157 3281 1207 3345 vel
1221 3281 1325 3367 potius
1340 3303 1390 3347 me
1405 3303 1517 3368 parum

200 3401 293 3466 posse
314 3379 430 3456 sentio;
467 3378 544 3443 illud
566 3386 667 3441 tamen
690 3375 744 3440 tibi
768 3375 936 3462 polliceor,
959 3395 1025 3449 me,
1048 3395 1251 3461 quaecunque
1273 3374 1364 3439 saluti
1386 3374 1555 3459 dignita-sa

200 3479 287 3560 tique
316 3484 387 3538 tuae
419 3471 594 3537 conducere
623 3469 820 3544 arbitrabor,
857 3477 942 3534 tanto
970 3468 1073 3534 studio
1107 3489 1175 3534 esse
1201 3467 1371 3543 iacturum,
1401 3477 1516 3555 quanto

200 3589 326 3654 semper
347 3575 380 3632 tu
403 3576 434 3631 et
454 3565 557 3630 studio
579 3573 610 3628 et
631 3564 735 3629 officio
758 3563 789 3627 in
811 3563 889 3626 meis
910 3561 1006 3627 rebus
1028 3561 1122 3627 suisti.
1176 3565 1263 3626 Hauc
1284 3583 1385 3626 meam
1406 3561 1518 3626 volun-

200 3671 295 3727 tatem
317 3661 356 3726 ad
377 3669 505 3724 matrem
528 3667 630 3733 tuam,
661 3663 810 3744 optimam
831 3656 979 3750 seminam
1001 3656 1108 3741 tuique
1129 3656 1383 3729 amantissimam,
1410 3652 1516 3719 detuli.
1623 3643 1649 3742 l

201 3756 233 3820 Si
255 3755 332 3843 quid
352 3754 391 3820 ad
413 3775 462 3818 me
484 3752 662 3838 scripseris,
685 3752 729 3816 ita
749 3750 874 3823 faciam,
897 3759 932 3814 ut
954 3760 984 3814 te
1005 3749 1085 3814 velle
1106 3749 1300 3814 intellexero.
1344 3749 1397 3814 Sin
1413 3757 1516 3813 autem

200 3861 234 3916 tu
257 3849 360 3914 minus
382 3847 559 3934 scripseris,
582 3866 641 3931 ego
666 3854 769 3910 tamen
791 3844 912 3917 omnia,
942 3863 1022 3930 quae
1045 3841 1099 3907 tibi
1120 3843 1207 3908 utilia
1230 3863 1298 3908 esse
1320 3840 1555 3919 arbitrabor,aa

201 3965 324 4010 summo
346 3941 449 4007 studio
471 3941 698 4026 diligenterque
719 3937 846 4004 curabo.
889 3938 974 4004 Vale.

270 4126 298 4176 d.
318 4121 380 4187 esse]
399 4129 435 4175 est
453 4124 490 4175 hl.
517 4147 551 4162 ·-
587 4121 630 4172 13.
649 4123 717 4172 daras
735 4121 772 4172 hl.
799 4145 828 4157 -
867 4119 910 4170 tt.
929 4125 989 4169 suat
1005 4133 1090 4180 nanc,
1121 4127 1198 4183 atque
1215 4121 1293 4170 etlam
1310 4121 1392 4170 multo
1411 4120 1516 4170 Lambi-

202 4210 253 4247 nus
272 4198 299 4246 in
318 4209 374 4256 mg.
393 4195 486 4258 Repet.
518 4218 540 4227 -
583 4193 625 4242 17.
642 4193 769 4255 potatam
786 4190 935 4254 Mapoura
954 4189 985 4240 E.
1009 4211 1043 4226 -
1080 4190 1122 4242 19.
1143 4191 1235 4254 quique
1253 4190 1291 4241 tt.
1311 4216 1339 4227 -
1377 4191 1421 4242 25.
1440 4193 1516 4255 qua'e

200 4266 419 4352 ΜΕ·
455 4262 611 4314 athad
