3666 5874
1447 459 1482 510 ai

160 602 313 690 assequi,
341 604 414 671 sine
436 604 635 691 exemplaris
655 605 794 675 alicuius
815 603 1065 692 emendatioris,
1094 603 1133 672 ut
1155 604 1293 694 quisque
1315 607 1482 694 opinaba-

160 711 231 794 tur,
252 707 438 796 praesidio,
458 710 547 774 inter
567 729 651 796 quos
672 713 707 776 et
726 707 886 777 Andreae
907 708 1095 800 Naugerio,
1117 711 1257 795 patricio
1278 710 1426 794 Veneto,
1448 715 1483 780 et

159 808 263 877 Petro
287 813 452 893 victorio,
483 811 604 880 bomini
628 813 660 879 in
683 813 746 882 hoc
778 831 904 904 genere
932 814 1117 880 litterarum
1147 833 1216 881 non
1243 816 1483 902 inexercitato,

159 911 248 980 baud
277 919 445 1001 postrema
472 917 545 983 laus
572 914 728 1004 debetur,
758 919 887 984 etiamsi
914 915 1031 985 borum
1057 916 1210 986 foeturae
1230 919 1355 986 fuerint
1383 922 1483 1006 post-

157 1037 284 1086 remae:
321 1021 460 1088 consilio
487 1017 660 1088 doctorum
691 1024 726 1087 et
753 1020 961 1108 prudentium
993 1022 1140 1089 uirorum
1173 1023 1208 1088 in
1239 1021 1304 1092 boc
1337 1025 1405 1106 usi,
1439 1022 1484 1090 ab

156 1121 327 1188 Ioaobimo
356 1119 546 1192 camerario
574 1128 691 1191 vetere
722 1123 968 1193 necessitudine
1000 1126 1098 1192 nobis
1128 1127 1259 1200 iuncto,
1293 1126 1348 1214 qui
1378 1143 1485 1212 supe·

156 1225 265 1294 riores
294 1225 458 1295 editiones
485 1231 700 1314 componeret
729 1247 802 1296 cum
831 1229 967 1320 italica,
1003 1228 1163 1321 Naugerii
1193 1233 1229 1296 et
1254 1229 1396 1298 Victorii
1420 1247 1485 1297 au-

155 1330 272 1415 spiciis
300 1333 435 1421 emissa,
469 1351 536 1398 non
564 1330 737 1398 admodum
765 1327 943 1401 diiriculter
973 1333 1230 1419 impetravimus
1272 1335 1349 1402 Hoc
1381 1336 1486 1425 igitur

154 1435 368 1526 praestitum,
404 1433 466 1503 sed
492 1437 541 1503 ita
567 1437 743 1528 religiose,
779 1437 817 1502 ut
855 1454 1051 1527 expungere
1079 1438 1246 1526 quippiam
1276 1442 1335 1505 aut
1363 1439 1485 1505 ieviter

153 1537 344 1624 immutare,
377 1538 496 1606 nedum
523 1543 679 1625 receptas
708 1537 909 1608 doctissimis
931 1539 1116 1608 hominibus
1137 1542 1301 1612 lectiones
1323 1544 1357 1608 in
1378 1545 1486 1610 totum

152 1642 312 1726 reiicere,
333 1642 431 1709 nefus
452 1661 527 1710 esse
549 1643 749 1710 duxerimus.
792 1643 911 1731 ltaque
933 1663 1041 1733 neque
1062 1648 1170 1713 veteri
1192 1650 1331 1714 nostrae
1346 1645 1485 1714 editioni

152 1743 219 1813 bac
242 1747 362 1834 ubique
384 1747 608 1833 conformata,
630 1750 765 1833 penitus
787 1748 985 1815 insistimus:
1006 1751 1237 1837 nequeuliam
1259 1751 1356 1817 aliam
1379 1749 1485 1816 solam

152 1850 188 1914 in
212 1852 363 1918 omnibus
390 1850 633 1937 amplectimur:
669 1870 742 1919 cum
769 1853 804 1918 et
826 1871 888 1918 nos
908 1855 1143 1940 manuscriptis
1165 1853 1411 1941 exemplaribus
1431 1855 1484 1919 usi

151 1954 271 2042 simus,
303 1957 338 2020 et
359 1955 444 2021 alios
458 1960 613 2024 nostram
635 1953 813 2023 editionem
835 1976 904 2023 non
924 1958 1140 2044 perspexisse
1162 1957 1270 2025 cuivis
1292 1956 1485 2026 conterenti

150 2055 278 2142 liquido
299 2060 383 2124 satis
404 2060 604 2127 innoteseat.
648 2059 722 2144 Qua
742 2062 875 2127 ratione
891 2058 1018 2129 inducti
1033 2059 1187 2128 diversas
1199 2061 1364 2130 lectiones
1379 2061 1484 2127 totius

150 2158 292 2229 huiusce
314 2163 425 2248 operis
448 2162 563 2231 ordine
585 2168 678 2232 certo
700 2182 741 2232 ac
762 2166 909 2231 numeris
930 2183 1003 2232 oum
1024 2166 1222 2256 paginarum
1242 2168 1310 2232 tum
1326 2183 1484 2232 versuum

150 2263 345 2354 distinctas,
376 2269 515 2334 seorsim
544 2269 788 2356 expressimus,
820 2272 857 2334 ut
884 2268 989 2337 sicubi
1011 2270 1100 2335 inter
1121 2267 1299 2359 legendum
1321 2268 1483 2356 haereas,

148 2367 229 2436 iude
249 2373 387 2455 repetas
408 2373 475 2438 tuis
497 2373 632 2439 auribus
653 2373 827 2439 sonantius
842 2374 1009 2460 mentique
1023 2373 1286 2464 significantius,
1307 2375 1337 2440 si
1353 2371 1484 2461 quidem

148 2475 246 2541 varie
266 2475 362 2542 locus
382 2476 448 2542 iste
469 2480 695 2544 recenseatur.
737 2477 778 2543 in
801 2474 1016 2564 epistolisud
1029 2476 1179 2546 Atticum
1196 2477 1349 2564 quonium
1364 2495 1483 2544 exem-

38 2619 43 2630 ·
148 2578 258 2662 pluria
279 2578 356 2664 pius
377 2597 474 2666 quam
495 2581 573 2647 olibi
591 2579 816 2669 dissidebant,
836 2583 940 2648 maior
954 2580 1052 2648 etium
1068 2580 1217 2650 adhibita
1231 2599 1327 2666 cura,
1350 2583 1387 2647 ut
1401 2579 1484 2647 nibil

149 2683 298 2767 omnino,
321 2681 409 2769 quod
422 2702 560 2771 usquam
576 2685 632 2750 vel
651 2687 684 2748 in
706 2681 905 2750 Bernardini
928 2685 984 2752 vei
1005 2684 1147 2754 Victorii
1167 2683 1283 2753 codice
1297 2686 1482 2776 legeretur,

149 2788 393 2875 omitteremus,
418 2792 455 2853 ut
476 2786 704 2855 victorianum
725 2792 783 2854 aut
804 2786 1045 2856 Bernardinam
1067 2789 1262 2870 lectionem,
1294 2790 1325 2854 si
1347 2787 1481 2876 quando

147 2908 168 2954 a
191 2893 309 2956 nostra
331 2890 504 2983 dissentit,
526 2894 661 2958 nostrae
683 2892 850 2982 integrum
872 2894 933 2984 sit,
954 2895 985 2959 si
1005 2895 1113 2984 magis
1134 2894 1283 2978 placeat,
1306 2894 1481 2982 cregione

147 2991 352 3062 adscribere.
395 2995 490 3062 Bene
506 2997 593 3063 vale.
635 2994 757 3062 ilatum
772 2995 927 3063 Basileus
941 2995 1107 3064 Kalendis
1121 2995 1267 3064 Martiis.
1280 2994 1477 3063 Maxu.»

233 3099 397 3190 ilervagii
419 3101 547 3168 scilicet
568 3101 674 3167 verba
688 3119 759 3167 eum
774 3101 1085 3185 interpretationem
1099 3100 1294 3189 admittunt,
1316 3105 1353 3165 ut
1368 3101 1480 3186 signi.

146 3201 248 3269 dcent
270 3221 432 3270 unacum
452 3203 594 3272 Victorii
615 3200 750 3272 Codicis
777 3204 979 3271 lectionibus
1006 3203 1158 3272 exhiberi
1180 3206 1279 3270 eliam
1300 3203 1385 3270 alias
1408 3201 1479 3272 Co·

146 3305 232 3374 dicis
253 3309 368 3374 nescio
390 3309 484 3376 cuius
505 3307 706 3375 Bernardini
712 3327 723 3394 3
756 3306 844 3375 unde
866 3308 977 3399 magni
999 3325 1082 3374 sane
1102 3309 1283 3391 intererat,
1313 3310 1352 3371 ut
1372 3325 1478 3376 accu-

145 3412 254 3477 ratius
274 3412 537 3499 examinaretur,
568 3415 678 3480 ntrum
706 3412 870 3480 reconditi
893 3409 1017 3498 aliquid
1040 3415 1075 3478 et
1096 3412 1139 3478 ab
1162 3409 1346 3478 editoribus
1367 3409 1477 3480 adhuc

145 3516 295 3606 neglecti
315 3516 351 3582 in
371 3516 430 3582 iilo
450 3515 623 3598 συναγωγῇ
643 3516 723 3584 Var.
741 3518 849 3585 Lecti.
864 3517 1083 3604 Hervagiana
1105 3515 1227 3582 lateret
1242 3531 1359 3583 necne.
1400 3511 1475 3597 Quo

146 3620 298 3686 examine
320 3621 489 3706 instituto,
511 3621 545 3687 id
566 3624 721 3707 repperi,
742 3619 784 3689 de
806 3640 870 3708 quo
888 3606 994 3687 bacile
1016 3637 1145 3703 omnes,
1169 3620 1223 3706 qui
1246 3622 1281 3686 et
1302 3618 1476 3686 Victoria-

144 3741 220 3790 nam
235 3729 271 3791 et
283 3724 532 3815 liervagiunam
549 3727 727 3813 inspicient
740 3723 935 3813 editionem,
956 3725 1071 3810 ipsise
1085 3726 1289 3792 convincere
1304 3725 1474 3812 poterunt,

143 3828 305 3897 videlicet
326 3848 465 3916 prorsus
485 3830 567 3898 nibil
589 3828 630 3896 es
651 3831 815 3898 contineri
838 3830 900 3895 nisi
924 3827 1154 3896 diversitatem
1175 3826 1331 3894 editionis
1351 3825 1476 3896 Victo-

143 3934 260 4002 rianae
282 3936 407 4022 primae
421 3954 442 4003 a
457 3938 619 4005 contextu
632 3933 885 4019 Camerarian03
904 3931 1047 4020 ideoque
1063 3933 1187 4000 nullum
1202 3951 1278 4000 asae
1294 3933 1366 3998 eius
1380 3949 1475 3998 usum

143 4040 296 4107 criticum
318 4043 376 4106 aut
397 4043 566 4129 propriam
587 4041 829 4109 auctoritatem.
869 4035 984 4104 Verba
1004 4038 1110 4128 igitur
1130 4036 1295 4126 llorvugii
1316 4036 1366 4102 sic
1379 4036 1474 4104 acei-

143 4141 282 4230 pienda:
306 4143 541 4212 «Berraordtut
562 4146 635 4212 sive
663 4143 809 4212 Victorii
831 4142 962 4226 codice,
983 4139 1086 4208 idest
1101 4139 1266 4226 odilione3
1295 4136 1474 4206 Victoria-

142 4265 228 4316 arnn
242 4249 315 4315 sive
330 4240 421 4331 [non
436 4241 523 4334 aaut]
537 4247 799 4316 Bemmrdinum
816 4246 1009 4313 tectionem.
1052 4240 1125 4314 Sed
1148 4247 1313 4332 quisnam,
1335 4260 1474 4330 quaeso,

140 4347 389 4421 Benrordiuua
404 4349 497 4421 iste?
517 4353 658 4422 Amicus
674 4351 848 4443 cogitabat
863 4349 905 4418 de
927 4349 1066 4438 ignobili
1088 4348 1145 4414 iilo
1168 4347 1409 4434 Grammatico,
1431 4345 1474 4413 de

144 4474 208 4536 auo
238 4455 323 4523 bace
349 4455 521 4525 Victorius
548 4460 583 4525 in
611 4456 821 4524 dedicatione
850 4454 938 4541 bipp.
956 4452 999 4520 ad
1020 4452 1112 4520 Fam.
1135 4453 1235 4519 missa
1256 4451 1299 4519 ad
1321 4449 1476 4518 Barthol.

143 4551 382 4628 Carsicantem
402 4561 468 4629 Ed.
486 4561 628 4650 Neapol.
651 4559 740 4648 Epp.
761 4559 838 4626 Vol.
852 4557 888 4625 4.
910 4577 943 4644 p.
958 4555 1063 4625 428.:
1102 4555 1154 4622 «Α
1176 4559 1281 4643 primo
1303 4574 1347 4622 ex
1370 4572 1473 4622 occa-

143 4659 239 4726 sione
254 4663 391 4746 quadam
407 4665 467 4734 tibi
483 4671 564 4732 noia
582 4667 680 4751 coepi
701 4681 826 4731 summo
848 4661 958 4728 studio
981 4659 1069 4747 Epp.
1090 4658 1134 4727 ad
1155 4659 1306 4729 Atticum
1327 4660 1474 4745 scriptus

143 4761 186 4828 ad
208 4781 313 4831 meum
336 4771 370 4833 et
391 4771 568 4837 amicorum
591 4787 683 4835 usum
707 4764 835 4834 mendis
856 4783 1014 4854 purgare.
1056 4760 1138 4832 cum
1166 4765 1252 4830 enim
1281 4760 1368 4828 domi
1393 4765 1472 4828 tuac

143 4869 312 4955 arationum
339 4871 422 4938 illud
453 4875 497 4942 ab
529 4872 664 4963 Angeio
693 4869 861 4939 Politiano
894 4868 1063 4936 laudatum
1095 4866 1225 4934 iliarum
1257 4866 1472 4954 epistolarum

129 4971 316 5057 *exemplar
336 4975 493 5045 vidissem
516 4968 627 5065 (quod
651 4973 816 5062 disparem
839 4975 962 5040 sortem
986 4973 1028 5041 ab
1049 4991 1108 5058 ea,
1130 4988 1225 5058 quam
1242 4970 1302 5037 ille
1317 4970 1348 5036 ci
1362 4969 1472 5036 tribu-

141 5078 210 5144 tam
231 5073 332 5163 dicit,
351 5077 473 5170 multop
492 5099 575 5150 sane
591 5099 698 5148 annos
713 5081 887 5166 expertum
902 5078 1029 5146 iuerat:
1051 5076 1224 5162 eripueras
1239 5073 1325 5144 anim
1339 5075 1376 5142 tu
1389 5069 1473 5141 iilud
