3662 5908
329 415 390 476 aaa
761 410 1035 475 enrsronluuu
1056 414 1109 474 nn
1132 414 1222 498 rau.

328 579 450 658 tempus
483 569 552 636 eius
577 568 694 644 tridui,
727 569 812 657 quod
836 569 867 633 in
894 568 934 632 iis
964 568 1071 634 castris
1104 569 1270 644 morabar,
1306 570 1339 635 in
1360 590 1474 656 magno
1496 572 1602 639 officio
1624 582 1656 637 et

327 665 506 730 necessario
528 662 605 729 mihi
627 663 806 748 ponendum
829 662 946 748 putavi.
989 667 1020 731 1.
1042 669 1118 730 Cum
1142 663 1224 727 enim
1241 675 1343 730 vestra
1365 666 1535 731 auctoritas
1556 667 1656 732 inter-

326 759 485 833 cessisset,
507 767 542 823 ut
563 777 623 842 ego
644 777 752 842 regem
780 755 1021 822 Ariobarzanem
1043 756 1188 821 Eusehen
1210 767 1241 822 et
1255 757 1529 825 Philorhomaeum
1545 769 1654 826 tuerer

328 853 458 939 eiusque
472 851 557 936 regis
571 843 718 923 satuens,
740 850 985 916 incolumitatem
1003 871 1199 937 regnumque
1215 851 1432 924 defenderem,
1454 853 1522 938 regi
1537 874 1653 938 regno-

304 967 389 1032 squa
410 945 567 1032 praesidio
590 966 707 1022 essem;
729 945 1013 1032 adiunxissetisque
1029 945 1162 1010 salutem
1182 945 1249 1012 eius
1269 946 1353 1031 regis
1374 947 1493 1033 populo
1515 947 1653 1014 senatui-

327 1061 389 1126 que
411 1059 540 1124 magnae
561 1059 656 1104 curae
687 1059 775 1114 esse,
812 1038 898 1127 quod
920 1039 1007 1104 nullo
1029 1060 1166 1124 unquam
1188 1038 1228 1103 de
1249 1061 1325 1125 rege
1347 1039 1507 1106 decretum
1529 1051 1611 1106 esset
1633 1065 1652 1106 a

327 1142 436 1198 nostro
458 1131 586 1198 ordine:
607 1133 784 1198 existimavi
805 1155 856 1198 me
877 1133 1030 1199 iudicium
1051 1143 1190 1198 vestrano
1212 1133 1251 1198 ad
1266 1155 1375 1220 regem
1389 1133 1513 1199 delerre
1533 1134 1651 1200 debere

327 1230 420 1312 eique
431 1226 621 1313 praesidium
633 1248 738 1293 meum
750 1238 781 1292 et
791 1227 884 1292 tidem
895 1236 927 1293 et
941 1227 1132 1312 diligentiam
1147 1227 1307 1313 polliceri,
1329 1239 1380 1303 ul,
1389 1227 1552 1316 (quoniam
1565 1229 1651 1295 salus

164 1339 232 1410 sps
325 1321 440 1406 ipsius,
476 1320 672 1386 incolumitas
703 1322 793 1407 regni
825 1321 901 1388 mihi
924 1320 1243 1410 commendatastesset
1263 1343 1281 1386 a
1303 1321 1414 1428 vobis)
1450 1324 1588 1398 diceret,
1621 1325 1650 1389 si

149 1408 164 1439 ⁸¹
177 1420 203 1442 '”
290 1414 405 1501 mquid
435 1413 537 1480 vellet.
593 1419 623 1479 5.
655 1417 742 1492 Quae
770 1437 841 1481 cum
877 1437 979 1482 essem
1005 1416 1037 1480 iu
1066 1407 1196 1480 consilio
1224 1435 1297 1480 meo
1319 1437 1391 1481 cum
1411 1438 1487 1502 rege
1509 1420 1649 1494 locutus,

325 1507 415 1574 initio
436 1508 488 1574 ille
510 1507 661 1573 orationis
683 1530 757 1574 suae
780 1508 869 1574 vohis
888 1510 1058 1582 maximas,
1094 1520 1130 1574 ut
1163 1508 1286 1586 debuit,
1322 1509 1435 1576 deiude
1457 1513 1550 1579 etiam
1570 1514 1650 1580 mihi

325 1601 440 1686 gratias
462 1602 541 1686 egit,
564 1601 649 1688 quod
672 1602 702 1666 ei
722 1623 926 1688 permagnum
949 1613 980 1669 et
1023 1603 1267 1670 erbonorilieum
1289 1604 1469 1680 videbatur,
1499 1611 1530 1672 S.
1553 1612 1585 1673 P.
1608 1611 1649 1686 Q.

325 1701 361 1761 R.
383 1704 486 1761 tantae
508 1716 602 1760 curae
624 1716 693 1761 esse
724 1697 856 1762 salutem
878 1717 965 1763 suam
981 1625 1107 1786 §eque
1129 1705 1243 1763 tantam
1265 1696 1455 1783 diligentiam
1478 1700 1647 1776 adhibere,

126 1855 147 1885 κ
161 1787 205 1876 {a
297 1769 359 1882 (ut
375 1799 407 1854 et
423 1810 492 1854 mea
511 1787 588 1855 fides
604 1798 635 1854 et
648 1789 926 1856 commendationis
940 1800 1044 1856 vestra
1058 1791 1226 1856 auctoritas
1241 1791 1376 1877 perspici
1390 1781 1503 1894 poss-pb
1546 1800 1649 1883 Atque

288 1882 375 1956 seille
402 1883 525 1968 primo,
559 1883 645 1969 quod
675 1883 753 1948 mihi
780 1885 936 1950 maximae
958 1885 1092 1951 laetitiae
1115 1883 1188 1958 luit,
1220 1884 1262 1949 ita
1287 1905 1409 1950 mecum
1432 1887 1554 1953 locutus
1583 1898 1647 1963 est,

324 1985 359 2042 ut
380 1977 479 2042 nullas
500 1977 628 2043 insidias
651 1999 752 2064 neque
778 1979 859 2044 vitae
885 2001 960 2045 suae
982 2000 1085 2066 neque
1109 1999 1209 2064 regno
1240 1978 1358 2044 diceret
1390 2001 1424 2044 se
1454 1990 1507 2046 aut
1535 1981 1647 2049 intelli·

324 2092 398 2157 gere
425 2071 496 2136 fieri
518 2071 684 2137 autetiam
709 2072 870 2158 suspicari.
920 2077 997 2139 Cum
1018 2093 1078 2158 ego
1105 2072 1136 2137 ei
1157 2072 1328 2156 gratulatus
1355 2094 1456 2138 essem
1481 2074 1575 2162 idque
1596 2098 1647 2143 me

325 2164 463 2250 gaudere
486 2166 645 2242 dixissem,
665 2165 861 2240 cohortatus,
885 2176 919 2232 ut
940 2166 1165 2232 recordaretur
1184 2185 1289 2230 casum
1311 2166 1399 2232 illum
1423 2168 1567 2235 interitus
1592 2191 1647 2257 pa-

324 2259 405 2324 terni
426 2268 457 2324 et
479 2260 645 2344 vigilanter
670 2281 703 2325 se
727 2269 869 2326 tueretur
891 2273 983 2346 atque
1007 2260 1169 2325 admonitu
1197 2268 1321 2325 senatus
1348 2262 1525 2327 consuleret
1553 2264 1646 2330 saluti

182 2343 196 2405 ν’
285 2373 411 2439 eosuae,
444 2363 510 2418 tum
538 2376 556 2418 a
588 2375 639 2419 me
660 2353 803 2420 discessit
830 2355 862 2420 in
884 2355 1034 2444 oppidum
1065 2353 1216 2442 Cybistra.
1258 2360 1288 2419 6.
1318 2359 1448 2420 Postero
1469 2365 1572 2421 autem
1594 2357 1645 2422 die

177 2430 191 2454 *²
295 2465 394 2511 ·cum
416 2446 595 2522 Ariarathe,
633 2448 729 2513 fratre
760 2468 838 2523 suo,
875 2459 906 2512 et
934 2470 1005 2514 cum
1027 2449 1165 2534 paternis
1186 2447 1293 2514 amieis
1317 2449 1489 2514 maioribus
1510 2458 1584 2514 natu
1605 2451 1645 2515 ad

323 2559 374 2602 me
395 2543 427 2604 in
450 2549 551 2604 castra
569 2530 682 2615 venis,
705 2540 968 2629 perturbatusque
990 2551 1021 2608 et
1043 2541 1139 2616 llens,
1162 2562 1232 2607 cum
1255 2541 1338 2606 idem
1360 2553 1390 2606 et
1411 2542 1508 2608 irater
1529 2542 1645 2608 laceret

322 2642 353 2696 et
373 2632 482 2708 amici,
504 2654 605 2698 meam
619 2633 728 2708 iidem,
751 2643 886 2699 vestram
907 2635 1209 2700 commendationem
1227 2635 1396 2720 implorare
1411 2641 1523 2722 eoepit.
1568 2641 1644 2703 Cum

322 2725 511 2802 admirarer,
545 2727 620 2813 quid
648 2728 809 2793 accidisset
831 2729 926 2804 novi,
958 2728 1038 2795 dixit
1059 2729 1098 2794 ad
1120 2750 1153 2794 se
1172 2728 1285 2794 indicia
1313 2728 1545 2795 manifestarum
1571 2731 1645 2796 insi-

283 2847 311 2886 es
322 2820 445 2885 diarum
476 2843 545 2886 esse
572 2822 688 2896 delata,
722 2844 803 2908 quae
825 2833 927 2889 essent
948 2832 1018 2888 ante
1040 2823 1206 2889 adventum
1228 2844 1334 2888 meum
1356 2823 1524 2896 occultata,
1559 2824 1644 2910 quod

322 2915 360 2988 ii,
393 2914 447 3000 qui
475 2935 512 2980 ea
543 2916 718 3001 patefacere
744 2928 891 3001 possent,
925 2927 1055 3004 propter
1084 2925 1201 2982 metum
1229 2917 1444 2994 retieuisseut;
1479 2937 1518 2982 eo
1539 2927 1644 2983 autem

323 3021 464 3094 tempore
486 3031 542 3096 spe
568 3010 631 3074 mei
659 3010 807 3096 praesidii
833 3013 1010 3098 complures
1036 3032 1093 3086 ea,
1116 3031 1197 3097 quae
1217 3010 1351 3084 seirent,
1374 3009 1522 3076 audacter
1549 3010 1644 3076 adse

321 3101 484 3182 detulisse3
512 3103 545 3167 in
577 3103 616 3168 iis
644 3104 888 3170 amantissimum
918 3107 981 3182 sui,
1019 3125 1139 3170 summa
1163 3105 1278 3189 pietate
1306 3103 1481 3189 praeditum
1514 3103 1643 3169 fratrem

321 3195 426 3261 dicere
455 3218 511 3272 ea,
549 3218 630 3283 quae
655 3218 705 3262 me
735 3198 762 3263 is
793 3220 920 3285 quoque
942 3199 1087 3266 audiente
1110 3195 1246 3271 dicebat,
1283 3217 1317 3260 se
1339 3197 1536 3262 sollicitatum
1557 3219 1642 3273 esse,

283 3299 356 3355 aaut
377 3311 511 3375 regnare
536 3291 646 3368 vallet:
682 3289 715 3356 id
737 3292 810 3358 vivo
832 3293 928 3358 iratre
956 3315 1013 3359 suo
1043 3292 1185 3377 accipere
1207 3311 1270 3356 non
1298 3291 1450 3376 potuisse;
1483 3312 1517 3356 se
1540 3302 1643 3358 tamen

320 3393 391 3447 ante
411 3383 488 3450 illud
513 3393 636 3470 tempus
658 3406 726 3450 eam
748 3407 816 3451 rem
839 3409 996 3473 uunquam
1018 3392 1051 3452 in
1072 3385 1209 3452 medium
1224 3393 1355 3470 propter
1375 3384 1506 3470 periculi
1525 3396 1643 3450 metum

319 3477 498 3562 protulisse.
543 3481 631 3556 Quae
661 3499 732 3544 cum
761 3489 845 3545 esset
865 3481 1003 3555 loeutus,
1026 3479 1135 3546 monui
1157 3500 1280 3564 regem,
1309 3489 1344 3544 ut
1365 3499 1489 3543 omnem
1512 3478 1643 3562 diligen-

320 3569 393 3636 tiam
426 3570 465 3636 ad
495 3593 528 3636 se
557 3572 806 3638 conservandum
838 3573 1017 3648 adhiberet,
1054 3574 1234 3660 amicosque
1260 3572 1358 3659 patris
1387 3571 1455 3637 eius
1476 3583 1569 3658 atque
1591 3572 1642 3636 avi

319 3662 435 3728 iudicio
457 3663 607 3750 probatos
629 3666 771 3732 hortatus
803 3689 891 3741 sum,
921 3669 1006 3752 regis
1033 3667 1081 3733 sui
1109 3668 1203 3732 vitam
1231 3666 1315 3733 docti
1345 3687 1418 3732 casu
1439 3667 1642 3733 acerbissimo

279 3757 416 3844 epatris
438 3759 505 3824 eius
527 3760 613 3825 omni
635 3781 709 3826 cura
731 3760 933 3847 custodiaque
955 3760 1167 3826 defenderent.
1210 3765 1241 3826 7.
1264 3765 1342 3826 Cum
1362 3780 1421 3824 rex
1442 3781 1459 3824 a
1483 3782 1532 3825 me
1554 3761 1643 3847 equi-

319 3860 416 3916 tatum
444 3852 652 3940 cohortesque
677 3854 717 3919 de
743 3854 884 3919 exercitu
904 3875 976 3920 meo
997 3856 1186 3940 postularet,
1224 3854 1282 3918 etsi
1304 3851 1513 3938 intelligebam
1535 3864 1641 3920 vestro

319 3954 444 4012 senatus
465 3947 608 4014 consulto
629 3969 692 4013 nou
714 3947 809 4013 modo
830 3969 922 4034 posse
944 3969 995 4013 me
1018 3949 1049 4014 id
1071 3948 1175 4013 lacere
1193 3947 1248 4012 sed
1263 3948 1358 4013 etiam
1372 3947 1504 4020 dehere,
1527 3957 1640 4022 umen,

318 4060 389 4105 cum
422 4062 474 4106 res
505 4041 629 4128 publica
663 4042 834 4126 postularet
865 4051 996 4128 propter
1026 4043 1224 4129 quotidianos
1255 4061 1295 4106 ex
1318 4041 1406 4128 Syria
1428 4041 1573 4113 nuutios,
1607 4051 1641 4106 ut

319 4153 414 4220 quam
435 4135 573 4220 primum
594 4136 767 4200 exercitum
789 4136 827 4200 ad
851 4123 975 4202 Ciliciae
998 4135 1073 4202 lines
1095 4135 1299 4207 adducerem,
1328 4154 1462 4220 cumque
1483 4135 1560 4199 mihi
1581 4155 1640 4199 rex

281 4226 479 4312 opatelaetis
511 4227 574 4293 iam
601 4229 721 4294 insidiis
755 4250 817 4297 non
851 4249 946 4314 egere
969 4231 1111 4296 exercitu
1132 4230 1241 4317 populi
1263 4229 1393 4294 Romani
1416 4227 1471 4293 sed
1492 4248 1585 4313 posse
1606 4248 1640 4292 se

320 4319 385 4385 suis
406 4320 519 4408 opibus
548 4320 716 4389 defendere
738 4322 918 4398 videretur,
954 4323 1041 4389 illum
1064 4325 1246 4390 cohortatus
1267 4345 1353 4396 sum,
1390 4330 1426 4388 ut
1446 4321 1478 4386 in
1500 4343 1555 4386 sua
1579 4322 1640 4386 vita

320 4415 533 4481 conservanda
562 4421 698 4501 primum
724 4437 857 4501 regnare
886 4417 1036 4496 becaren
1072 4418 1226 4505 aquibus
1253 4416 1464 4502 perspexisset
1485 4413 1544 4479 sibi
1566 4414 1641 4480 insi-

391 4646 417 4694 1.
435 4645 470 4694 ite
487 4645 526 4694 B:
544 4645 584 4693 hle
601 4643 660 4694 ΜΕ.
690 4667 722 4680 -
758 4645 784 4695 3.
803 4645 925 4696 Eusebem
941 4643 988 4701 Μ,
1021 4647 1115 4696 Eusebe
1138 4645 1294 4696 Lambinus.
1315 4645 1416 4695 Graece
1435 4645 1502 4694 haec
1522 4645 1640 4694 scriben-

324 4715 368 4764 de.
387 4714 438 4765 Οιι.
466 4739 501 4748 -
536 4713 562 4763 3.
589 4715 712 4776 quonium
730 4715 776 4764 hl:
803 4729 882 4778 qaum
900 4715 930 4766 li..
961 4741 995 4750 -
1031 4717 1074 4767 15.
1093 4717 1140 4766 tllo
1158 4717 1194 4767 Μ.
1226 4741 1258 4750 -
1296 4715 1339 4766 18.
1371 4716 1535 4765 dteiesemet
1554 4722 1640 4764 tomen

323 4784 507 4834 adolescentem
531 4797 609 4834 eeeem
635 4784 785 4834 cohortetur
811 4784 895 4835 Codd.
921 4785 1097 4848 Erfurteusis‚
1118 4787 1201 4836 Pelet.
1222 4792 1327 4845 sextus,
1354 4786 1418 4846 alli,
1445 4799 1475 4835 er
1496 4784 1640 4847 interpole-

325 4856 407 4904 ttoue.
445 4855 516 4904 Fert.
536 4854 673 4908 dictarem,
694 4855 846 4904 cohortatus
862 4869 937 4916 eum,
956 4863 996 4907 ut.
1016 4859 1095 4908 Barr.
1117 4881 1147 4892 ·-
1184 4856 1228 4906 28.
1248 4859 1280 4906 tte
1298 4857 1340 4906 ll:
1360 4857 1399 4905 his
1418 4857 1447 4906 E.
1470 4881 1499 4891 -
1538 4856 1581 4904 39.
1600 4866 1640 4903 me

323 4925 347 4972 ἐι
363 4925 407 4974 M:
426 4926 450 4973 e'e
467 4937 507 4974 me
524 4923 555 4973 li.
584 4945 616 4956 -
653 4923 696 4972 30.
716 4926 829 4986 aeotpere
847 4925 1003 4976 Ernestius:
1031 4929 1146 4977 acee'dm
1162 4927 1222 4977 hill.
1254 4951 1288 4962 -
1323 4926 1368 4976 33.
1387 4927 1473 4988 putris
1492 4927 1545 4975 eius
1562 4931 1639 4988 otqae

323 4996 369 5043 aea·
397 4995 493 5044 iudicio
519 4993 645 5056 probator
668 5007 730 5042 curn
756 4992 857 5058 Popma
889 4995 926 5047 ll:
957 4999 986 5046 ta
1010 5000 1096 5061 putris
1123 4999 1176 5048 etas
1201 5004 1279 5061 atque
1304 4996 1401 5047 iudicio
1416 4996 1531 5059 probato
1548 4995 1585 5046 hl.
1606 5015 1637 5029 ·-

323 5063 368 5114 ³5.
384 5065 460 5128 potes·
477 5063 515 5125 hl.
538 5087 566 5098 -
604 5064 648 5116 37.
667 5063 775 5115 comitto
793 5065 831 5116 hl.
