3666 5874
336 367 379 433 19
764 364 1039 434 EPlS'l'OlnlllUll
1059 363 1111 428 tn
1133 363 1224 430 salt.

336 545 416 612 qnae
437 521 515 590 mibi
535 543 598 590 non
619 523 724 590 carior
754 523 795 589 alt
829 543 923 609 quam
951 542 1039 588 meae
1060 541 1112 587 res
1133 539 1251 586 omnes.
1293 517 1391 606 ldqua
1413 537 1484 584 cnm
1505 519 1651 597 sentiam,

335 619 498 686 sedulitate
532 616 674 684 mihimet
704 617 772 702 ipse
803 616 981 682 satisfacere
1009 635 1154 702 possum,
1181 633 1217 680 re
1245 613 1372 701 quidem
1393 613 1459 700 ipsa
1480 613 1553 680 ideo
1576 614 1651 679 mibi

335 735 399 780 non
420 712 592 788 satisfacio,
620 709 706 797 qnod
727 709 842 778 nullam
863 717 983 796 partem
1005 717 1132 776 tuorum
1159 709 1343 774 meritorum
1371 729 1434 774 non
1454 706 1550 774 modo
1571 707 1653 773 refe-

335 807 432 873 renda
453 807 508 872 sed
530 826 570 870 ne
591 803 754 888 cogitanda
774 804 900 892 quidem
915 804 1014 889 gratia
1028 802 1178 891 consequi
1192 823 1329 889 possum.
1372 806 1402 868 7.
1424 807 1501 868 Rem
1515 811 1546 867 te
1563 800 1652 870 valde

311 900 416 966 abeno
437 899 570 985 gessisse
591 919 702 964 rumor
722 907 799 964 erat.
843 895 1109 983 Exspectabantur
1130 897 1251 962 litterae
1269 904 1356 970 tuae,
1385 895 1424 960 de
1449 894 1563 982 quibus
1584 917 1652 960 cra-

335 1015 405 1060 mus
425 993 488 1058 iam
510 1013 582 1058 cnm
602 991 752 1077 Pompeio
774 991 885 1057 locuti:
922 1011 1002 1078 quae
1024 990 1051 1054 si
1072 997 1164 1054 erunt
1190 990 1314 1064 allatae,
1347 999 1488 1054 nostrum
1515 989 1651 1055 studium

335 1084 471 1152 exstabit
491 1085 523 1150 in
544 1085 765 1152 conveniendis
787 1083 1017 1170 magistratibus
1034 1092 1066 1148 et
1079 1081 1293 1160 senatoribus3
1315 1091 1490 1169 ceteraque,
1512 1105 1592 1170 quae
1613 1083 1651 1148 ad

334 1188 366 1245 te
387 1178 602 1266 pertinebunt,
631 1201 702 1246 cum
731 1179 825 1245 etiam
845 1178 916 1264 plus
937 1177 1203 1253 contenderimus,
1233 1197 1326 1264 quam
1346 1197 1528 1264 possumus,
1551 1176 1651 1244 minua

334 1280 438 1338 tamen
458 1272 624 1347 faciemus,
647 1293 741 1360 quam
762 1271 922 1338 debemus.

299 1443 326 1486 „
816 1413 872 1477 rx.
896 1412 950 1493 (r.
976 1413 1008 1477 u
1031 1414 1063 1477 e.
1085 1411 1170 1498 roe.)

565 1530 608 1593 u
630 1525 772 1594 uenae
795 1527 827 1590 s,
848 1527 886 1590 o.
906 1528 940 1590 r.
962 1526 1142 1590 sessuro
1163 1525 1415 1592 rmnmrom.

420 1652 449 1716 1.
470 1646 684 1714 Perincundae
707 1645 781 1712 mibi
801 1644 931 1712 fuerunt
951 1645 1070 1712 litterae
1092 1655 1184 1722 tuae,
1217 1644 1330 1731 quibam
1359 1645 1496 1712 intellexi
1524 1659 1555 1714 te
1580 1670 1651 1736 per-

334 1741 454 1828 spicere
476 1763 577 1806 meam
598 1741 630 1806 in
652 1751 681 1806 te
702 1739 861 1826 pietatem:
884 1738 960 1828 quid
982 1738 1063 1804 enim
1087 1739 1187 1804 dicam
1204 1737 1466 1813 benevolentiam,
1489 1761 1562 1806 cum
1576 1741 1651 1808 illud

333 1835 436 1922 ipsum
468 1833 686 1916 gravissimum
714 1844 746 1900 et
773 1832 1000 1900 sanctissimum
1027 1853 1141 1898 nomen
1168 1831 1289 1920 pietatis
1316 1833 1416 1899 levius
1437 1833 1513 1898 mibi
1533 1837 1651 1902 meritis

298 1951 409 2016 iserge
430 1951 481 1996 me
502 1929 563 1996 tuis
584 1949 653 1994 esse
676 1927 839 1994 videatur?
878 1926 973 2006 Quod
986 1938 1098 1992 autem
1128 1925 1182 1993 tibi
1203 1937 1291 2012 grata
1311 1947 1381 1992 mea
1403 1947 1477 2012 erga
1499 1939 1528 1993 te
1550 1929 1652 1996 studia

332 2023 442 2090 scribis
464 2045 547 2098 esse,
569 2022 644 2088 facis
666 2033 700 2088 tu
721 2021 848 2108 quidem
870 2019 1057 2088 abundantia
1078 2020 1214 2106 quadam
1235 2019 1365 2095 amoris,
1394 2031 1428 2086 ut
1449 2022 1542 2087 etiam
1564 2035 1651 2108 grata
1685 2073 1689 2080 .

332 2118 393 2184 sint
413 2139 467 2193 ea,
489 2137 570 2204 quae
592 2113 796 2202 praetermitti
818 2115 884 2180 sine
907 2113 1027 2180 nefario
1049 2115 1168 2179 scelere
1189 2134 1253 2180 non
1274 2126 1413 2200 possunt.
1457 2116 1526 2182 Tibi
1546 2129 1650 2187 autem

332 2211 431 2277 multo
460 2211 565 2276 notior
592 2220 685 2294 atque
706 2207 858 2274 illustrior
878 2229 967 2274 meus
989 2207 1020 2273 in
1042 2218 1072 2273 te
1102 2207 1223 2272 animus
1245 2218 1345 2282 esset,
1382 2209 1407 2274 si
1429 2209 1489 2276 boe
1510 2221 1651 2299 tempore

333 2305 440 2378 omni,
462 2323 526 2391 quo
548 2301 677 2368 diiuncti
699 2300 830 2376 brimus,
863 2309 895 2366 et
914 2322 977 2366 una
998 2309 1030 2366 et
1050 2306 1166 2368 Romae
1188 2300 1363 2366 fuissemus.
1407 2307 1437 2368 ἢ.
1460 2309 1536 2369 Nam
1557 2305 1590 2370 in
1612 2327 1651 2396 eo

294 2397 419 2483 seipso,
442 2396 527 2484 quod
548 2405 579 2460 te
601 2394 739 2462 ostendis
760 2416 829 2460 esse
850 2394 1006 2460 facturum
1027 2395 1175 2482 quodque
1197 2403 1229 2458 et
1250 2393 1282 2458 ia
1303 2395 1414 2480 primis
1434 2407 1524 2483 potes
1546 2408 1577 2464 et
1591 2421 1651 2485 ego

333 2510 352 2554 a
378 2496 409 2553 ta
437 2488 638 2554 vehementer
665 2500 830 2575 exspecto,
863 2488 896 2554 in
925 2489 1085 2554 sententiis
1113 2490 1279 2556 senatoriis
1304 2500 1335 2555 et
1363 2490 1394 2556 in
1422 2493 1506 2556 omni
1529 2495 1652 2560 actione

224 2639 231 2660 „
332 2591 426 2668 atque
447 2581 713 2648 administratione
728 2580 934 2669 reipublicae
954 2581 1168 2650 floruissemus
1190 2619 1230 2630 -
1252 2583 1292 2650 de
1307 2605 1368 2671 qna
1386 2585 1652 2674 ostendant-equi·

181 2679 229 2768 ’μ
332 2675 405 2742 dem
425 2676 530 2762 paullo
552 2684 637 2762 post,
651 2676 721 2767 appi
732 2675 775 2757 sit
796 2697 884 2743 meus
905 2697 1015 2742 sensus
1037 2686 1068 2743 et
1088 2685 1204 2754 status)
1223 2686 1255 2742 et
1275 2677 1445 2744 rescribam
1467 2678 1524 2746 tibi
1545 2680 1585 2745 ad
1604 2701 1650 2755 ea,

332 2790 413 2857 quae
434 2769 575 2855 quaeris:
610 2769 666 2836 sed
699 2779 782 2836 certe
811 2779 842 2835 et
863 2790 923 2856 ego
945 2778 976 2835 te
1004 2779 1132 2836 anctore
1154 2770 1344 2838 amicissimo
1365 2794 1402 2838 ae
1422 2773 1651 2860 sapientissimo

294 2873 364 2930 raet
385 2871 419 2930 tu
439 2885 491 2928 me
511 2863 690 2930 consiliario
711 2863 844 2930 fortasse
864 2885 929 2930 non
957 2863 1208 2950 meritissimo,
1241 2864 1327 2932 fideli
1352 2866 1477 2953 quidem
1499 2875 1530 2932 at
1556 2865 1652 2932 beno-

331 2957 406 3024 volo
427 2965 527 3034 eerte,
560 2979 636 3024 usus
658 2977 758 3024 esses:
781 2992 823 3005 —
852 2978 1040 3045 quamquam
1061 2965 1114 3024 tua
1135 2957 1263 3046 quidem
1286 2979 1377 3026 causa
1399 2968 1429 3025 te
1457 2981 1526 3026 esse
1553 2959 1651 3048 impe-

330 3059 470 3118 ratorem
490 3049 747 3139 provinciamque
769 3049 849 3117 bene
870 3052 965 3136 gestis
984 3050 1081 3118 rebus
1102 3073 1174 3118 eum
1195 3053 1336 3118 exercitu
1356 3053 1476 3120 victore
1497 3053 1650 3128 obtinere,

330 3155 366 3212 ut
392 3144 507 3222 debeo,
537 3146 652 3211 laetor:
676 3176 716 3190 ·-
750 3145 805 3212 sed
832 3155 916 3211 certe
945 3145 1001 3232 qui
1027 3144 1085 3210 tibi
1112 3166 1154 3211 ex
1181 3168 1231 3212 me
1254 3147 1372 3212 fructus
1394 3147 1565 3224 debentur,
1595 3170 1651 3216 eos

329 3237 495 3304 uberiores
517 3248 549 3304 et
569 3238 799 3327 praesentiores
820 3259 969 3325 praesens
991 3260 1103 3324 capere
1124 3240 1290 3325 potuisses.
1339 3245 1374 3306 ln
1396 3241 1442 3308 eis
1469 3263 1547 3308 vero
1573 3241 1651 3308 ulei·

293 3331 467 3408 rascendis,
490 3354 569 3418 quos
591 3331 647 3398 tibi
668 3333 781 3418 partim
804 3331 948 3400 inimicos
969 3353 1038 3400 esse
1059 3333 1205 3418 intelligis
1218 3341 1348 3420 propter
1368 3344 1452 3402 tuam
1473 3357 1651 3424 propugna-

330 3425 448 3492 tionem
469 3427 577 3492 salntis
598 3447 703 3502 meae,
725 3425 840 3512 partim
860 3426 1001 3492 invidere
1023 3435 1154 3513 propter
1174 3426 1257 3492 illius
1272 3429 1401 3495 actionis
1416 3430 1650 3516 amplitudinem

331 3528 363 3586 et
395 3521 543 3605 gloriam,
575 3519 742 3586 mirificum
773 3541 823 3584 rne
857 3519 914 3586 tibi
942 3519 1087 3586 comitem
1115 3519 1347 3607 praebuissem:
1382 3545 1569 3610 quamquam
1596 3521 1649 3588 ille

330 3615 478 3699 perennis
498 3613 642 3680 inimicus
663 3614 836 3680 amicornm
858 3634 1004 3689 suorum,
1027 3615 1081 3701 qui
1103 3613 1162 3681 tuis
1185 3615 1328 3681 maximis
1350 3615 1508 3682 beneficiis
1523 3626 1650 3683 ornatus

330 3707 364 3772 in
385 3716 415 3774 te
437 3707 634 3794 potissimum
654 3708 784 3774 fractam
802 3707 887 3772 illam
908 3715 940 3772 et
961 3706 1150 3774 debilitatam
1166 3709 1229 3774 vim
1244 3729 1331 3774 suam
1345 3709 1490 3785 eontulit,
1513 3719 1649 3776 nostram

292 3801 432 3866 raucam
453 3802 537 3868 ultus
558 3809 605 3866 est
625 3802 693 3888 ipse
714 3823 794 3868 sese.
837 3805 881 3866 Ea
902 3810 950 3866 est
968 3802 1051 3868 enim
1066 3811 1210 3878 conatus,
1233 3802 1348 3889 quibus
1361 3804 1521 3890 patefactis
1535 3804 1649 3870 nullam

331 3893 390 3960 sibi
417 3895 449 3959 in
476 3904 637 3981 posterum
666 3917 730 3961 non
756 3895 852 3961 modo
880 3893 1036 3980 dignitatis
1065 3895 1120 3960 sed
1149 3915 1188 3960 ne
1213 3894 1362 3962 libertatis
1383 3896 1509 3984 quidem
1530 3906 1650 3982 partem

330 3987 466 4075 reliquit.
509 3993 540 4054 3.
563 3994 606 4055 Te
628 3997 731 4054 autem
753 3989 811 4054 etsi
834 3988 958 4054 mallem
979 3989 1012 4054 in
1033 3989 1111 4054 meis
1131 3987 1227 4056 rebus
1256 3999 1419 4076 expertum
1442 4013 1535 4076 quam
1558 3992 1650 4056 etiarn

330 4081 363 4148 in
385 4081 460 4156 tuis,
483 4091 585 4148 tamen
607 4083 640 4148 in
661 4083 803 4149 molestia
824 4082 947 4168 gaudeo
969 4103 1038 4148 eam
1058 4081 1152 4148 fidem
1174 4103 1326 4167 cognosse
1342 4083 1503 4150 bominum
1525 4107 1588 4151 non
1610 4085 1650 4150 ita

330 4195 442 4260 magna
473 4176 634 4252 mercede,
662 4199 755 4264 quam
785 4197 844 4262 ego
866 4175 1003 4242 maximo
1025 4175 1136 4242 dolore
1157 4196 1337 4261 cognoram.
1380 4182 1426 4242 De
1449 4199 1509 4264 qua
1531 4178 1651 4244 ratione

292 4276 394 4336 aton
416 4268 477 4336 iam
502 4269 627 4338 videtur
654 4270 730 4336 mibi
748 4270 928 4357 exponendi
954 4277 1075 4358 tempus
1098 4270 1182 4344 dari,
1211 4280 1245 4336 ut
1263 4271 1319 4336 tibi
1341 4271 1511 4337 rescribam
1538 4273 1649 4345 adea,

330 4383 411 4450 quae
430 4363 566 4450 quaeris.
615 4369 646 4430 d.
673 4365 846 4433 Certiorem
873 4374 904 4430 te
929 4384 987 4451 per
1008 4365 1126 4430 litteras
1148 4363 1259 4430 scribis
1281 4386 1349 4430 esse
1372 4363 1486 4432 factum
1507 4387 1558 4430 me
1580 4385 1650 4430 cum

329 4459 461 4522 Caesare
483 4465 515 4522 et
537 4477 608 4524 cum
629 4459 729 4546 Appio
751 4479 820 4524 esse
841 4459 873 4523 in
900 4458 1015 4545 gratia,
1049 4468 1143 4546 teque
1169 4458 1201 4525 id
1227 4478 1291 4524 nou
1316 4459 1507 4545 reprendere
1536 4459 1653 4524 adseri-

397 4678 423 4726 1.
442 4677 518 4741 idque
529 4680 753 4742 summentium
762 4677 898 4730 sedulitate
905 4680 970 4728 mibi
980 4692 1020 4728 ms
1031 4681 1117 4742 ipsum
1125 4680 1275 4743 satisfecere
1283 4693 1336 4730 non
1347 4681 1445 4742 possim
1458 4679 1494 4730 Μ.
1510 4703 1541 4716 -
1560 4679 1586 4728 2.
1600 4681 1653 4742 ipsi

328 4743 352 4792 Α
370 4751 397 4795 et
409 4747 488 4798 Beier
506 4747 584 4799 orne.
605 4750 630 4798 1.
651 4764 677 4811 p·
696 4748 741 4800 bd.
763 4769 793 4783 -
815 4747 842 4798 d.
861 4744 962 4813 pretio]
982 4751 1011 4798 tn
1028 4752 1120 4814 pratia
1132 4749 1320 4800 Cratandrina.
1340 4748 1396 4799 Cfr.
1419 4749 1584 4804 lland'fnrs.
1601 4749 1650 4800 lll.
1746 4781 1753 4797 .

330 4815 432 4876 p.28·1.
456 4841 485 4854 ·-
522 4818 550 4869 7.
569 4825 702 4882 uteroque
719 4817 747 4868 Μ
762 4830 770 4865 a
795 4824 880 4868 cetera
898 4819 929 4868 ll.
956 4819 1011 4870 vid.
1031 4820 1108 4869 fland
1129 4819 1245 4870 Turseli.
1267 4820 1302 4870 ll.
1323 4835 1348 4882 p.
1369 4819 1413 4870 dt).
1439 4841 1465 4854 -
1493 4819 1520 4868 8.
1539 4821 1651 4882 pertine·

329 4883 393 4933 bant
411 4885 448 4937 ll.
470 4911 498 4924 -
521 4889 564 4939 ts.
582 4889 693 4938 diiuncti
711 4887 757 4938 M:
778 4887 901 4938 dbiuaetr'
919 4889 950 4938 ll.
972 4915 1003 4926 -
1038 4890 1083 4940 nt.
1104 4904 1135 4940 ae
1153 4889 1200 4940 M:
1219 4896 1245 4940 at
1263 4890 1294 4940 E.
1316 4915 1343 4926 -
1382 4891 1425 4940 ⁶29.
1445 4892 1652 4952 praestantiores

330 4953 408 5004 codd.
424 4955 510 5018 liegii.
531 4981 559 4994 -
598 4958 641 5008 ³5.
662 4959 704 5008 En
721 4964 759 5009 art
776 4959 845 5008 roim
863 4972 905 5024 pr.
924 4958 969 5011 ll:
999 4961 1179 5011 deterrimae
1198 4963 1281 5020 (corr.
1301 4958 1391 5020 Mill.
1414 4985 1443 4996 ·-
1479 4959 1524 5011 Η.
1543 4972 1651 5024 reprea-

329 5023 390 5076 dere
406 5024 452 5077 bl:
472 5028 655 5090 reprehendere
667 5027 697 5078 tt.
