3666 5874
1493 433 1561 488 :ul

242 601 302 659 me¹
317 583 383 649 siut
403 581 582 668 adscripta.
625 579 773 650 iucunde
793 573 898 669 igitur
917 580 1030 667 ltaque
1043 577 1108 648 hoc
1123 583 1304 650 extremum
1319 597 1436 648 munus
1450 581 1564 667 abeas,

243 691 282 752 ut
303 705 387 772 quas
407 685 551 753 'l'bomas
573 684 744 752 includere
766 682 957 754 euobln‘dlis
971 683 1148 752 meditatur
1162 685 1285 775 exiguo
1300 685 1364 753 boc
1378 688 1436 752 tuo
1450 686 1564 754 labore

244 791 479 880 purgatissima
501 787 676 876 prodeant.
690 827 711 846 -
724 827 745 845 -
767 787 872 856 Nonis
893 788 966 854 lun.
982 786 1237 856 MDXXXVll.
1259 788 1437 856 Venetam»

329 891 425 977 Quod
438 892 490 962 'ad
511 892 694 961 victorium
717 895 822 979 ipsum
843 893 981 976 attinet,
1002 910 1084 960 sane
1105 893 1134 958 is
1154 893 1218 960 lam
1240 895 1274 960 ln
1296 894 1400 980 prima
1418 891 1565 960 editione

245 998 409 1083 permulta
429 995 619 1064 emendavit
640 1015 659 1064 e
680 994 855 1087 Mediceo,
877 995 1045 1063 normullia
1066 999 1176 1064 tamen
1191 997 1288 1065 etlam
1303 999 1420 1084 aperte
1434 998 1566 1064 uitiosis

244 1099 361 1168 eodem
383 1120 427 1168 cx
449 1100 544 1177 sonte
564 1101 694 1168 ascitis:
730 1102 832 1192 longe
854 1099 1059 1168 emendatior
1078 1104 1188 1168 autem
1210 1094 1322 1187 priore
1345 1099 1490 1170 editione
1512 1103 1566 1168 eat

245 1206 354 1273 altera
383 1207 460 1271 anni
488 1203 704 1294 Mbuxxi,
736 1205 771 1269 in
797 1222 863 1290 qua
893 1205 995 1272 tacite
1018 1234 1058 1248 ·-
1089 1206 1199 1272 nullae
1226 1205 1311 1274 enlm
1332 1203 1467 1273 additae
1487 1207 1566 1273 suut
1701 1185 1707 1206 '

245 1310 481 1376 annotationes
501 1339 543 1354 -
570 1310 700 1395 recepit
728 1305 815 1376 buud
844 1325 970 1395 paucas
998 1308 1097 1376 etlam
1123 1308 1268 1391 Manutii
1297 1313 1332 1376 et
1353 1308 1566 1396 Malasplnae

245 1412 425 1480 lectlouca:
457 1413 636 1498 Lamblno,
669 1431 733 1499 quo
764 1415 874 1478 tamen
902 1413 965 1480 iam
980 1431 1048 1498 ,per
1070 1414 1325 1501 quinquennium
1346 1415 1395 1480 uti
1417 1415 1567 1499 poterat,

246 1535 385 1602 prorsus
406 1516 608 1603 posthabito.
649 1515 680 1582 ld
702 1516 880 1584 collatione
901 1521 1009 1584 autem
1031 1516 1113 1585 cod.
1133 1516 1281 1586 Medicei
1301 1535 1390 1586 nuno
1411 1534 1568 1603 comper·

246 1625 313 1688 tum
335 1619 509 1707 babemus,
530 1625 637 1708 ipsum
659 1619 750 1685 illum
770 1614 925 1690 codicem
944 1619 1194 1711 intelligendum
1210 1639 1306 1708 esse,
1326 1621 1383 1688 ubi
1397 1619 1567 1688 Victorius

245 1725 373 1810 antiqui
394 1727 445 1792 aut
467 1725 542 1794 llbri
562 1727 761 1794 mentionem
781 1726 881 1811 iacit,
902 1727 1091 1813 neutiquam
1113 1723 1289 1792 editionem
1310 1725 1368 1791 uel
1389 1724 1567 1793 lensunta-

126 1853 132 1864 ¹
239 1845 321 1895 nam
343 1829 401 1895 vel
420 1828 619 1915 Romanam,
641 1833 679 1896 ut
700 1830 859 1896 immerito
880 1830 1070 1914 auspicatus
1091 1832 1144 1895 est
1164 1827 1341 1896 Ernestius
1355 1826 1399 1894 ad
1413 1826 1517 1895 Atilc.
1531 1828 1567 1914 8,

248 1929 316 2017 11,
338 1950 370 2017 p.
387 1927 478 1998 765.
504 1932 568 2000 Ed.
586 1935 658 2001 mal.
701 1930 873 2016 Quomodo
895 1933 1031 2000 Accolti
1052 1933 1217 2000 varietote
1238 1933 1272 1998 ln
1293 1932 1402 1999 altera
1422 1929 1567 1998 editione

247 2053 327 2104 usos
348 2035 409 2124 ait,
430 2055 589 2124 nusquam
611 2041 762 2124 apparet
804 2037 855 2104 lle
879 2035 1139 2105 dubitationibus
1152 2039 1262 2104 autem
1276 2035 1461 2121 nonnullis,
1483 2050 1568 2121 quaa

247 2140 373 2213 moveri
405 2145 564 2227 poterunt
595 2140 760 2214 adversus
791 2140 933 2210 Vloturil
964 2139 1076 2229 fidem,
1109 2139 1248 2210 consule
1281 2158 1367 2227 quae
1398 2136 1568 2226 disputavi

248 2262 325 2336 pag.
346 2238 434 2312 189.
455 2244 518 2312 lto.
539 2264 633 2314 meae
655 2247 784 2330 prioris.

332 2341 413 2417 Seb.
427 2349 567 2418 Corradi
589 2343 624 2416 in
645 2351 772 2419 criticis
791 2350 903 2417 nullae
924 2347 1158 2437 propemodum
1179 2351 1256 2416 aunt
1278 2351 1408 2437 partes:
1439 2349 1569 2418 rarolr

249 2452 450 2520 coniecturis
472 2453 639 2546 indulget:
661 2456 755 2520 immo
777 2455 811 2520 lu
833 2450 886 2520 bia
907 2455 1004 2540 ipsis,
1026 2472 1112 2541 quae
1130 2454 1160 2519 el
1174 2454 1284 2520 solent
1298 2453 1412 2540 tribui,
1434 2454 1569 2540 plerae-

249 2577 313 2646 que
334 2556 551 2645 depromptae
571 2562 650 2625 suut
671 2576 690 2626 e
712 2557 872 2648 Margine
893 2552 1131 2626 Cratandrina:
1166 2561 1218 2642 et,
1246 2560 1284 2624 ut
1304 2557 1374 2643 blo,
1395 2556 1570 2625 Manutius

249 2679 380 2749 quoque
401 2663 614 2749 interpretem
637 2663 749 2748 potius
770 2663 841 2744 egit
868 2679 962 2749 quern
989 2663 1146 2729 criticum.
1189 2659 1241 2728 lle
1262 2660 1477 2749 Malasplnae
1496 2681 1569 2730 me-

248 2767 322 2831 ritis
344 2767 378 2831 in
398 2767 441 2832 ils
462 2767 674 2852 praesertim,
696 2783 781 2852 quae
801 2767 844 2832 ab
867 2783 907 2833 eo
926 2769 1078 2834 correcta
1093 2766 1171 2832 sunt
1187 2767 1374 2854 corrigique
1391 2769 1570 2852 potueruut

250 2870 384 2936 olibrio
404 2869 619 2957 vulgaribus,
653 2867 833 2939 culammodi
856 2887 970 2936 omues
991 2869 1142 2952 luerunt,
1176 2869 1230 2955 qui
1253 2869 1283 2934 ei
1306 2872 1442 2953 praesto
1461 2872 1572 2955 crant,

251 2970 401 3060 equidem
423 2973 601 3061 benignius
621 2972 828 3042 iudicandum
849 2991 988 3060 censeo,
1011 2991 1105 3061 quam
1125 2972 1248 3039 laetum
1267 2971 1366 3039 uideo
1384 2975 1418 3040 et
1431 2992 1453 3040 a
1467 2973 1570 3039 Lam-

250 3077 328 3144 bino
358 3080 395 3143 et
420 3077 463 3144 ab
492 3076 666 3166 llrnestlo,
698 3080 763 3144 uisi
791 3077 815 3141 li
843 3075 887 3143 de
914 3076 995 3142 solla
1026 3077 1114 3144 illius
1140 3076 1341 3144 coniectoris
1369 3077 1571 3163 asperiorem

251 3181 448 3247 sententiam
470 3182 627 3248 tulerunt.
658 3167 824 3249 ¹ceterum
850 3179 1063 3266 Molaspinac
1093 3177 1357 3264 emendationes,
1389 3179 1571 3268 inquibus

251 3283 398 3351 tortasse
427 3289 566 3372 propter
592 3285 706 3352 nescio
741 3303 837 3373 quam
866 3285 1064 3351 simultatem
1094 3301 1173 3350 raro
1201 3283 1342 3352 Victorii
1373 3286 1571 3353 mentionem

251 3389 372 3471 inlicit,
398 3389 589 3456 referuntur
610 3387 654 3455 od
675 3390 850 3456 lectionem
872 3388 1111 3457 Manutlauam.

335 3492 515 3561 Lambinus
541 3495 576 3560 ln
603 3493 793 3582 permultis,
825 3492 880 3560 ubl
906 3493 963 3559 vel
985 3511 1006 3559 a
1026 3491 1203 3561 crutendal
1225 3493 1282 3561 vcl
1303 3510 1325 3560 a
1345 3491 1492 3560 Manutii
1512 3511 1572 3560 re-

252 3599 410 3668 censione
430 3597 575 3682 reocdit,
608 3597 770 3665 lectiones
790 3594 872 3664 cdd.
893 3595 1107 3685 Mulasplnae
1127 3595 1339 3685 eiusdemque
1361 3599 1572 3668 coniecturas

251 3703 396 3788 recepit:
424 3703 520 3769 nimis
539 3701 692 3792 neglexit
714 3691 915 3785 victorium,
935 3701 971 3766 ln
992 3719 1088 3789 quem
1108 3701 1286 3788 aliquoties
1306 3704 1416 3770 acrius
1437 3701 1572 3770 invehi-

253 3811 317 3874 tur.
357 3804 523 3874 Videlicet
543 3804 577 3871 bl
598 3808 670 3872 tres
691 3805 968 3891 praestantissimi
989 3805 1077 3872 illius
1098 3806 1257 3891 temporis
1270 3805 1443 3874 ciceronis
1464 3807 1573 3876 inter-

253 3914 368 3998 pretes
387 3915 502 3977 mutua
521 3909 609 3974 inter
630 3927 668 3976 se
690 3927 804 3975 omncs
821 3908 1042 3976 aemulatione
1054 3927 1096 3976 oc
1112 3927 1216 3996 prope
1231 3911 1399 3978 inimicitia
1413 3913 1573 3980 concitati

255 4018 366 4100 eraut,
388 4033 473 4101 quae
494 4011 624 4100 quidem
646 4013 853 4081 concertatio
876 4014 1013 4081 criticae
1035 4012 1208 4081 'lollianae
1222 4032 1304 4081 sane
1320 4014 1442 4101 obtuit,
1464 4015 1574 4082 nullus
1660 4077 1663 4084 .

254 4137 368 4186 eorum
389 4136 460 4186 cum
482 4116 618 4184 duorum
640 4118 839 4185 aemulorum
861 4117 951 4183 bona
972 4117 1075 4185 vellet
1096 4135 1291 4208 agnoscere.
1332 4117 1523 4186 Haudraro
1539 4120 1574 4184 in

256 4221 372 4289 ordine
394 4221 570 4291 verborum
592 4221 662 4289 abit
683 4224 718 4288 et
738 4240 760 4289 a
780 4216 967 4290 Cratandro
989 4224 1024 4288 et
1044 4238 1065 4287 a
1085 4219 1258 4312 Munatio,
1286 4223 1342 4290 ubl
1363 4225 1489 4299 tomen,
1512 4221 1575 4288 de-

255 4327 386 4413 perdito
408 4345 496 4394 nunc
516 4324 576 4394 cd
591 4325 838 4410 Tornaeslano,
859 4323 986 4391 deliniri
1007 4327 1139 4413 nequit,
1160 4327 1269 4394 utrum
1281 4328 1407 4393 aurium
1421 4309 1574 4396 ludictu'm

256 4431 444 4516 dumtaxat,
464 4449 509 4497 an
530 4426 589 4499 cd.
608 4430 697 4496 lllum
719 4433 857 4497 secutus
877 4431 933 4496 sit.

342 4534 463 4626 Magni
484 4535 639 4600 momenti
659 4532 703 4601 ad
724 4535 872 4602 criticam
893 4532 1006 4600 harum
1028 4531 1115 4621 lipp.
1129 4536 1363 4603 tractationem
1382 4535 1460 4602 sont
1473 4533 1576 4602 nam.

256 4639 324 4710 bini
352 4636 461 4710 Curae
487 4637 656 4707 secundae
676 4641 801 4727 partim
822 4640 856 4705 ln
877 4636 1149 4708 adnotationibus
1171 4637 1420 4726 Repetitlonum
1440 4638 1577 4708 Lambb.

256 4747 376 4833 purtim
397 4747 431 4812 in
452 4744 630 4812 earundem
652 4744 802 4834 margine
829 4741 1047 4830 reperiendae
1069 4747 1104 4810 ct
1124 4743 1379 4830 praetermissae
1400 4761 1423 4810 a
1441 4741 1577 4810 chiulo

257 4853 291 4917 ln
312 4850 397 4919 libro
419 4849 612 4936 ceteroquin
633 4849 823 4932 utilissimo,
854 4867 918 4935 quo
940 4849 1070 4932 priores
1095 4848 1210 4914 summi
1236 4848 1343 4914 crltlcl
1370 4847 1578 4915 emendatio·

257 4973 320 5024 nes
347 4954 519 5022 'l'ulllanaa
547 4954 740 5040 complexus
767 4955 829 5020 est.
873 4952 983 5020 Habet
1004 4950 1167 5019 interdum
1186 4949 1313 5043 Margo
1335 4951 1394 5019 llla
1414 4953 1578 5044 lectiones

258 5078 322 5132 nec
345 5059 505 5130 Lambluo
533 5059 569 5124 ln
595 5057 773 5126 Anuotatt.
799 5075 907 5145 neque
933 5056 1038 5126 Boslo
1063 5059 1278 5142 memoratas,
1309 5056 1371 5124 sed
1398 5055 1576 5125 manticato
