3628 5876
311 419 374 487 tet
742 418 1016 486 epistolatim
1037 421 1089 484 to
1110 420 1201 484 ram.

307 586 372 648 ileo
391 597 470 648 vero
490 577 594 646 minus
614 577 750 665 Lepidus
771 578 850 644 ursit
870 597 921 642 me
942 588 974 643 et
995 575 1060 643 suis
1082 585 1114 642 et
1134 573 1260 641 Antonii
1274 573 1401 649 litteris,
1422 583 1458 640 ut
1471 573 1631 661 legionem

309 673 496 742 tricesimam
528 673 685 739 mitterem
712 669 783 738 sibi.
845 677 875 738 5.
907 675 1015 757 ltaque
1040 691 1134 758 quem
1165 669 1340 735 exereitum
1361 689 1463 754 neqne
1492 669 1632 736 rendere

307 769 379 836 ullis
400 765 547 855 praemiis
568 766 655 832 volni
676 787 735 831 nec
755 785 866 832 eornm
888 764 1100 852 periculorum
1116 773 1222 838 metu,
1244 783 1340 850 qnae,
1361 761 1535 829 victoribus
1555 763 1629 839 illis.

309 860 592 950 portendebantur,
614 859 812 932 deminuere,
841 857 962 924 debetis
982 857 1163 924 existimare
1184 866 1340 922 retentum
1360 867 1392 922 et
1409 867 1633 924 conservatum

286 957 358 1023 urei
379 955 522 1044 publicae
545 974 630 1029 esse,
653 964 746 1040 atque
768 954 810 1019 ita
831 953 976 1027 credere,
994 951 1204 1039 quodcunque
1224 950 1451 1035 imperassetis,
1473 950 1633 1016 iacturum

308 1051 416 1126 luisse,
438 1049 483 1126 si,
506 1047 593 1135 qnod
613 1047 760 1123 iussistis,
783 1047 854 1113 ieci.
896 1053 972 1113 Nam
995 1057 1027 1112 et
1046 1045 1240 1132 provinciam
1260 1044 1293 1109 in
1315 1044 1380 1110 otio
1403 1052 1435 1109 et
1455 1048 1631 1110 exercitum

308 1146 342 1211 in
363 1165 433 1211 mea
453 1151 607 1231 potestate
628 1141 728 1219 tenui;
762 1140 876 1207 linibus
897 1161 985 1206 meae
1007 1138 1188 1226 provinciae
1209 1159 1361 1225 nusquam
1383 1137 1520 1216 excessi;
1548 1137 1633 1202 mili-

308 1250 373 1306 tem
393 1256 457 1303 non
478 1235 574 1302 modo
595 1235 818 1320 legionarium,
841 1235 895 1300 sed
918 1257 956 1300 ne
978 1233 1177 1298 auxiliarium
1199 1231 1327 1320 quidem
1348 1231 1446 1297 ullum
1467 1253 1631 1318 quoquam

309 1331 403 1404 misi,
426 1341 471 1405 et,
494 1329 520 1395 si
541 1349 622 1416 quos
643 1329 762 1416 equites
782 1328 968 1394 decedentes
982 1336 1089 1392 nactus
1110 1346 1199 1399 sum,
1221 1325 1374 1412 supplicio
1395 1325 1496 1392 affeci.
1547 1329 1635 1404 Qua-

274 1447 300 1487 ro
309 1445 382 1492 rum
407 1445 515 1490 rerum
544 1423 681 1490 irnotum
710 1423 784 1488 satis
816 1443 961 1508 magnum
989 1443 1026 1486 re
1047 1419 1172 1507 publica
1194 1419 1278 1484 salva
1298 1419 1407 1484 tulisse
1430 1441 1480 1486 me
1502 1420 1633 1507 putabo.

311 1519 373 1587 Sed
393 1540 445 1584 res
466 1518 590 1604 publiea
618 1517 645 1584 si
666 1537 717 1582 me
738 1522 812 1582 satis
834 1521 972 1583 novisset
994 1525 1025 1580 et
1047 1515 1149 1580 maior
1169 1535 1242 1600 pars
1264 1523 1404 1589 senatus,
1432 1514 1570 1580 maiores
1592 1536 1633 1578 ex

309 1635 360 1680 me
380 1611 500 1679 fructus
522 1611 652 1679 tulisset.
694 1610 881 1697 Epistulam,
904 1631 999 1697 qnam
1021 1607 1134 1682 Balbo,
1157 1629 1228 1672 cnm
1251 1608 1428 1674 etiamnunc
1449 1608 1481 1672 in
1503 1607 1634 1693 provin·

309 1707 358 1772 cia
392 1714 495 1780 esset,
528 1705 655 1792 scripsi,
689 1704 852 1791 legendam
882 1701 940 1767 tibi
975 1702 1069 1781 misi;
1106 1703 1198 1767 etiam
1232 1710 1450 1787 praetextam,
1484 1701 1512 1766 si
1544 1701 1634 1768 voles

309 1801 430 1886 legere,
453 1799 576 1866 Gallum
598 1797 794 1874 Cornelium,
816 1797 1001 1863 familiarem
1022 1817 1144 1869 meum,
1167 1795 1299 1883 poscito.
1343 1815 1390 1860 vr.
1412 1793 1485 1861 idus
1508 1794 1634 1870 lunias,

274 1893 464 1962 rsCordnba.

741 2017 886 2080 rnrrn.
931 2011 979 2098 (A.
1005 2015 1037 2078 u.
1060 2014 1092 2078 e.
1116 2010 1201 2094 rm.)

677 2103 698 2246 l
721 2138 868 2202 roano
903 2135 1087 2202 cacunem
1119 2135 1150 2198 s.
1178 2101 1254 2226 r.)

395 2255 423 2318 1.
466 2253 498 2316 S.
520 2255 557 2316 V.
578 2254 614 2316 B.
635 2253 671 2314 E.
693 2253 729 2314 E.
752 2251 790 2327 Q.
814 2254 851 2315 V.
895 2250 967 2324 Quo
1000 2246 1119 2312 tardius
1148 2245 1264 2312 certior
1298 2243 1406 2310 fierem
1438 2241 1478 2309 de
1500 2243 1634 2330 proeliis

309 2343 394 2431 apud
415 2349 565 2410 Mutinam
585 2342 691 2417 iactis,
725 2342 861 2427 Lepidus
882 2340 1002 2416 eliecit,
1038 2344 1091 2427 qui
1113 2360 1201 2404 meos
1229 2338 1408 2406 tabellarios
1430 2358 1544 2403 novem
1565 2338 1635 2404 dies

272 2439 453 2516 arretinuit3
476 2436 598 2503 tametsi
619 2443 734 2501 tanum
755 2434 960 2500 calamitatem
982 2434 1028 2500 rei
1050 2432 1193 2520 publicae
1215 2453 1308 2520 qnam
1322 2430 1499 2497 tardissime
1520 2431 1635 2497 audire

310 2530 481 2616 optandum
503 2539 563 2606 cst,
596 2529 750 2604 sediliis,
784 2529 838 2615 qui
860 2527 1010 2614 prodesse
1032 2528 1108 2593 nihil
1131 2536 1262 2613 possunt
1281 2547 1384 2614 neque
1406 2523 1536 2590 mederi.
1579 2531 1637 2594 At·

310 2646 371 2712 que
393 2625 510 2690 utinam
532 2621 644 2690 eodem
666 2622 971 2695 senatusconsulto,
994 2643 1057 2709 quo
1080 2621 1226 2686 Plancum
1248 2631 1280 2686 et
1299 2619 1452 2706 Lepidum
1466 2619 1500 2684 in
1513 2621 1635 2686 italiam

308 2717 497 2792 arcessistis,
530 2739 581 2784 me
612 2738 739 2806 quoqne
766 2715 934 2782 iussissetis
954 2716 1079 2781 renirel
1116 2715 1257 2802 proiecto
1289 2735 1353 2780 non
1381 2713 1551 2801 accepisset
1580 2736 1635 2780 res

309 2809 435 2898 publiea
457 2812 517 2876 hoc
537 2812 662 2878 vniam.
720 2813 792 2889 Quo
814 2810 916 2897 siqui
938 2810 1092 2876 laetantur
1111 2809 1145 2874 in
1166 2809 1357 2896 praesentia,
1391 2811 1464 2894 quia
1484 2805 1635 2874 ridentur

271 2933 300 2970 ss
310 2916 341 2972 et
362 2902 458 2970 duces
480 2915 512 2970 et
533 2904 673 2972 veterani
695 2904 836 2971 Caesaris
857 2904 993 2990 partium
1015 2904 1173 2979 interisse,
1196 2912 1298 2968 tamen
1321 2898 1488 2988 postmodo
1502 2923 1635 2968 necesse

309 3005 357 3065 est
377 2998 515 3074 doleant,
548 3019 619 3064 cum
641 3003 814 3065 vastitatem
834 2997 941 3063 ltaliae
962 2996 1170 3083 respexerint.
1211 3002 1288 3062 Nam
1310 3003 1341 3062 et
1361 2993 1462 3060 robur
1482 3006 1514 3062 et
1534 2993 1635 3062 subo-

307 3092 354 3160 les
374 3092 507 3158 militum
529 3092 661 3170 interiit,
684 3091 711 3158 si
732 3091 871 3180 quidem,
894 3113 975 3178 quae
996 3091 1193 3163 nuntiantur,
1214 3089 1277 3155 ulla
1298 3110 1339 3155 ex
1354 3099 1443 3175 parte
1457 3110 1533 3154 vera
1549 3097 1634 3156 sunt

308 3191 340 3254 2.
360 3192 467 3273 Neque
489 3207 549 3272 ego
570 3208 634 3252 non
655 3185 815 3262 ridebam,
846 3195 963 3273 quanto
984 3185 1057 3252 usui
1077 3185 1126 3250 rei
1146 3183 1288 3271 publicae
1310 3203 1410 3248 essem
1432 3181 1573 3260 iuturus,
1607 3181 1634 3250 si

308 3280 349 3347 ad
379 3280 532 3366 Lepidum
561 3281 731 3356 venissem
749 3301 889 3354 ,omnem
916 3279 1000 3344 enim
1033 3277 1259 3344 cunctationem
1295 3277 1363 3343 eins
1397 3276 1633 3355 discussissem,

272 3374 493 3462 sopraesertim
529 3373 672 3440 adiutore
705 3375 829 3439 Planco.
888 3372 951 3439 Sed
981 3371 1129 3438 scribenti
1168 3371 1283 3437 adme
1316 3369 1470 3437 eiusmodi
1496 3370 1632 3444 litteras.

308 3489 387 3556 quas
407 3468 508 3553 leges,
530 3479 562 3533 et
582 3466 780 3534 contionibus
802 3467 960 3541 videlicet,
990 3488 1067 3552 quas
1088 3464 1233 3531 Narbone
1260 3463 1406 3530 habuisse
1429 3463 1561 3538 dicitnr,
1591 3464 1634 3530 si-

309 3561 415 3635 miles,
437 3562 583 3647 palparer
603 3582 731 3627 neeesse
753 3570 835 3637 erat,
872 3564 899 3626 si
922 3559 1034 3627 vellem
1056 3570 1247 3625 commeatus
1269 3579 1327 3645 per
1347 3557 1540 3644 provinciam
1563 3557 1633 3625 eius

308 3655 507 3721 iterfaciens
528 3655 656 3722 babere.
704 3661 870 3721 Praeterea
891 3654 1042 3731 verebar,
1065 3675 1121 3727 ne,
1156 3653 1182 3720 si
1203 3661 1289 3728 ante,
1312 3673 1406 3740 quam
1428 3671 1488 3738 ego
1509 3649 1634 3736 incepta

309 3746 510 3834 perficerem,
547 3749 704 3835 proelium
733 3748 910 3814 conlectum
938 3757 1032 3823 esset,
1061 3747 1149 3835 pium
1171 3746 1335 3812 consilinm
1357 3766 1462 3811 meum
1484 3753 1634 3830 raperent

273 3842 343 3916 ,sin
364 3843 553 3909 contrariam
574 3852 694 3930 partem
716 3841 942 3908 obtrectatores
962 3842 1043 3934 mei,
1077 3849 1208 3928 propter
1228 3839 1416 3914 amicitiam,
1452 3836 1633 3924 quaemihi

311 3957 383 4003 cum
409 3935 561 4012 Antonio,
594 3959 657 4004 non
679 3941 781 4002 maior
803 3946 919 4011 tamen,
953 3958 1047 4023 mam
1068 3937 1181 4002 Planco
1204 3933 1272 4000 fuit
1315 3937 1346 3999 3.
1368 3937 1477 4020 ltaque
1499 3953 1517 3996 a
1540 3931 1634 3998 Gadi-

310 4028 370 4096 bns
399 4050 506 4096 mense
533 4030 633 4117 Aprili
661 4028 744 4096 binis
773 4029 945 4097 tabellariis
973 4030 1006 4095 in
1034 4027 1112 4096 duas
1138 4051 1233 4095 naves
1254 4027 1428 4114 impositis,
1465 4034 1496 4091 et
1524 4023 1634 4091 tibist
1676 4079 1681 4096 .

310 4123 491 4192 consulibus
513 4135 544 4188 et
560 4124 729 4190 Octaviano
747 4123 875 4210 scripsi,
897 4133 932 4190 nt
951 4145 1003 4190 me
1018 4123 1163 4190 laceretis
1177 4123 1361 4196 certiorem,
1383 4139 1520 4207 quonam
1535 4116 1632 4184 modo

310 4220 481 4309 plurimum
502 4239 629 4304 possem
649 4215 799 4305 prodesse
821 4219 869 4284 rei
895 4216 1048 4304 publicae.
1106 4217 1184 4292 Sed,
1218 4225 1254 4284 nt
1273 4215 1426 4282 rationem
1447 4213 1538 4288 ineo,
1566 4233 1632 4300 qno

272 4314 363 4387 nodie
384 4312 540 4400 proelium
568 4315 667 4378 Pansa
694 4312 865 4388 commisit,
902 4311 1013 4379 eodem
1035 4333 1054 4376 a
1077 4310 1215 4378 Gadibus
1242 4330 1338 4376 nares
1358 4307 1517 4396 proiectae
1539 4315 1630 4384 sunt;

310 4407 395 4476 uuila
415 4407 498 4473 enim
519 4415 592 4493 post
613 4405 745 4472 hiemem
768 4404 910 4472 initante
928 4425 996 4470 eam
1018 4404 1102 4470 diem
1116 4403 1283 4490 navigatio.
1325 4408 1364 4469 Et
1377 4401 1520 4468 hercules
1538 4400 1632 4484 longe

310 4511 450 4569 remotus
472 4499 512 4566 ab
534 4500 620 4566 omni
640 4500 819 4587 suspicione
841 4499 939 4565 inturi
960 4498 1060 4564 civilis
1082 4499 1253 4572 turnultus,
1274 4497 1398 4585 penitus
1419 4496 1452 4561 in
1472 4491 1631 4560 Lusitania

379 4653 637 4706 adamianorum:
668 4654 810 4704 diminuere
835 4654 865 4704 li.
897 4677 927 4692 —
963 4655 1122 4703 existumare
1148 4653 1185 4704 Μ.
1218 4675 1248 4688 -
1285 4651 1312 4702 5.
1337 4651 1410 4700 Fort.
1434 4650 1566 4714 {acturum
1592 4659 1632 4695 rte

310 4726 398 4790 Μαι.
417 4724 468 4777 On.
491 4748 522 4760 -
558 4724 585 4774 o.
604 4725 687 4784 stret,
706 4725 775 4786 quod
792 4738 846 4773 noo
863 4725 987 4779 luntatis,
1006 4724 1055 4788 {set
1074 4724 1095 4772 1.
1115 4724 1145 4773 P.
1165 4721 1327 4773 Gronovius.
1346 4744 1379 4755 -
1416 4720 1443 4771 9.
1462 4719 1535 4769 Fert.
1553 4717 1631 4766 αἰπο-

311 4796 408 4846 deutra
429 4795 470 4846 ct.
491 4794 574 4856 iipist.
593 4792 637 4843 34.
657 4789 686 4855 8.
707 4794 720 4843 1
741 4799 766 4843 et
784 4794 810 4843 1.
831 4795 882 4845 On.
903 4819 934 4830 -
971 4793 1014 4844 25.
1034 4800 1058 4844 at
1076 4789 1161 4856 duces]
1181 4799 1210 4842 ut
1227 4793 1303 4842 duces
1319 4790 1357 4842 Μ.
1377 4813 1410 4826 -
1431 4787 1570 4852 postmodo
1588 4800 1630 4850 pr.

311 4863 352 4916 tt:
370 4864 536 4927 postmodum
554 4863 575 4913 ii
594 4875 656 4911 eum
674 4876 745 4914 corr.
765 4863 801 4912 Μ.
822 4889 855 4898 -
874 4864 917 4912 31.
937 4871 961 4913 st
979 4862 1141 4914 contionibus
1160 4863 1205 4913 bi:
1225 4859 1389 4912 concionibus
1407 4858 1437 4908 li.
1459 4883 1487 4895 —
1511 4857 1555 4908 31.
1572 4855 1632 4919 pot-

311 4947 392 4998 porsr
410 4935 465 4985 Vb:
483 4934 619 4996 patmum
637 4931 680 4993 iti,
698 4934 825 4996 palparer
839 4933 919 4996 plone
938 4933 968 4983 a.
991 4957 1021 4968 -
1057 4935 1101 4984 st.
1120 4933 1255 4983 conuitium
1272 4945 1355 4982 mcum
1373 4929 1418 4979 bi:
1444 4941 1527 4978 meum
1549 4927 1631 4976 coum·

312 5003 376 5056 uum
396 5005 426 5056 a.
457 5029 490 5040 -
526 5003 570 5055 81.
598 5003 670 5053 binos
687 5003 838 5054 toosuortor
863 5017 934 5054 corr.
954 5003 992 5055 bi.
1020 5025 1050 5040 -·
1085 5005 1162 5055 moia
1179 5003 1217 5056 Μ.
1244 5027 1278 5038 ·-
1314 5001 1427 5066 imposui
1454 4996 1521 5064 (uns
1542 4997 1631 5048 littera

311 5069 421 5139 abram)
439 5073 476 5126 Μ.
501 5098 535 5110 -
570 5067 614 5124 tt.
633 5073 727 5127 statim
745 5087 812 5126 mm.
831 5074 913 5126 Itur.
