3656 5868
732 414 807 480 blll.
827 417 867 480 V.
908 417 968 481 ΕΡ.
988 415 1018 481 8.
1040 416 1072 480 a.
1506 421 1548 486 'ta

222 568 299 645 sed,
322 569 355 636 ia
376 572 517 636 Marcum
539 569 759 639 benevolentia
779 573 865 660 pari,
887 573 948 639 boc
968 573 1067 659 magis
1090 593 1159 639 sum
1174 571 1286 642 Publio
1300 573 1439 653 deditus,
1462 576 1548 665 quod

222 686 291 740 me,
314 686 504 752 quamquam
526 665 697 752 apnerilia
722 688 779 732 sua
800 687 944 754 semper,
966 676 1069 732 tamen
1083 667 1144 733 boc
1156 680 1300 755 tempore
1315 671 1451 736 maxime
1467 670 1547 758 sicut

222 759 358 826 alterum
380 771 542 846 parentem
564 770 596 826 et
616 758 763 827 observat
784 771 815 826 et
836 761 946 846 diligit.
989 767 1019 826 5.
1041 765 1105 827 llas
1126 762 1245 828 litteras
1268 763 1361 830 velim
1384 764 1545 830 existimes

223 853 363 919 foederis
382 853 544 919 habituras
566 875 634 920 csse
665 854 744 930 vim,
778 877 841 921 non
863 855 1030 942 epistolae,
1066 877 1180 942 meque
1202 879 1255 932 ea,
1293 878 1373 946 quae
1395 856 1452 923 tibi
1472 879 1547 944 pro·

223 948 315 1013 mitto
337 969 373 1014 ac
394 947 532 1034 recipio,
569 948 762 1014 sanctissime
791 969 859 1014 esse
888 947 1132 1014 observaturum
1154 948 1455 1038 diligentissimeque
1478 973 1572 1018 esses

223 1041 391 1109 facturum.
445 1045 536 1121 Quae
557 1064 576 1108 a
598 1063 648 1107 me
670 1051 813 1129 suscepta
838 1041 980 1107 defensio
1003 1052 1050 1107 cst
1073 1050 1103 1107 te
1125 1041 1252 1109 absente
1274 1043 1432 1129 dignitatis
1453 1056 1547 1120 tuae,

223 1135 258 1200 ia
280 1156 317 1200 ea
338 1135 402 1201 iarn
423 1155 484 1221 ego
506 1156 570 1201 noa
591 1136 693 1201 solum
714 1133 871 1201 amicitiae
892 1143 1040 1210 nostmc,
1063 1136 1119 1200 sed
1141 1136 1238 1200 etiam
1251 1137 1443 1202 constantiae
1459 1159 1548 1203 meae

224 1251 318 1295 causa
340 1227 542 1316 permanebo.
596 1227 812 1309 Quamobrem
841 1230 915 1316 satis
943 1249 1011 1294 esse
1033 1229 1093 1295 boc
1114 1239 1257 1316 temporo
1286 1230 1456 1298 arbitratus
1478 1254 1548 1297 sum

224 1321 285 1388 boc
315 1322 356 1387 ad
387 1332 418 1388 te
448 1321 604 1388 scribere:
634 1345 699 1400 me,
736 1323 763 1389 si
789 1322 864 1410 quid
893 1323 961 1410 ipse
982 1323 1190 1410 intelligerem
1219 1325 1334 1389 autad
1356 1327 1547 1392 voluntatem

224 1427 279 1482 aut
300 1415 339 1482 ad
360 1416 562 1484 commodum
583 1427 637 1483 aut
658 1416 698 1484 ad
719 1417 955 1503 amplitudinem
977 1426 1062 1510 tempu
1084 1419 1261 1505 pertinere,
1290 1439 1361 1486 mea
1384 1431 1493 1507 sponte
1516 1420 1547 1486 id
1561 1447 1586 1488 n
1656 1409 1680 1502 3

224 1532 295 1576 esse
317 1510 490 1592 facturum;
513 1513 689 1578 sinautem
704 1511 864 1600 quidpiam
886 1521 940 1576 aut
961 1534 980 1576 a
1002 1521 1033 1578 te
1056 1533 1156 1578 essem
1181 1512 1358 1578 admonitus
1373 1525 1427 1579 aut
1442 1535 1460 1580 a
1476 1514 1546 1590 tuiS,

225 1605 428 1679 effecturum,
456 1615 489 1671 ut
518 1605 708 1692 intelligeres
737 1604 813 1671 nihil
847 1627 951 1692 aeque
979 1615 1011 1671 te
1047 1606 1209 1693 scripsisse
1231 1628 1334 1693 neque
1356 1627 1546 1695 quemquam

223 1707 353 1764 tuorum
383 1700 498 1764 frustra
525 1700 564 1765 ad
586 1720 637 1764 me
660 1699 817 1765 detulisse.
876 1699 1090 1778 Quamobrem
1111 1701 1206 1766 velim
1227 1701 1271 1767 ita
1292 1711 1323 1766 et
1344 1703 1411 1786 ipse
1434 1700 1474 1766 ad
1496 1723 1547 1767 me

224 1792 343 1860 scribas
358 1791 397 1858 de
412 1795 556 1861 omnibus
572 1795 724 1870 urinimis,
748 1793 908 1870 maximis,
923 1794 1136 1861 mediocribus
1151 1794 1261 1870 rebus,
1284 1805 1319 1860 ut
1333 1795 1374 1859 ad
1388 1795 1546 1861 bominem

225 1886 462 1968 amicissimum;
496 1898 527 1954 et
548 1890 609 1955 tuis
630 1889 819 1975 praecipias,
852 1897 887 1954 ut
908 1909 1019 1974 opera,
1052 1888 1199 1965 consilio,
1222 1888 1420 1964 auctoritate,
1444 1889 1545 1974 gratia
1561 1915 1587 1955 u

225 2002 296 2046 mea
318 1981 364 2046 sic
388 1991 515 2049 utantur
535 1983 569 2049 in
591 1981 753 2058 omnibus,
786 1981 935 2068 publicis,
958 1981 1103 2068 privatis,
1125 1981 1323 2055 forensibus,
1347 1982 1547 2058 domesticis,
1656 1985 1681 2068 ῤ

225 2061 300 2149 eds,
333 2075 523 2152 amicorum,
550 2077 724 2162 hospitum,
756 2077 915 2144 clientium
937 2087 1062 2143 tuorum
1086 2077 1234 2162 negotiis,
1264 2087 1312 2152 ut,
1354 2077 1459 2163 quoad
1481 2076 1550 2142 eius

226 2167 295 2234 lieri
315 2167 434 2254 possit',
455 2173 652 2257 praesentiae
674 2182 746 2238 tuae
768 2170 959 2237 desiderium
981 2192 1053 2236 meo
1075 2171 1184 2238 labore
1208 2171 1379 2238 minuatur.

697 2335 753 2396 rr.
796 2333 847 2412 (A.
874 2333 905 2396 o.
928 2333 960 2397 c.
982 2335 1070 2410 roas

568 2466 748 2530 vurmius
769 2467 849 2530 nn.
871 2465 1054 2530 crcaaom
1076 2465 1150 2530 suo
1174 2466 1205 2530 s.
1559 2505 1587 2548 „

313 2606 341 2667 l.
364 2605 395 2668 S.
417 2607 455 2668 V.
477 2607 511 2668 B.
533 2605 569 2668 Ε.
592 2607 627 2669 Ε.
650 2609 687 2670 V.
731 2602 764 2668 si
786 2613 872 2668 tuam
894 2601 1152 2668 consuetudinem
1175 2602 1207 2667 in
1229 2602 1411 2690 patrociniis
1425 2603 1550 2670 tuendis

226 2716 350 2768 servas,
372 2699 406 2760 P.
428 2695 571 2762 Vatinius
593 2696 689 2790 clieps
710 2697 850 2771 advenit,
872 2696 927 2784 qui
949 2717 1008 2782 pro
1030 2717 1064 2761 se
1086 2717 1213 2762 causam
1234 2694 1334 2762 dicier
1350 2697 1426 2762 vult.
1461 2702 1549 2772 Non,
1636 2684 1667 2780 l(

225 2798 318 2875 puto,
339 2787 522 2873 repudiabis
535 2789 566 2854 in
581 2788 718 2863 bonore,
741 2812 835 2877 quem
850 2791 883 2856 ia
895 2791 1037 2878 periculo
1052 2790 1206 2876 recepisti.
1250 2795 1317 2876 Ego
1334 2801 1439 2856 autem
1454 2812 1550 2878 quem

225 2883 331 2968 potius
352 2883 500 2969 adoptem
523 2894 577 2949 aut
598 2883 757 2958 invocem,
780 2906 875 2971 quam
890 2884 996 2958 illum,
1019 2905 1084 2971 quo
1098 2883 1283 2949 defendente
1298 2883 1423 2948 vincere
1435 2883 1550 2949 didici?

226 2981 274 3042 An
297 2996 428 3052 verear,
450 2997 507 3050 ne,
530 2977 585 3064 qui
614 2977 904 3063 potentissimorum
932 2977 1095 3043 bominum
1117 2977 1381 3062 conspirationem
1403 2976 1589 3061 neglexe-ss
1678 3013 1682 3018 -

226 3068 270 3133 rit
289 3089 349 3155 pro
371 3091 441 3134 mea
462 3070 579 3144 salute,
609 3070 636 3136 is
658 3092 717 3158 pro
740 3070 861 3136 bonore
883 3091 956 3138 meo
978 3070 1166 3158 pusillorpm
1187 3091 1224 3134 ac
1240 3069 1470 3135 malevolorum
1493 3068 1550 3134 ob-

226 3163 428 3228 trectatioaes
449 3172 481 3228 et
511 3163 642 3229 invidias
664 3186 727 3230 non
758 3173 938 3250 prosternat
970 3173 1063 3249 atque
1093 3163 1242 3229 obterat‘l
1274 3166 1395 3241 Quare,
1423 3163 1449 3228 si
1482 3184 1548 3238 me,

227 3255 308 3322 sicut
326 3258 426 3332 soles,
448 3278 550 3331 amas,
573 3259 696 3346 suscipe
718 3279 821 3323 meme
844 3267 966 3331 totum,
989 3265 1082 3343 atquc
1105 3257 1180 3331 boc,
1203 3255 1354 3343 quidquid
1379 3265 1426 3321 est
1445 3256 1551 3321 oneris

226 3372 264 3416 ac
284 3352 438 3427 muneris,
461 3373 521 3437 pro
542 3374 612 3417 mea
633 3351 782 3438 dignitate
803 3351 860 3418 tibi
881 3349 1032 3416 tuendum
1054 3371 1091 3416 ac
1111 3351 1328 3416 sustinendum
1351 3358 1437 3435 puta.
1482 3349 1550 3415 Scis

226 3465 328 3509 meam
349 3445 509 3511 fortunam
532 3447 639 3512 nescio
661 3445 822 3533 quomodo
845 3445 934 3510 facile
957 3444 1184 3510 obtrectatores
1205 3444 1364 3519 invenire,
1389 3465 1452 3509 non
1478 3464 1589 3511 meoso

227 3538 353 3625 quidem
375 3539 570 3606 mehercules
599 3539 729 3605 merito:
768 3538 824 3604 sed
846 3539 954 3626 quami
975 3538 1007 3604 id
1029 3539 1148 3612 refert,
1182 3539 1208 3604 si
1231 3548 1335 3604 umen
1356 3538 1420 3603 lato
1443 3537 1550 3603 nescio

227 3653 291 3719 quo
312 3632 447 3698 accidit?
491 3635 523 3699 Si
546 3635 599 3722 qui
622 3635 704 3700 forte
726 3633 835 3706 buerit,
857 3632 911 3720 qui
933 3644 1059 3697 nostrae
1081 3631 1223 3718 dignitati
1243 3631 1355 3698 obesse
1370 3633 1455 3706 velit,
1477 3641 1551 3719 peto

226 3738 315 3800 ate,
337 3735 373 3792 ut
393 3738 479 3793 tuam
501 3729 759 3795 consuetudinem
782 3736 812 3793 et
833 3725 1053 3793 liberalitatem
1076 3727 1108 3792 ia
1130 3747 1180 3791 mc
1202 3725 1330 3792 absente
1352 3725 1550 3793 defendendo

226 3818 304 3884 mibi
324 3832 475 3906 praestes.
525 3823 659 3888 Litteras
681 3822 721 3886 ad
742 3828 884 3887 senatum
906 3821 945 3886 de
967 3819 1062 3886 rebus
1083 3821 1199 3887 nostris
1222 3821 1333 3907 gestis,
1356 3841 1420 3907 quo
1443 3841 1551 3885 exem·

225 3915 280 4000 plo
301 3915 466 3991 miseram,
487 3917 569 3983 infra
591 3915 648 3982 tibi
669 3915 849 4002 perscripsi.
891 3918 922 3978 2.
944 3915 1067 3980 Dicitur
1087 3915 1165 3980 mibi
1186 3927 1258 3981 tuus
1280 3935 1390 3980 servus
1413 3933 1591 3998 euagon-ss

226 4017 290 4072 stes
311 4007 460 4093 fugitivus
481 4031 552 4076 cum
582 4009 735 4077 Vardaeis
765 4030 853 4086 esse;
881 4006 1006 4094 dequo
1028 4016 1063 4073 tu
1085 4008 1163 4072 mibi
1184 4008 1260 4073 nibil
1282 4006 1455 4080 mandasti,
1492 4027 1552 4090 ego

226 4111 347 4177 tamen,
380 4110 465 4168 terra
493 4105 636 4190 marique
658 4112 692 4169 ut
713 4103 972 4189 conquireretur,
1005 4102 1242 4186 praemandavi,
1271 4111 1302 4168 et
1324 4103 1470 4188 prolecto
1493 4099 1552 4164 tibi

226 4195 315 4259 illum
336 4196 512 4282 reperiam,
535 4197 595 4262 nisi
617 4195 644 4262 si
665 4196 697 4261 in
718 4196 905 4262 Dalmatiam
927 4194 1099 4281 aufugerit,
1122 4205 1153 4261 ct
1173 4196 1245 4261 inde
1261 4207 1365 4261 umen
1381 4193 1553 4280 aliquando

227 4309 347 4355 eruam.
390 4295 438 4355 'lu
460 4312 517 4356 nos
538 4291 588 4355 fac
608 4312 704 4357 ames.
747 4292 832 4357 Vale.
861 4295 897 4355 Δ.
924 4289 955 4355 d.
985 4295 1021 4356 V.
1064 4289 1138 4356 ldus
1161 4289 1334 4368 Quintiles,
1361 4311 1402 4352 ex
1424 4285 1552 4360 castris,

225 4387 361 4449 Narona.
1408 4413 1409 4416 ’
1563 4409 1591 4452 ⁴⁰

296 4587 322 4635 1.
342 4589 371 4635 t'n
387 4585 507 4637 Murcum
524 4585 702 4636 benevolentt'd
718 4587 782 4649 pari
800 4585 934 4636 Orellius:
964 4587 994 4634 tu
1019 4584 1112 4635 Murco
1139 4583 1342 4634 benevolentiam
1367 4583 1430 4644 poti
1448 4579 1494 4640 M,
1525 4581 1555 4628 lu

226 4655 319 4704 dlarco
337 4657 512 4706 benivolentia
529 4659 627 4719 impert
646 4658 677 4706 ll.
707 4681 738 4693 -
775 4658 802 4707 5.
821 4657 1023 4721 mascalarum
1041 4656 1086 4706 ll:
1114 4657 1247 4720 [acturum
1266 4654 1296 4704 Ε.
1327 4678 1360 4690 -
1395 4654 1423 4703 9.
1443 4652 1490 4701 boc
1508 4651 1555 4700 od·

225 4725 335 4775 scribere
354 4726 609 4792 Moruni-Lagona.
641 4753 668 4764 -
707 4726 941 4777 lamminarum
959 4725 1001 4776 ll:
1027 4725 1244 4789 oredtocrtlusque
1262 4723 1293 4773 ll.
1322 4747 1350 4760 -
1391 4721 1435 4772 l'l.
1454 4717 1553 4786 quood]

226 4797 297 4858 quod
315 4796 352 4846 ld.
383 4821 415 4832 -
445 4797 490 4847 22.
510 4799 546 4847 ud
564 4803 588 4848 te
608 4799 680 4847 vettt
698 4797 792 4862 ltepet.
813 4797 908 4846 Lamb.
937 4821 968 4831 —
1005 4795 1050 4845 28.
1070 4795 1212 4846 mosell:
1233 4808 1272 4844 me
1291 4793 1323 4844 a.
1345 4818 1374 4830 -
1412 4792 1555 4844 22121111·

225 4867 339 4915 nendum
366 4865 404 4917 bt.
437 4890 468 4903 -
505 4867 549 4918 32.
572 4869 596 4918 a·
612 4869 658 4932 qut
676 4866 722 4920 lt:
748 4868 846 4932 siquis
863 4868 894 4918 ll.
925 4889 955 4901 -
993 4865 1037 4916 st.
1057 4863 1118 4931 quo]
1143 4865 1213 4930 quod
1230 4863 1269 4916 Μ.
1300 4887 1331 4900 -
1368 4861 1412 4914 36.
1436 4863 1555 4928 [apulus

228 4933 344 4987 Ernestii
363 4949 473 5000 operae.
