3656 5868
696 417 769 479 Lus.
791 419 841 481 Vl.
884 418 943 481 ΕΡ.
965 421 996 482 5.
1018 421 1048 482 o.
1496 427 1537 490 ffd

214 571 272 640 sed
296 581 401 638 tamen
428 591 562 650 vereor,
594 594 634 638 ne
660 573 834 640 litterarum
862 595 880 640 a
904 595 954 638 me
976 573 1114 642 ofliclum
1135 579 1295 664 reqsslras3
1329 601 1406 667 quas
1428 581 1485 646 tibi
1507 590 1539 648 et

214 666 279 731 lam
301 665 424 752 pridem
447 673 478 731 et
499 686 591 752 saepe
614 667 784 740 misissem,
820 667 878 732 nisi
903 668 1043 755 quotidie
1065 670 1177 735 melius
1199 683 1382 758 exspectans
1404 677 1539 760 gratula-

213 761 335 826 tionem
367 781 459 846 quam
494 759 760 826 confirmationem
792 762 888 827 animi
923 763 968 828 tui
999 763 1162 848 complecti
1201 764 1313 832 litteris
1350 769 1537 836 maluissem.

213 859 319 928 Nunc,
354 863 389 919 ut
410 873 518 939 spero,
553 852 643 919 brevi
671 854 914 939 gratulabimur3
937 855 1040 941 itaque
1071 856 1103 920 in
1130 857 1213 922 aliud
1240 868 1362 944 tempus
1383 863 1416 928 id
1445 885 1539 950 argu-

214 957 354 1013 mentum
384 947 532 1033 epistolae
554 946 676 1013 differo.
733 953 763 1012 2.
799 948 855 1013 llis
884 959 987 1013 autem
1009 949 1119 1014 litteris
1141 951 1278 1016 animum
1300 963 1406 1030 tuum,
1443 979 1560 1044 quemn

214 1043 343 1106 minime
364 1039 553 1105 imbecillum
583 1061 651 1104 esse
683 1049 714 1106 et
741 1040 836 1106 audio
865 1049 896 1104 et
928 1061 1042 1126 spero,
1080 1043 1137 1108 etsi
1164 1063 1227 1108 non
1255 1046 1474 1130 sapientissimi
1507 1059 1538 1116 at

213 1135 394 1200 amicissimi
416 1133 550 1199 bominis
572 1134 757 1200 auctoritate
773 1133 1019 1200 confirmandum
1038 1135 1131 1200 etiam
1148 1146 1241 1224 atque
1257 1139 1350 1204 etiam
1364 1153 1457 1227 puto:
1480 1163 1538 1209 nec

213 1231 254 1295 iis
282 1228 409 1317 quidem
439 1226 558 1301 verbis,
591 1226 704 1313 quibus
732 1237 762 1292 13
794 1229 940 1293 consoler
966 1237 1001 1293 ut
1039 1229 1186 1294 afllictum
1213 1241 1244 1298 et
1274 1233 1335 1298 iam
1365 1237 1450 1301 omni
1482 1258 1538 1323 spe

214 1323 323 1389 salutis
350 1321 512 1394 orbatum,
549 1320 659 1385 sedat
681 1343 768 1396 eum,
806 1321 845 1386 de
874 1322 962 1386 cuius
983 1323 1194 1389 incolumitate
1223 1347 1286 1391 non
1308 1328 1377 1413 plus
1399 1329 1538 1394 dubitem

215 1438 311 1503 quam
337 1426 369 1481 te
399 1413 528 1480 memini
558 1412 701 1478 dubitare
723 1414 762 1479 de
787 1436 866 1480 mea.
909 1419 986 1480 Nam
1007 1436 1078 1480 cum
1100 1438 1150 1482 me
1172 1439 1214 1483 ex
1235 1441 1271 1485 re
1293 1421 1417 1506 publica
1439 1444 1576 1509 expu-sn

214 1511 324 1576 lissent
345 1509 384 1584 ii,
407 1509 460 1596 qui
483 1507 566 1571 illam
588 1507 700 1574 cadere
721 1529 814 1595 posse
837 1516 937 1574 stante
959 1530 1008 1574 me
1029 1530 1092 1574 nou
1107 1520 1267 1596 putarant,
1289 1515 1417 1581 memini
1432 1537 1482 1580 me
1497 1538 1538 1582 ex

214 1604 321 1670 multis
343 1601 534 1688 hospitibus,
557 1601 611 1687 qui
633 1601 672 1666 ad
694 1624 745 1667 me
768 1623 808 1667 ex
829 1603 918 1677 Asia,
941 1603 973 1667 in
991 1612 1107 1690 quatu
1129 1625 1215 1680 eras,
1237 1619 1404 1684 venerant,
1427 1610 1537 1676 audire

214 1707 247 1763 13
270 1698 308 1763 de
330 1696 470 1782 glorioso
492 1704 523 1761 ct
544 1695 639 1760 celeri
660 1696 763 1761 reditu
785 1716 856 1760 meo
881 1694 1078 1761 confirmare.
1121 1702 1152 1762 3.
1175 1699 1207 1765 Si
1229 1708 1260 1764 te
1281 1701 1363 1765 ratio
1384 1703 1537 1788 quaedam

111 1791 114 1799 '
214 1795 366 1857 Etmscae
382 1789 580 1876 disciplinae,
615 1811 709 1877 quam
731 1811 748 1854 a
769 1799 876 1877 patre,
906 1788 1100 1855 nobilissimo
1121 1799 1214 1878 atque
1237 1794 1356 1879 optimo
1379 1795 1465 1880 viro,
1487 1818 1539 1862 ac-
1638 1780 1663 1854 ‚¹

215 1907 362 1972 ceperas,
392 1906 455 1950 non
485 1883 610 1960 fefellit,
636 1905 676 1947 33
699 1905 756 1949 333
777 1882 903 1970 quidem
926 1895 1031 1948 nostra
1053 1882 1204 1950 divinatio
1226 1885 1327 1952 fallet:
1351 1910 1443 1975 quam
1466 1911 1537 1956 cum
1550 1914 1576 1953 ss

216 1979 517 2066 sapientissimorum
549 1977 693 2043 virorum
714 1977 924 2043 monumentis
945 1986 1038 2063 atque
1060 1978 1235 2063 praeceptis
1257 1980 1472 2069 plurimoque,
1502 1994 1539 2049 ut

216 2083 251 2139 13
273 2073 348 2147 3313,
371 2071 531 2136 doctrinae
553 2070 674 2145 studio,
706 2080 772 2136 tum
794 2091 908 2155 magno
930 2069 1023 2136 etiam
1046 2092 1104 2135 usu
1126 2073 1304 2138 tractandae
1326 2075 1537 2162 reipublicae

215 2187 390 2254 magnaque
411 2176 591 2230 nostrorum
613 2174 791 2249 temporum
812 2164 962 2229 varietate
984 2165 1141 2229 consecuti
1163 2187 1280 2232 sumus.
1336 2173 1366 2234 1.
1390 2171 1448 2236 Cui
1470 2171 1538 2257 qui-

216 2262 287 2326 dem
309 2259 492 2325 divinationi
515 2258 573 2323 boc
594 2259 663 2344 plus
685 2258 888 2331 confidimus,
929 2257 1015 2344 quod
1037 2278 1073 2321 ea
1094 2280 1151 2324 nos
1173 2259 1250 2324 nibil
1272 2261 1304 2326 in
1326 2261 1374 2328 bis
1396 2273 1458 2328 tam
1480 2263 1537 2330 ob·

217 2354 318 2420 scuris
337 2351 434 2417 rebus
456 2361 581 2438 tamque
602 2351 792 2438 perturbatis
813 2371 951 2438 unquam
972 2351 1101 2416 omnino
1116 2350 1234 2417 fefellit.
1276 2355 1432 2431 Dicerem,
1457 2379 1575 2445 quaeso

217 2457 288 2513 aute
308 2446 412 2512 futura
441 2445 607 2520 dixissem,
641 2447 674 2510 ni
695 2467 840 2519 vererer,
876 2467 916 2511 ue
946 2467 987 2509 ex
1008 2445 1128 2510 eventis
1150 2445 1267 2531 lingere
1296 2449 1432 2516 viderer.
1476 2452 1537 2517 Sed

216 2552 320 2607 tamen
340 2539 468 2626 plurimi
490 2549 560 2604 sunt
582 2549 676 2605 testes
697 2561 747 2604 me
769 2549 800 2605 et
820 2539 930 2614 initio,
953 2559 993 2602 ne
1015 2539 1220 2624 coniungeret
1241 2563 1274 2606 se
1296 2564 1368 2610 cum
1390 2549 1537 2621 Caesam,

216 2634 375 2700 monuisse
395 2633 593 2717 Pompeium,
616 2643 647 2698 ct
667 2640 797 2719 postea,
819 2654 858 2697 ne
872 2632 1066 2717 seiungeret:
1091 2633 1309 2700 coniunctione
1328 2637 1429 2724 frangi
1449 2661 1538 2704 seua-

216 2741 266 2797 tus
287 2750 379 2816 opes,
402 2727 593 2793 diiunctione
615 2726 704 2792 civile
726 2727 841 2793 bellum
856 2726 986 2791 excitari
1007 2724 1162 2792 videbam.
1205 2733 1305 2815 Atque
1319 2732 1432 2797 utebar
1447 2733 1538 2798 fami·

216 2825 379 2892 liarissimc
402 2826 550 2895 Caesare,
581 2822 765 2907 Pompeium
790 2819 942 2886 faciebam
964 2818 1114 2905 plurimi;
1144 2820 1199 2885 sed
1220 2831 1288 2888 erat
1309 2845 1414 2890 meum
1436 2826 1575 2892 consi-es

217 2918 293 2985 llum
316 2938 386 2982 cum
408 2913 499 2979 fidele
520 2915 686 2999 Pompeio,
709 2923 776 2980 tum
798 2915 932 2979 salutare
949 2913 1085 2999 utrique.
1129 2917 1158 2978 5.
1182 2916 1270 2991 Quae
1285 2927 1448 3001 practerea
1462 2940 1538 3005 pro-

216 3011 367 3084 viderim,
388 3018 563 3094 praetereo.
605 3009 685 3073 Nolo
710 3008 792 3072 enim
812 3007 894 3072 bunc
915 3006 955 3070 de
978 3026 1028 3069 me
1054 3005 1171 3090 optime
1195 3010 1341 3075 meritum
1358 3013 1538 3078 existimare

217 3128 255 3172 ea
273 3126 324 3169 me
343 3102 476 3169 suasisse
496 3101 663 3188 Pompeio,
686 3099 800 3188 quibus
821 3099 872 3164 ille
894 3100 920 3164 si
935 3098 1105 3184 paruisset,
1127 3108 1209 3164 esset
1223 3101 1275 3168 bic
1289 3103 1416 3190 quidem
1436 3105 1538 3170 clarus

216 3201 249 3265 in
269 3209 343 3284 toga
368 3206 399 3262 et
419 3196 581 3282 princeps,
604 3195 660 3260 sed
682 3203 780 3260 tantas
802 3215 895 3280 opes,
921 3203 1050 3279 quantas
1072 3213 1154 3257 nuuc
1175 3194 1289 3270 babet,
1311 3218 1374 3262 non
1396 3197 1536 3266 baberet.

216 3292 361 3359 Eundum
382 3291 415 3354 in
436 3288 614 3374 Hispaniam
641 3288 762 3353 censui:
796 3287 881 3375 quod
913 3287 941 3352 si
976 3285 1115 3362 fecisset,
1152 3288 1244 3354 civile
1274 3289 1389 3355 bellum
1418 3292 1576 3358 nullumso

218 3387 346 3453 omnino
367 3383 486 3448 lusisset.
540 3383 701 3449 Rationem
735 3381 844 3447 baberi
875 3379 1011 3446 absentis
1032 3402 1096 3446 nou
1118 3391 1181 3446 tam
1202 3385 1337 3469 pugnavi
1359 3386 1537 3462 alliceret,

217 3501 310 3567 quam
331 3486 383 3551 ut,
414 3477 560 3563 quoniam
592 3477 662 3563 ipso
684 3475 812 3542 consule
839 3484 994 3561 pugnante
1015 3475 1150 3561 populus
1172 3477 1320 3552 iusserat,
1357 3479 1536 3547 baberetur.

218 3579 316 3640 Causa
338 3580 407 3636 orta
429 3569 501 3635 belli
533 3578 591 3636 est.
642 3569 726 3648 Quid
754 3589 815 3656 ego
842 3569 1038 3656 praetermisi
1065 3577 1117 3634 aut
1139 3571 1330 3637 monitorum
1352 3583 1406 3640 aut
1426 3597 1539 3662 quere-

217 3667 337 3731 laruml
361 3684 432 3729 cum
447 3663 496 3727 vel
511 3663 738 3750 iniquissimam
752 3684 861 3749 pacem
875 3664 1045 3730 iustissimo
1068 3661 1151 3728 bebo
1166 3665 1365 3733 anteferrem.
1398 3674 1428 3734 6.
1451 3670 1537 3735 Victa

218 3769 264 3824 est
285 3759 453 3824 auctoritas
475 3778 559 3832 mea,
587 3778 650 3822 non
676 3765 738 3820 tam
761 3778 778 3821 a
799 3757 950 3843 Pompeio
972 3793 1010 3804 —
1032 3777 1104 3820 nam
1126 3757 1153 3822 is
1174 3758 1359 3826 movebatur
1381 3797 1420 3808 —
1443 3777 1575 3848 quamtt

217 3852 255 3917 ab
277 3852 333 3925 iis,
371 3851 425 3938 qui
455 3848 534 3916 duce
563 3851 714 3937 Pompeio
746 3849 817 3914 freti
846 3858 1114 3937 peropportunam
1140 3861 1171 3917 et
1191 3851 1287 3918 rebus
1308 3854 1485 3919 domesticis
1506 3865 1537 3920 et

218 3943 436 4032 cupiditatibus
457 3944 522 4009 suis
543 3943 625 4009 illius
647 3942 721 4009 belli
743 3943 907 4009 victoriam
928 3945 997 4009 fore
1012 3944 1170 4031 putabant.
1214 3950 1399 4033 susceptum
1420 3947 1536 4013 bellum

218 4047 264 4104 est
285 4039 464 4126 quiescente
486 4060 553 4117 me;
584 4037 748 4124 depulsum
770 4059 811 4103 cx
832 4039 919 4104 ltalia
939 4047 1083 4103 manente
1104 4061 1173 4115 me,
1196 4039 1300 4126 quoad
1321 4041 1420 4127 potui.
1455 4035 1474 4122 ί
1475 4042 1536 4107 Sed

217 4133 314 4198 valuit
335 4133 418 4220 apud
439 4154 489 4198 me
509 4132 579 4219 plus
601 4130 705 4218 pudor
726 4153 815 4196 meus
836 4153 929 4218 quam
948 4130 1043 4196 timor
1051 4109 1201 4219 ,ivenus
1223 4155 1292 4198 sum
1315 4133 1423 4200 deesse
1444 4141 1537 4201 Pom·
1574 4113 1639 4200 ab

217 4205 289 4312 pali
307 4227 413 4302 saluti,
446 4248 517 4293 cum
543 4226 596 4292 ille
625 4225 791 4312 aliquando
812 4246 876 4290 nou
903 4218 1057 4290 defuisset
1073 4246 1170 4292 meae.
1228 4231 1335 4314 ltaque
1359 4229 1409 4294 vel
1432 4229 1574 4294 olliciow

218 4322 266 4386 331
287 4321 369 4386 fama
390 4319 547 4387 bonorum
567 4321 617 4385 sel
638 4319 760 4406 pudore
780 4319 897 4394 victus,
918 4319 1006 4384 3113
1027 4317 1140 4384 fabulis
1159 4320 1384 4406 Amphiaraus,
1409 4320 1454 4387 sic
1475 4343 1535 4407 ego

218 4414 354 4500 prudens
376 4415 526 4480 31331333
548 4463 567 4490 ,,
575 4414 615 4480 ad
635 4423 755 4500 pestem
776 4421 847 4478 3313
868 4414 977 4478 333133
998 4414 1156 4500 positam”
1179 4434 1247 4479 sum
1262 4413 1431 4499 profectus.
1463 4417 1535 4492 Quo

217 4509 250 4573 in
270 4507 354 4574 bebo
376 4509 453 4573 nibil
474 4507 599 4574 adversi
612 4507 724 4578 accidit
737 4529 801 4573 uon
814 4507 1013 4593 praedicente
1034 4527 1095 4572 me.
1138 4511 1169 4573 7.
1192 4510 1298 4585 Quare
1315 4510 1479 4595 quoniam,
1502 4518 1537 4574 31

218 4619 352 4686 augures
367 4610 399 4665 et
413 4601 563 4686 astrologi
570 4599 690 4673 solent,
713 4621 772 4686 ego
787 4620 913 4687 quoque
935 4619 1036 4684 augur
1050 4598 1193 4686 publicus
1208 4623 1249 4666 ex
1264 4601 1341 4666 meis
1362 4601 1537 4687 superiori-

286 4783 312 4832 2.
332 4789 357 4832 st
374 4796 400 4832 ac
417 4783 572 4833 nemausen
589 4784 627 4834 11.
661 4807 691 4819 -
726 4783 753 4833 d.
773 4779 811 4846 ta]
831 4783 861 4831 ln
877 4782 915 4833 11.
937 4806 967 4817 -
1004 4781 1030 4832 b.
1050 4783 1204 4832 imbecillum
1220 4783 1266 4833 bl:
1287 4782 1434 4833 imbecillem
1453 4783 1482 4834 E.
1504 4808 1531 4819 -

217 4851 243 4901 8.
269 4853 308 4902 bia
335 4853 373 4902 11.
402 4873 434 4887 -·
470 4855 512 4903 ll.
536 4861 668 4916 putarunt
699 4853 865 4903 Lambinus:
891 4859 1023 4914 putarunt
1048 4853 1112 4913 1111,
1139 4859 1266 4916 putarent
1297 4853 1422 4903 Ambros.
1449 4854 1477 4903 2.
1504 4881 1532 4890 -

219 4923 261 4972 1³.
280 4923 407 4986 quaedum
425 4924 556 4974 trotuacoc
574 4924 611 4975 11.
639 4949 670 4960 -
706 4923 749 4974 23.
770 4923 863 4974 blallm
882 4937 914 4973 33
930 4936 956 4972 se
972 4923 1126 4987 3313333331.
1145 4923 1226 4974 11333-
1247 4947 1279 4958 -
1313 4923 1358 4974 24.
1377 4924 1536 4975 diiunctione

217 4991 262 5042 u:
288 4993 459 5042 3133331133
478 4992 509 5043 u.
543 5017 570 5028 -
608 4993 735 5056 3113313
752 4993 789 5044 11.
820 5019 849 5030 -
887 4993 932 5044 32.
951 4995 1076 5057 comtum
1100 4993 1146 5045 bia
1174 4993 1279 5058 quondo
1305 4994 1337 5045 E.
1364 5017 1395 5031 -
1432 4995 1536 5045 311113

220 5061 256 5113 11.
277 5087 307 5099 -
343 5061 388 5112 43.
408 5063 741 5128 333113311113333111.
