3656 5868
641 427 715 490 LlB.
737 428 774 490 V.
816 429 875 491 ΕΡ.
898 429 947 490 18.
971 427 1020 490 19.
1042 426 1093 490 20.
1486 431 1526 494 83

204 586 355 656 omnibus
387 545 435 652 bis
466 585 506 652 de
534 583 638 650 causis
669 583 765 650 debes
792 585 883 650 istam
918 584 1092 652 molestiam
1126 607 1221 673 quam
1255 587 1410 654 lenissime
1431 588 1525 655 lerre.

205 689 297 793 licus
327 680 531 842 eulpaepseterit
557 679 591 746 in
621 686 653 744 te
679 677 860 767 liberosque
890 687 961 746 tuos
989 701 1134 766 semper,
1167 701 1261 768 quem
1283 693 1317 747 tu
1338 702 1407 747 esse
1428 683 1475 750 vis
1496 695 1526 749 et

206 800 263 865 qm
284 797 354 844 esse
471 822 480 840 .

668 918 751 980 xlx.
794 915 845 994 (A.
872 919 904 980 o.
927 917 958 980 c.
981 916 1068 994 705.)

729 1030 870 1095 alcano
893 1031 1006 1094 nuno.
1538 1071 1551 1114 5

294 1157 323 1219 1.
355 1151 420 1218 Etsi
452 1151 527 1216 mibi
560 1169 719 1236 nunquam
750 1148 881 1214 dubium
916 1148 990 1225 luit,
1026 1150 1102 1237 quin
1130 1150 1188 1216 tibi
1209 1171 1309 1217 essem
1331 1153 1527 1226 carissimus,

207 1258 313 1315 tamen
335 1245 475 1333 quotidie
497 1245 595 1329 magis
626 1243 659 1308 id
679 1243 851 1329 perspicio,
885 1253 1047 1330 exstatque
1069 1244 1117 1319 id,
1140 1245 1226 1331 quod
1247 1245 1324 1310 mihi
1345 1250 1528 1314 ostenderas
1556 1299 1559 1308 ,

208 1341 397 1431 quibusdam
427 1339 557 1414 litteris,
591 1338 651 1404 boc
678 1348 709 1402 te
739 1336 960 1404 studiosiorem
981 1338 1014 1403 in
1035 1359 1086 1403 me
1107 1338 1238 1405 colendo
1260 1338 1344 1416 lore,
1382 1365 1473 1429 quam
1496 1345 1529 1409 iu

208 1435 370 1524 provincia
391 1433 504 1499 luisses
524 1469 566 1480 -
588 1433 647 1497 etsi
670 1452 743 1497 meo
765 1431 883 1496 iudicio
904 1431 982 1496 nihil
1002 1431 1040 1498 ad
1065 1442 1153 1498 tuum
1178 1433 1370 1519 provinciale
1392 1437 1528 1503 ollieium

208 1530 281 1597 addi
304 1535 406 1614 potest
427 1563 483 1600 -,
513 1545 578 1612 quo
600 1524 732 1591 liberius
753 1524 903 1589 iudicium
925 1545 994 1590 esse
1016 1535 1122 1612 posset
1143 1535 1241 1591 tuum.
1294 1531 1401 1615 ltaque
1422 1551 1473 1595 me
1499 1539 1567 1596 et¹⁰

207 1623 390 1710 superiores
412 1620 534 1687 litterae
556 1628 628 1684 tuae
650 1617 819 1684 admodum
840 1617 1092 1694 delectaverunt,
1128 1620 1242 1707 quibus
1265 1631 1295 1687 et
1316 1633 1528 1708 exspectatum

208 1739 316 1784 meum
350 1715 517 1781 adventum
545 1712 602 1778 abs
632 1721 662 1778 te
683 1720 825 1776 amanter
852 1710 996 1778 videbam
1019 1723 1065 1788 et,
1096 1733 1167 1778 cum
1187 1714 1276 1780 aliter
1296 1737 1348 1781 res
1369 1717 1531 1783 cecidisset

209 1832 246 1877 ae
266 1821 423 1896 putasses,
453 1815 484 1874 te
506 1828 578 1873 meo
599 1806 731 1872 consilio
753 1826 868 1891 magno
890 1826 987 1893 opere
1010 1827 1078 1872 esse
1099 1807 1266 1883 laetatum,
1297 1820 1328 1874 et
1349 1809 1397 1874 bis
1418 1811 1529 1898 proxi·

208 1903 270 1968 mis
291 1902 403 1969 litteris
424 1923 571 1986 magnum
593 1901 663 1986 cepi
684 1900 821 1966 laudum
843 1909 875 1965 et
895 1900 1005 1966 iudicii
1026 1911 1057 1966 et
1078 1901 1171 1966 officii
1193 1901 1260 1967 tui:
1281 1902 1410 1978 iudicii,
1445 1904 1529 1991 quod

207 1997 351 2081 intelligo
372 2005 423 2071 te,
445 1995 479 2061 id
499 1995 587 2082 quod
608 2015 717 2060 omnes
738 1993 837 2060 fortes
859 2015 895 2059 ac
916 1995 992 2060 boni
1013 1995 1075 2062 viri
1097 1995 1200 2060 lacere
1222 1993 1351 2070 debent,
1375 1996 1451 2063 nibil
1472 2018 1529 2083 pu·
1542 2006 1566 2046 ¹³

209 2100 277 2156 tare
298 2091 373 2156 utile
396 2111 464 2154 esse
486 2088 546 2155 nisi
562 2088 648 2175 maed
661 2099 783 2154 rectum
800 2088 1028 2176 honestumque
1043 2089 1096 2167 sit;
1119 2089 1228 2163 officii,
1251 2090 1336 2176 quod
1350 2099 1380 2154 te
1395 2113 1529 2166 mecum,

209 2183 420 2270 quodcunque
441 2183 595 2269 cepissem
625 2182 766 2254 consilii,
798 2182 958 2268 polliceris
979 2182 1064 2249 lore:
1095 2203 1160 2270 quo
1188 2203 1291 2270 neque
1313 2185 1389 2250 mibi
1411 2187 1529 2270 gratius

209 2299 331 2364 neque,
361 2287 396 2342 ut
424 2297 483 2361 ego
516 2276 669 2352 arbitror,
703 2274 760 2340 tibi
781 2275 942 2341 honestius
963 2297 1033 2341 esse
1054 2277 1225 2364 quidquam
1246 2286 1359 2363 potest.
1402 2283 1432 2346 2.
1453 2279 1530 2345 Mihi

210 2371 377 2438 consilium
399 2381 523 2457 captum
548 2369 668 2435 iamdiu
696 2379 760 2434 est:
795 2368 833 2434 de
856 2390 920 2455 quo
941 2369 980 2434 ad
1001 2380 1052 2446 tc,
1088 2391 1151 2436 uon
1174 2392 1239 2457 quo
1261 2371 1406 2437 celandus
1428 2393 1530 2448 esses,

211 2466 289 2532 nibil
320 2463 433 2550 scripsi
458 2473 563 2539 antea,
600 2462 656 2528 sed
685 2463 760 2550 quia
789 2463 1029 2530 communicatio
1058 2464 1182 2530 consilii
1203 2465 1256 2530 tali
1278 2473 1419 2551 tempore
1441 2469 1529 2554 quasi
1540 2483 1568 2524 ¹⁰

211 2559 366 2646 quaedam
387 2557 560 2623 admonitio
592 2557 718 2622 videtur
745 2578 813 2622 esse
843 2557 934 2622 officii
955 2558 1006 2622 vel
1026 2559 1131 2644 potius
1154 2559 1334 2644 efflagitatio
1355 2557 1394 2625 ad
1415 2570 1531 2626 coeun-

210 2654 282 2720 dam
304 2652 484 2717 societatem
507 2650 556 2716 vel
577 2650 712 2736 periculi
733 2650 784 2716 vel
804 2649 932 2716 laboris.
963 2635 1061 2728 (Cum
1082 2672 1160 2717 vero
1182 2673 1219 2719 ea
1241 2662 1293 2718 tua
1315 2652 1356 2717 sit
1376 2653 1530 2729 voluntas,
1608 2647 1741 2764 Qum

209 2746 403 2820 humanitas,
437 2743 655 2811 benevolentia
682 2764 758 2830 erga
787 2731 862 2844 me)
891 2743 1025 2810 libenter
1057 2741 1359 2832 amplectb‘r'ltffleffi
1376 2749 1529 2823 animum,
1672 2732 1689 2754 '

209 2840 267 2906 sed
288 2840 329 2904 ita
350 2877 392 2888 -
412 2861 476 2904 nou
498 2838 583 2904 enim
604 2838 757 2904 dimittam
779 2839 935 2923 pudorem
956 2838 989 2903 in
1009 2839 1151 2924 rogando
1166 2860 1272 2904 meum
1294 2877 1351 2914 -,
1374 2841 1401 2906 si
1416 2840 1529 2907 leceris

210 2934 264 3008 id,
286 2933 372 3018 quod
393 2932 549 3008 ostendis,
582 2953 724 3016 magnam
746 2931 869 2998 habebo
891 2931 1040 3017 gratiam;
1063 2933 1089 2997 si
1111 2955 1174 2998 non
1195 2933 1329 3008 feceris,
1352 2933 1525 3018 ignoscam,
1541 2949 1569 2992 ’ὁ

207 3037 241 3094 et
262 3027 396 3092 alterum
417 3025 542 3101 timori,
564 3025 696 3091 alterum
721 3026 800 3091 mibi
818 3037 849 3091 te
869 3045 986 3110 negare
1008 3046 1071 3091 non
1092 3026 1231 3112 potuisse
1252 3024 1441 3092 arbitrabor.
1476 3032 1532 3092 Est

209 3121 295 3187 euim
317 3141 368 3185 res
390 3119 532 3206 prolecto
554 3119 699 3184 maxima.
758 3119 843 3197 Quid
864 3129 986 3184 rectum
1007 3118 1063 3193 sit,
1097 3127 1243 3205 apparet;
1266 3119 1344 3206 quid
1365 3119 1529 3205 expediat,

210 3215 382 3281 obscurum
405 3222 470 3278 est:
501 3211 544 3276 ita
566 3221 682 3286 tamem
716 3223 770 3284 ut,
804 3212 832 3277 si
854 3234 911 3279 nos
943 3213 967 3277 ii
998 3211 1110 3288 simus,
1142 3213 1197 3299 qui
1219 3233 1288 3278 esse
1310 3211 1476 3289 debemus,
1497 3214 1530 3279 id

210 3317 274 3383 est,
307 3307 412 3373 studio
445 3306 532 3391 digni
561 3326 598 3370 ao
624 3306 737 3371 litteris
765 3307 899 3381 uostris,
935 3305 1080 3373 dubitare
1108 3328 1171 3373 non
1192 3307 1364 3393 possimus,
1394 3307 1470 3396 quin
1493 3328 1530 3373 ee

210 3402 347 3467 maxime
368 3400 558 3474 conducant,
580 3421 661 3487 quae
683 3409 755 3466 sunt
775 3401 959 3467 rectissima.
1013 3405 1120 3478 Quare
1140 3411 1195 3476 tu,
1218 3401 1245 3466 si
1266 3401 1359 3467 simul
1380 3400 1567 3487 placebit,³⁰

209 3496 313 3562 statim
335 3495 375 3560 ad
396 3515 446 3561 me
474 3493 592 3560 venies.
650 3494 743 3574 †Sin
771 3494 855 3560 idem
877 3494 1011 3581 placebit
1032 3505 1125 3581 atque
1147 3494 1279 3569 eodem,
1301 3515 1359 3559 nec
1380 3494 1528 3560 continuo

209 3589 347 3676 poterit,
376 3587 482 3652 omnia
503 3585 561 3652 tibi
582 3598 618 3653 ut
638 3597 713 3652 nota
738 3587 813 3662 sint,
847 3583 972 3654 faciam.
1026 3589 1186 3674 Quidquid
1209 3588 1367 3664 statueris,
1401 3596 1431 3654 te
1453 3579 1529 3653 mihi

209 3683 361 3759 amicum,
383 3682 432 3748 sin
453 3680 500 3758 id,
523 3681 608 3767 quod
629 3688 722 3768 opto,
744 3681 837 3748 etiam
858 3682 1081 3748 andelesimum
1102 3681 1257 3749 iudicabo.

680 3823 747 3886 xx.
791 3822 839 3907 (A.
865 3826 897 3887 o.
921 3827 952 3888 e.
974 3821 1059 3910 705.)

733 3936 875 4002 oceno
897 3937 1011 4002 aueo,
1538 3979 1566 4021 „

296 4060 325 4121 l.
348 4058 485 4143 Quoquo
506 4054 602 4121 modo
623 4055 810 4141 potuissem,
845 4064 876 4121 te
898 4056 1128 4131 convenissem,
1153 4056 1180 4122 si
1202 4079 1256 4134 eo,
1278 4079 1342 4147 quo
1363 4059 1530 4127 constitue·

210 4171 281 4225 ras,
314 4148 422 4214 venire
450 4149 614 4215 voluisses.
672 4153 778 4228 Quare
800 4150 858 4216 etsi
880 4150 942 4214 mei
963 4150 1120 4216 commodi
1142 4172 1235 4216 causa
1256 4173 1456 4218 commovere
1477 4174 1528 4216 me

211 4243 353 4318 noluisti,
386 4250 488 4308 mmen
516 4243 558 4308 ita
587 4243 747 4308 existimes
775 4244 869 4309 velim
902 4263 953 4308 mc
985 4245 1191 4310 antelaturum
1224 4244 1336 4321 luisse,
1370 4245 1396 4310 si
1417 4245 1456 4312 ad
1478 4266 1528 4311 me

211 4338 361 4410 misisses,
383 4335 575 4402 voluntatem
597 4346 683 4401 tuam
704 4337 870 4403 commodo
892 4359 974 4403 meo.
1016 4337 1063 4403 dd
1079 4358 1131 4414 ea,
1154 4360 1234 4425 quae
1250 4339 1419 4425 scripsisti,
1442 4361 1528 4404 com·

211 4431 334 4497 modius
356 4429 503 4516 equidem
524 4451 649 4517 possem
671 4431 710 4496 de
732 4431 862 4516 singulis
883 4430 923 4495 ad
943 4441 974 4496 te
995 4430 1091 4497 rebus
1108 4431 1263 4507 scribere,
1286 4433 1313 4498 si
1334 4438 1375 4498 Μ.
1397 4432 1565 4506 tullinam

211 4525 314 4614 sepiba
334 4544 443 4598 meus,
479 4522 617 4590 adesset:
651 4545 754 4610 aquo
776 4525 852 4590 mibi
875 4524 1072 4610 exploratum
1094 4535 1156 4600 est,
1184 4525 1218 4590 in
1238 4525 1413 4593 rationibus
1436 4524 1526 4589 dum·
1649 4547 1666 4598 a

211 4628 296 4684 taxat
314 4616 489 4682 referendis
511 4653 550 4664 -
573 4617 613 4682 de
634 4618 746 4684 ceteris
768 4617 864 4684 rebus
880 4619 1035 4684 affirmare
1056 4640 1120 4684 non
1140 4641 1269 4706 possum
1293 4652 1332 4664 -
1354 4619 1432 4685 nibil
1453 4640 1526 4686 eum

1660 4483 1670 4525 l

282 4802 307 4850 1.
335 4800 459 4848 mutim
479 4799 510 4848 B.
540 4823 569 4836 -·
615 4799 658 4848 13.
691 4807 716 4849 ct
750 4813 783 4849 ec
808 4800 847 4849 bia
878 4800 1126 4865 Metisci-laguna.
1156 4825 1185 4838 -
1234 4803 1278 4853 25.
1305 4803 1396 4853 tuom
1421 4801 1459 4854 Μ.
1496 4825 1527 4838 -

211 4870 255 4920 17.
287 4866 365 4933 Quid]
390 4869 459 4932 quod
483 4868 521 4918 Μ.
548 4893 580 4905 -
615 4868 659 4919 28.
684 4883 732 4919 nor
753 4867 783 4932 ii]
808 4871 879 4919 nortl
896 4871 933 4920 Μ.
953 4893 987 4908 -
1020 4873 1163 4923 mmorll:
1193 4885 1281 4922 mmor
1299 4873 1329 4922 ll.
1361 4896 1393 4908 -
1433 4873 1476 4922 29.
1496 4886 1528 4921 oc

212 4939 257 4988 ll:
285 4947 311 4989 et
335 4939 366 4989 Ε.
400 4963 431 4974 -
467 4937 510 4988 30.
544 4945 586 4996 to,
617 4939 694 4988 etmel
722 4940 756 4990 Α.
789 4963 820 4975 -
856 4941 899 4989 ³2.
927 4943 1027 5003 poterit
1049 4943 1095 4995 bl:
1122 4945 1220 5004 poterit
1245 4944 1275 4992 li.
1309 4967 1338 4980 ·-
1384 4941 1428 4992 ³6.
1460 4943 1528 5004 Quo·

212 5024 262 5073 qaae
280 5011 373 5072 Repet.
394 5008 504 5060 lamb:
525 5010 581 5070 Qec
598 5008 658 5060 ΜΕ.
680 5033 710 5046 -·
746 5009 790 5060 ³7.
810 5011 859 5059 enei
877 5009 923 5061 tls
944 5013 983 5060 tui
1000 5012 1030 5062 ll.
1053 5036 1079 5049 -
1118 5012 1163 5064 38.
1181 5014 1205 5062 ri
1222 5013 1427 5063 adminicula
1445 5013 1525 5064 Μ.-

211 5079 355 5130 taen:
374 5077 405 5128 dc
425 5077 454 5128 ll.
491 5077 547 5130 Cir.
568 5079 745 5130 HandTurs.
766 5080 788 5130 l.
809 5094 835 5144 p.
854 5080 898 5132 57.
