3662 5908
278 413 343 478 Ebd
708 410 983 476 EPIsTOthtUhI
1005 415 1057 477 AI)
1078 415 1169 478 ΕΔΜ.

279 571 409 657 largire,
442 577 477 637 ut
497 573 547 636 bs.
570 572 698 638 Curium
719 579 837 636 sartum
859 577 1041 645 attactum,
1062 580 1097 636 ut
1118 571 1219 647 aiunt,
1249 571 1288 638 ab
1310 573 1459 661 omnique
1482 577 1600 643 iucom-

280 667 392 742 modo,
425 666 629 743 detrimento,
662 667 804 744 molestias
825 655 981 730 sincerum
1001 665 1225 752 integrumque
1254 689 1433 736 conserves.
1475 676 1515 737 Et
1535 673 1601 759 ipse

280 761 419 849 spondeo
442 769 473 826 ct
493 780 602 828 omnes
624 761 684 826 hoc
704 759 761 826 tihi
783 759 828 826 tui
849 778 909 844 pro
930 779 980 822 me
1003 760 1171 846 recipient,
1195 782 1235 828 ex
1258 785 1326 828 mea
1348 763 1484 832 amicitia
1506 776 1538 831 et
1559 789 1599 832 cx

280 866 335 920 tuo
363 855 396 920 in
421 875 472 920 me
500 853 606 921 officio
634 852 806 920 maximum
833 861 864 918 te
891 851 1028 918 fructum
1057 875 1273 943 summamque
1304 858 1497 945 voluptatem
1532 881 1601 926 esse

261 956 457 1036 scepturum.
498 949 585 1017 Vale.

553 1091 606 1154 rr.
649 1089 750 1171 (Anno
769 1090 899 1162 amaia,
919 1091 1048 1172 [arrasa
1068 1092 1105 1155 a.
1133 1094 1165 1157 u.
1186 1095 1218 1157 c.
1240 1094 1327 1177 ros.)

705 1211 847 1276 CICERO
869 1213 902 1275 P.
925 1213 1065 1276 CAESIO
1088 1215 1118 1278 S.
1144 1218 1181 1279 D.

163 1323 185 1414 ι’
365 1327 398 1389 Ρ.
421 1321 631 1398 blessieuum,
661 1321 798 1412 equitem
820 1325 1011 1398 Romanum,
1033 1323 1178 1390 omnibus
1198 1326 1293 1394 rebus
1315 1336 1460 1393 ornatum
1482 1349 1600 1396 meum·

253 1390 345 1504 ‘tque
366 1414 622 1510 perfamiliarem,
646 1413 705 1480 tibi
725 1414 909 1481 commendo
932 1437 968 1481 aa
990 1419 1280 1496 commendatione,
1303 1443 1382 1509 quae
1408 1433 1510 1509 potest
1533 1445 1601 1488 esse

249 1519 274 1558 ¹⁰
284 1509 527 1596 diligentissima.
570 1513 646 1575 Peto
668 1530 686 1573 a
707 1516 737 1574 te
759 1518 791 1575 et
810 1530 870 1596 pro
892 1520 998 1576 nostra
1020 1521 1050 1576 et
1072 1533 1131 1598 pro
1152 1524 1280 1598 paterna
1303 1516 1454 1590 amicitia,
1477 1529 1510 1582 ut
1529 1539 1600 1582 eum

283 1604 315 1668 iu
338 1612 421 1668 tuam
444 1601 538 1667 iidem
569 1602 703 1689 recipias
730 1603 860 1689 eiusque
887 1624 955 1668 rem
984 1603 1160 1693 famamque
1190 1617 1306 1674 tueare.
1352 1615 1460 1676 Virum
1483 1611 1600 1678 bonum

283 1707 398 1785 tuaque
420 1695 554 1762 amicitia
575 1695 704 1786 dignum
724 1697 783 1763 tibi
803 1697 987 1764 adiunxeris
1008 1699 1147 1786 mihique
1168 1703 1379 1786 gratissimum
1399 1704 1524 1771 leceris.

521 1841 591 1908 LII.
633 1839 734 1921 (Aaou
753 1841 886 1912 incerto,
907 1839 1036 1920 sortasse
1055 1839 1093 1905 A.
1118 1843 1150 1906 II.
1173 1845 1205 1907 C.
1228 1841 1312 1929 7⁰9.)

756 1961 899 2056 CICERO
922 1963 1015 2025 REGI
1037 1963 1068 2026 S.
1091 1966 1128 2027 D.

248 2098 275 2138 ιι
366 2076 402 2138 Α.
428 2072 565 2138 Licinius
592 2071 773 2139 Aristoteles
802 2070 971 2138 Melitensis
999 2072 1231 2160 antiquissimus
1253 2087 1300 2142 est
1326 2077 1440 2164 hospes
1461 2101 1550 2146 meus
1571 2092 1602 2146 et

282 2176 444 2252 praeterea
465 2167 647 2231 coniunctus
668 2186 782 2251 magno
812 2186 873 2230 usu
899 2164 1125 2232 familiaritatis.
1180 2173 1265 2235 llaec
1285 2191 1354 2236 cum
1377 2173 1419 2240 ita
1440 2173 1517 2249 sint,
1540 2196 1601 2240 non

283 2258 413 2333 dubito,
448 2259 524 2344 quin
556 2258 613 2324 tibi
646 2259 720 2323 satis
747 2258 980 2324 commendatus
1008 2258 1055 2324 sit.
1107 2264 1228 2327 Etenim
1258 2286 1299 2330 cx
1321 2266 1425 2331 multis
1446 2289 1602 2354 cognosco

284 2373 387 2430 picam
408 2351 709 2417 commendationem
730 2351 900 2437 plurimum
922 2351 1003 2436 apud
1028 2361 1056 2416 te
1079 2355 1192 2422 valere.
1236 2361 1326 2424 Hunc
1348 2380 1408 2445 ego
1430 2382 1448 2425 a
1470 2365 1602 2428 Caesare

285 2445 424 2511 liberavi.
475 2450 633 2531 Frequens
655 2445 738 2510 enim
758 2445 861 2510 luerat
883 2443 1062 2524 uobiscum;
1085 2459 1178 2537 atque
1200 2455 1294 2518 etiam
1315 2453 1431 2520 diutius
1453 2455 1486 2519 in
1508 2476 1601 2520 causa

248 2548 333 2606 soost
353 2560 446 2625 quam
467 2560 525 2604 uos
547 2547 775 2616 commoratus;
797 2558 861 2624 quo
884 2538 994 2604 melius
1016 2548 1046 2604 te
1068 2541 1107 2606 de
1130 2565 1169 2609 eo
1183 2547 1430 2613 existimaturum
1453 2548 1601 2614 arbitror.

286 2638 346 2698 Fac
367 2632 478 2720 igitur,
500 2633 544 2698 mi
564 2639 649 2709 Rex,
669 2640 706 2698 ut
725 2632 876 2716 intelligat
896 2632 951 2697 has
973 2631 1032 2698 sibi
1056 2635 1175 2704 litteras
1195 2640 1367 2727 plurimum
1387 2642 1554 2728 proluisse.

745 2785 832 2847 LIII.
875 2779 923 2866 (A.
950 2784 982 2847 II.
1005 2785 1036 2847 C.
1059 2785 1143 2866 703.)

662 2907 804 2972 CICERO
827 2906 993 2970 THERMO
1015 2905 1153 2969 PROPR.
1177 2906 1208 2968 S.

158 3017 181 3124 d
246 3061 257 3093 a
374 3023 401 3086 l.
433 3019 469 3084 L.
492 3016 654 3084 Genucilio
677 3019 782 3083 Curvo
806 3015 992 3100 iampridem
1014 3024 1089 3081 utor
1110 3014 1368 3092 familiarissime,
1391 3017 1510 3103 optimo
1533 3017 1603 3104 pigo

242 3096 317 3179 'sset
344 3112 471 3198 homine
506 3111 694 3198 gratissimo.
750 3116 831 3178 Eum
852 3109 907 3175 tihi
929 3109 1052 3197 penitus
1074 3107 1259 3174 commendo
1282 3117 1374 3195 atque
1396 3110 1503 3176 trado:
1540 3111 1604 3197 pri·

285 3228 388 3281 mum,
422 3215 458 3272 ut
479 3204 625 3272 omnibus
644 3206 679 3271 in
699 3205 795 3271 rebus
817 3203 847 3269 ei
868 3201 1065 3277 commodes,
1080 3199 1202 3287 (quoad
1225 3198 1301 3265 fides
1324 3210 1377 3268 tua
1407 3203 1602 3290 dignitasque

139 3317 210 3397 ft„
284 3291 440 3387 patietur}
476 3299 613 3387 patietur
634 3308 737 3364 autem
757 3298 791 3364 in
813 3296 974 3374 omnibus;
1007 3295 1084 3361 nihil
1105 3295 1188 3360 cuim
1210 3293 1266 3360 abs
1287 3305 1318 3360 te
1341 3317 1495 3382 unquam,
1518 3297 1604 3384 quod

163 3387 183 3404 ''
286 3395 325 3460 sit
346 3394 481 3459 alienum
502 3393 563 3458 tuis
585 3401 638 3458 aut
659 3392 752 3458 etiam
773 3391 838 3458 suis
860 3390 1019 3464 mortbus‚
1042 3388 1221 3474 postulabit.
1264 3393 1294 3455 2.
1316 3391 1486 3478 Praecipue
1501 3401 1604 3458 autem

286 3487 342 3554 tihi
363 3487 549 3553 commendo
570 3487 695 3572 negotia
716 3487 797 3560 eius,
819 3506 899 3571 quae
921 3483 1044 3549 suntin
1067 3482 1286 3568 Hellesponto:
1310 3484 1463 3568 primurn,
1493 3497 1528 3551 ut
1548 3484 1606 3550 ob-

251 3581 383 3645 sutineat
412 3580 446 3645 id
472 3579 550 3644 iuris
575 3579 608 3645 in
636 3579 736 3664 agris,
773 3577 859 3665 quod
887 3577 917 3642 ei
943 3576 1074 3641 Pariana
1106 3576 1214 3642 ciuitas
1248 3576 1388 3643 decrevit
1415 3586 1447 3643 et
1467 3578 1553 3643 dedit
1574 3588 1605 3644 et

288 3674 373 3761 quod
404 3693 529 3759 semper
556 3672 690 3738 obtinuit
717 3671 784 3738 sine
806 3672 867 3737 ulla
889 3669 1126 3747 controversia;
1163 3668 1297 3743 deinde,
1335 3669 1360 3734 si
1382 3670 1457 3755 quid
1479 3670 1609 3739 habebit·

288 3788 358 3832 eum
387 3766 492 3854 aliquo
522 3765 735 3853 Hellespontio
766 3763 1016 3843 controversiae,
1051 3771 1088 3829 ut
1115 3763 1149 3828 in
1177 3764 1261 3829 illam
1287 3770 1447 3844 διοίκησιν
1469 3763 1604 3830 reiicias.

289 3859 349 3924 Sed
372 3880 434 3924 non
456 3858 532 3924 mihi
554 3857 683 3934 videor,
719 3879 790 3923 cum
812 3857 868 3922 tibi
884 3861 990 3924 'totum
1010 3856 1168 3922 homiuem
1191 3858 1427 3944 diligentissime
1448 3878 1606 3922 commen-

165 4027 177 4041 „
197 3966 213 4041 g
290 3953 407 4026 darim,
445 3952 580 4038 singulas
607 3953 646 4018 ad
668 3962 698 4017 te
721 3951 789 4017 eius
811 3971 919 4016 cauam
939 3949 1146 4037 perscribere.
1180 3953 1326 4029 (Summa
1355 3951 1407 4032 ἰὼ
1428 3933 1490 4030 sit)
1516 3952 1607 4038 quid·

252 4046 368 4134 saqrrid
389 4045 499 4119 officii,
524 4044 681 4121 beneficii,
704 4043 834 4111 honoris
856 4043 889 4108 in
912 4043 1107 4110 Genucilium
1122 4045 1306 4122 contuleris,
1327 4045 1361 4110 id
1376 4055 1405 4111 te
1420 4045 1605 4112 existimabo

291 4139 325 4205 in
346 4158 397 4205 me
418 4139 520 4226 ipsum
541 4147 634 4225 atque
654 4139 688 4204 in
708 4158 776 4204 rem
797 4158 899 4203 meam
920 4137 1098 4203 coutuhsse.

751 4280 830 4343 arv.
881 4279 929 4362 (A.
956 4280 987 4343 u.
1010 4281 1042 4344 c.
1065 4277 1149 4362 roa.)

670 4401 812 4467 CICERO
834 4400 999 4465 THERMO
1021 4402 1159 4465 PROPR.
1182 4403 1212 4465 S.

373 4515 451 4581 Cum
471 4512 568 4578 multa
589 4511 667 4578 mihi
686 4522 773 4597 grata
795 4521 881 4586 sunt,
915 4530 996 4597 quae
1017 4519 1052 4576 tu
1072 4509 1223 4577 adductus
1245 4534 1315 4578 mea
1336 4513 1605 4580 commendatione

252 4607 408 4681 eiecisti,
438 4617 505 4674 tum
526 4611 558 4671 in
579 4605 704 4693 primis,
734 4604 819 4692 quod
840 4610 880 4672 hl.
902 4605 1097 4680 Marcilium,
1118 4605 1210 4670 amici
1231 4615 1324 4693 atque
1345 4607 1523 4694 interpretis
1545 4607 1606 4673 mei

193 4710 198 4802 J
290 4699 405 4793 lilium,
426 4699 642 4765 liberalissime
663 4697 841 4764 tractavisti.
896 4698 990 4767 Venit
1010 4698 1094 4764 enim
1115 4699 1299 4768 Laodiceam
1322 4711 1353 4768 et
1373 4701 1431 4768 tibi
1452 4701 1535 4788 apud
1556 4721 1606 4766 mc

362 4921 388 4970 t.
408 4914 548 4982 emathiae]
568 4917 598 4968 ll.
619 4943 649 4955 -
686 4917 713 4969 R.
733 4919 859 4968 sincerum
875 4917 1052 4982 Iotape-umque
1070 4923 1180 4970 auctore
1198 4919 1280 4970 blatto
1299 4919 1363 4970 saal.
1383 4917 1413 4970 II.
1433 4945 1462 4957 ·-
1484 4919 1511 4970 5.
1536 4919 1605 4978 l'ule,

290 4988 362 5051 quod
379 4993 420 5037 est
438 4989 465 5038 iu
483 4989 528 5050 hl,
548 5002 602 5038 om.
622 4987 653 5038 II.
682 5011 712 5024 -
748 4987 793 5037 26.
812 4988 835 5036 aa·
852 4988 995 5037 eorumden
1013 4990 1168 5040 auctoribus
1185 4989 1326 5052 Marullo,
1346 4989 1503 5052 Grouorlo,
1524 4989 1606 5040 Erue-

290 5059 341 5108 atlo
359 5057 514 5108 Schtttalusa
533 5060 557 5108 at
574 5066 599 5109 te
616 5058 757 5110 wermudae
773 5057 834 5111 IIII.
852 5079 883 5093 -
909 5057 955 5108 40.
972 5055 1060 5122 antid]
1078 5059 1152 5111 Fert.
1170 5062 1281 5112 emend.
1307 5059 1361 5112 Cir.
1382 5061 1430 5124 Bp.
1450 5066 1516 5111 extr.
1537 5060 1587 5111 0¹.
