3662 5892
291 391 353 453 758
794 387 852 449 ΕΡ.
874 387 925 448 ΑΒ
948 384 1108 448 BRU'l'Uld

291 566 426 611 resnou
448 543 565 630 coegit,
592 563 694 628 neque
715 541 886 608 crudeliter
906 541 1077 628 quidquam
1100 541 1204 627 eripui
1225 551 1331 628 neque·
1350 539 1544 606 dissolute
1574 538 1683 627 qnid·

291 660 385 727 mam
406 637 530 710 remisi,
553 635 710 723 habuique
731 635 764 700 in
779 657 848 700 mea
862 644 1031 722 potestate,
1054 634 1159 722 quoad
1180 631 1298 700 bellum
1319 634 1387 699 luit.
1430 635 1571 700 Multo
1597 632 1679 718 qui·

291 732 363 798 dem
385 730 544 798 honestius
566 730 672 796 iudico
692 729 855 817 magisque
877 728 963 816 quod
985 728 1160 794 conducere
1182 729 1280 814 possit
1300 729 1349 794 rei
1370 726 1576 813 publicae,
1610 725 1679 790 mi-

291 846 436 891 serorum
458 824 616 891 fortunam
638 845 702 889 non
722 823 869 888 insectari
890 844 983 910 quam
1005 821 1124 888 infinite
1144 820 1287 888 tribuere
1307 819 1538 908 potentibus,
1577 839 1675 906 qnae

269 920 491 1006 scupiditatem
519 927 551 983 et
580 915 791 1002 arrogantiam
818 915 985 982 incendere
1011 915 1142 1002 possint.
1185 919 1215 980 3.
1247 918 1316 993 Qua
1342 914 1375 978 in
1400 935 1469 989 re,
1513 913 1674 984 Cicero,

291 1014 342 1079 vir
368 1013 486 1099 optime
514 1019 608 1098 atque
629 1009 814 1083 fortissime,
842 1010 982 1096 mihique
1005 1010 1118 1076 merito
1140 1018 1171 1076 et
1191 1027 1265 1074 meo
1287 1008 1413 1074 nomine
1440 1016 1487 1074 et
1513 1006 1577 1072 rei
1605 1027 1671 1092 pn·

292 1108 391 1174 blicae
413 1107 590 1182 carissime,
613 1104 705 1170 nimis
726 1103 858 1169 credere
878 1103 996 1170 videris
1018 1105 1087 1190 spei
1107 1113 1196 1178 tuae,
1219 1103 1402 1188 statimqne,
1424 1110 1476 1168 ut
1504 1101 1671 1189 quisquc

292 1201 412 1288 aliquid
433 1210 518 1267 recte
539 1199 663 1274 lecerit,
686 1203 790 1264 omnia
812 1197 888 1263 dare
909 1219 946 1262 ac
969 1203 1165 1282 permittere;
1188 1198 1277 1284 quasi
1298 1218 1362 1264 non
1383 1198 1494 1262 liceat
1521 1192 1669 1260 traduci

294 1295 333 1361 ad
354 1297 435 1360 mala
456 1293 585 1360 consilia
607 1301 790 1378 corruptum
817 1290 1036 1377 largitionibus
1057 1293 1206 1358 animum.
1250 1296 1339 1371 Quae
1365 1302 1418 1358 tua
1441 1299 1509 1356 est
1536 1289 1668 1354 huma-

259 1391 389 1465 sonitas,
418 1409 521 1476 aequo
543 1388 646 1452 auimo
675 1396 705 1451 te
733 1386 856 1451 moueri
877 1387 1021 1472 patieris,
1050 1387 1236 1472 praesertim
1257 1387 1297 1453 de
1318 1385 1495 1452 communi
1523 1383 1664 1457 salute:

292 1483 387 1549 laeies
413 1493 534 1557 tamen,
568 1481 654 1569 quod
681 1479 737 1545 tibi
765 1481 867 1546 visum
896 1480 1008 1546 luerit:
1043 1482 1136 1546 etiam
1165 1501 1242 1566 ego,
1276 1501 1347 1546 cnm
1376 1501 1429 1545 me
1465 1479 1662 1545 docueris.

293 1583 395 1652 Nunc,
419 1579 547 1651 Cicero,
576 1597 658 1642 nunc
679 1575 833 1660 agendum
856 1583 917 1648 est,
947 1595 987 1640 ne
1008 1575 1125 1640 frustra
1146 1595 1334 1661 oppressum
1355 1595 1425 1641 csse
1447 1574 1659 1640 Antonium

293 1672 392 1757 gavisi
419 1671 530 1747 simus,
562 1693 624 1737 neu
653 1691 778 1756 semper
798 1670 893 1756 primi
922 1668 1073 1756 cuiusque
1096 1669 1170 1734 mali
1191 1668 1358 1736 excidendi
1379 1689 1482 1734 causa
1510 1669 1583 1741 sit,
1620 1675 1659 1731 ut

293 1764 379 1830 aliud
399 1775 581 1832 renascatur
606 1765 662 1830 illo
684 1765 783 1852 peius.
826 1769 857 1829 4.
886 1763 969 1829 Nibil
990 1768 1052 1828 iam
1073 1785 1177 1846 neque
1200 1762 1400 1849 opinantibus
1422 1771 1485 1828 aut
1514 1763 1656 1848 patien-

259 1858 377 1930 sstibus
399 1859 491 1926 nobis
512 1859 636 1925 adversi
658 1859 785 1924 evenire
806 1865 922 1944 potest,
944 1862 1062 1945 inquo
1084 1878 1147 1922 non
1166 1877 1238 1923 cum
1259 1855 1400 1923 omnium
1422 1856 1551 1942 culpa,
1579 1865 1655 1920 tum

293 1954 461 2040 praecipue
488 1962 542 2018 tua
570 1953 675 2018 futura
703 1955 758 2029 sit;
790 1931 879 2017 cuius
900 1959 1016 2018 tanum
1037 1951 1254 2016 auctoritatem
1277 1960 1461 2016 senatusue
1489 1948 1652 2035 populus

294 2051 453 2112 Romanus
478 2047 542 2112 nob
563 2049 665 2113 solum
694 2065 762 2111 esse
783 2047 916 2131 patitur,
947 2043 1002 2110 sed
1030 2045 1123 2109 etiam
1151 2045 1252 2130 cupit,
1284 2053 1398 2132 quanta
1419 2044 1582 2110 maxima
1615 2047 1650 2108 in

293 2140 393 2206 libera
414 2141 539 2206 civitate
560 2141 653 2206 unius
675 2160 743 2206 esse
758 2148 877 2225 potest;
900 2159 992 2225 quam
1017 2147 1050 2203 tu
1072 2159 1136 2204 non
1151 2139 1254 2204 solum
1274 2137 1356 2204 bene
1377 2138 1563 2204 sentiendo
1587 2136 1649 2202 sed

295 2234 388 2298 etiam
409 2234 582 2320 prudenter
602 2233 684 2300 tueri
699 2231 805 2298 debes.
840 2233 1010 2299 Prudentia
1030 2253 1146 2316 porro,
1169 2253 1251 2318 quae
1272 2231 1330 2298 tibi
1351 2242 1521 2317 superest,
1550 2231 1646 2296 nulla

256 2327 350 2395 toabs
378 2337 409 2393 te
430 2327 627 2393 desideratur
648 2328 707 2392 nisi
729 2327 841 2392 modus
866 2328 899 2391 in
921 2326 1095 2392 tribuendis
1117 2326 1301 2392 bonoribus.
1342 2326 1411 2392 Alia
1439 2326 1564 2391 omnia
1596 2325 1646 2390 sic

294 2420 427 2494 adsunt,
461 2429 496 2486 ut
522 2441 593 2485 cum
621 2419 762 2506 quolibet
790 2420 989 2506 antiquorum
1019 2421 1194 2506 comparari
1225 2421 1346 2507 possint
1373 2429 1445 2486 tuae
1475 2421 1642 2486 virtutes.

285 2517 395 2580 'Unum
417 2512 490 2588 boc,
513 2522 603 2598 pato
624 2514 730 2578 animo
752 2512 935 2600 liberalique
957 2514 1148 2599 profectum,
1175 2517 1346 2582 cautiorem
1369 2535 1405 2578 ac
1427 2512 1642 2580 moderatio·

295 2627 363 2673 rem
391 2606 606 2672 liberalitatem
635 2607 802 2674 desiderat.
851 2609 933 2673 Nibil
962 2608 1045 2674 enim
1074 2619 1199 2675 senatus
1229 2609 1373 2695 cuiquam
1403 2607 1478 2672 dare
1516 2605 1638 2678 debet,

299 2699 386 2788 quod
408 2702 489 2766 male
511 2701 717 2786 cogitantibus
739 2703 885 2789 exemplo
907 2711 962 2768 aut
982 2702 1140 2788 praesidio
1162 2704 1210 2768 sit.
1244 2708 1351 2791 ltaque
1372 2701 1469 2768 timeo
1491 2701 1539 2766 de
1556 2719 1639 2765 con-

258 2794 411 2867 assulatu,
440 2815 480 2859 ne
508 2799 622 2862 Caesar
649 2806 720 2863 tuus
741 2797 833 2862 altius
860 2817 893 2862 se
920 2796 1118 2862 adscendisse
1146 2807 1234 2882 putet
1259 2797 1393 2863 decretis
1415 2797 1496 2874 tuis,
1531 2813 1635 2882 quam

293 2887 383 2964 inde,
412 2890 439 2954 si
466 2889 575 2955 consul
601 2889 700 2956 lactus
728 2891 780 2966 sit,
809 2890 1044 2958 descensurum.
1087 2896 1117 2957 5.
1149 2891 1269 2968 Quodsi
1290 2890 1456 2966 Antonius,
1490 2889 1536 2956 ab
1568 2888 1635 2955 alio

294 2981 438 3047 relictum
454 2983 543 3069 regni
556 2983 814 3059 instrumentum,
837 2987 1032 3051 occasionem
1047 2985 1198 3071 regnandi
1216 2983 1339 3059 babuit,
1362 3005 1501 3070 quonam
1518 2984 1632 3050 auimo

294 3076 365 3142 lore
392 3085 497 3162 putas,
526 3077 553 3142 si
580 3077 650 3164 quis
677 3087 825 3154 auctore,
852 3101 916 3144 non
946 3088 1078 3167 tyranno
1106 3078 1286 3155 interfecto,
1317 3078 1372 3144 sed
1401 3079 1472 3165 ipso
1495 3086 1630 3149 senatu,

295 3178 384 3257 putet
404 3192 438 3235 se
459 3169 592 3256 imperia
615 3170 773 3257 quaelibet
794 3173 1016 3258 concupiscere
1037 3179 1151 3259 posset
1174 3177 1279 3252 Quare
1301 3182 1367 3238 tum
1389 3182 1422 3239 ct
1442 3172 1628 3238 facilitatem

257 3273 327 3336 suet
347 3265 576 3351 providentiam
598 3264 733 3330 laudabo
756 3273 856 3339 tuam,
887 3287 959 3332 cum
981 3267 1177 3352 exploratum
1208 3266 1325 3333 babere
1350 3287 1488 3353 coepero
1512 3271 1630 3333 Caesa·

295 3378 364 3422 rem
386 3355 576 3432 bonoribus,
600 3379 680 3444 quos
701 3359 874 3444 acceperit,
898 3360 1156 3426 extraordinariis
1178 3361 1248 3427 lore
1271 3371 1460 3428 contentum.
1493 3361 1626 3427 Alienae

294 3449 407 3536 igitur,
431 3450 569 3538 inquies,
593 3451 702 3538 culpae
723 3474 774 3516 me
795 3473 885 3518 reum
909 3452 1077 3520 subiicies‘l
1098 3459 1232 3521 Prorsus
1253 3457 1386 3532 alienae,
1410 3457 1437 3521 si
1459 3453 1625 3542 provideri

295 3564 358 3607 non
380 3545 497 3629 potuit,
522 3566 561 3609 ne
576 3545 751 3611 exsisteret.
789 3546 1001 3624 Quodutinam
1024 3548 1199 3634 inspectare
1221 3556 1322 3636 possis
1344 3551 1489 3616 timorem
1513 3549 1555 3615 de
1569 3545 1623 3612 illo

295 3641 417 3703 meuml
448 3643 478 3704 6.
500 3638 555 3702 His
573 3638 685 3703 litteris
703 3640 843 3726 scriptis,
866 3649 897 3704 te
912 3641 1073 3706 consulem
1095 3640 1209 3707 lactum
1227 3643 1412 3710 audivimus.
1449 3648 1529 3708 Tum
1545 3657 1624 3706 vero

256 3763 284 3806 ³5
295 3729 440 3816 incipiam
469 3752 649 3817 proponere
671 3733 748 3800 mibi
778 3756 846 3799 rem
868 3733 1025 3820 publicam
1047 3735 1159 3801 iustam
1182 3747 1214 3802 et
1234 3738 1296 3803 iam
1319 3739 1383 3803 suis
1405 3739 1557 3803 nitentem
1579 3733 1623 3798 vi·

294 3823 397 3897 ribus,
410 3824 448 3889 'si
469 3825 550 3890 istuc
570 3826 692 3893 videro.
732 3828 828 3893 Filius
850 3829 933 3892 valet
955 3838 985 3892 et
1006 3829 1038 3893 in
1054 3829 1267 3896 Macedoniam
1291 3853 1361 3897 cum
1378 3832 1517 3919 equitatu
1533 3849 1622 3920 prac-

296 3917 408 3983 missus
430 3927 487 3984 cst.
529 3919 635 3986 Idibus
658 3921 764 3996 Maiis,
788 3943 827 3986 ex
850 3927 968 3987 castris.

746 4105 1171 4117 “numm-«om
1179 4109 1267 4120 ..q-..4
1492 4109 1618 4122 una—uae·-

365 4213 392 4260 2.
420 4213 537 4276 equidem
561 4228 615 4278 mg.
636 4213 709 4265 Crat.
740 4241 767 4252 -
807 4217 833 4267 3.
862 4217 1004 4268 conducere
1021 4244 1032 4254 -
1049 4219 1229 4283 reipublicae
1248 4235 1303 4284 mg.
1322 4221 1367 4274 M:
1395 4222 1535 4273 concedere
1552 4249 1562 4259 ·
1579 4233 1619 4270 res

293 4281 405 4345 publico
423 4283 520 4334 Malu.
542 4309 569 4320 ·-
606 4283 634 4333 tl.
654 4285 761 4351 infinito
780 4287 802 4336 1.
823 4312 856 4323 -
882 4289 1039 4349 petentibus
1056 4291 1226 4341 Bessarioois
1245 4292 1323 4343 liber.
1344 4314 1375 4330 -·
1412 4293 1439 4343 d.
1459 4297 1539 4356 atque
1555 4291 1616 4343 llll:

296 4367 329 4402 uc
346 4352 391 4404 lu.
411 4377 444 4388 -
480 4354 866 4416 midiqusbensmsrita(sic)
888 4359 961 4407 1.-
997 4361 1285 4412 s.recteom.1.-
1323 4363 1367 4413 13.
1386 4375 1457 4413 narce
1477 4357 1616 4425 eamdam]

295 4423 325 4471 td
342 4423 477 4486 egendum
495 4423 561 4475 Cod.
582 4423 668 4475 Oxou.
697 4451 728 4461 -
766 4426 810 4476 13.
832 4428 898 4476 mals·
915 4443 998 4478 causa
1016 4431 1156 4480 excidendi
1173 4445 1255 4481 cansa
1272 4435 1320 4489 sit,
1341 4447 1388 4484 cur
1411 4433 1568 4484 Lambinus.
1590 4455 1614 4468 -

296 4493 339 4542 17.
366 4493 574 4544 ncacimeMlll.
605 4515 637 4529 -
672 4495 715 4545 20·
743 4497 781 4544 sic
800 4497 897 4546 adsunt
916 4499 982 4549 MR:
1002 4503 1039 4550 sic
1058 4501 1162 4551 abunde
1181 4504 1279 4551 adserat
1296 4501 1341 4553 lli.
1371 4530 1400 4539 -
1438 4505 1482 4554 21.
1509 4504 1614 4565 possint.

298 4563 368 4612 Tuos
385 4565 496 4614 virtutes
513 4577 597 4612 unum
615 4564 663 4613 boc
681 4589 691 4602 ·
709 4589 720 4599 ·
738 4565 888 4616 desiderant
906 4569 934 4620 Μ
947 4575 974 4621 et
987 4569 1057 4620 liber
1070 4572 1247 4622 bessarionis.
1278 4575 1352 4636 (tuae
1368 4575 1482 4624 virtutes
1499 4573 1616 4626 Munatio

295 4638 406 4682 auctore
424 4634 523 4684 delevit
542 4634 714 4692 Lambinus.)
736 4659 762 4668 -
792 4637 835 4686 22.
856 4652 874 4686 c
892 4647 972 4700 prato
991 4641 1149 4693 Lambinus.
1172 4669 1200 4680 -
1229 4643 1274 4694 24.
1295 4645 1441 4705 econptom
1459 4645 1497 4696 Μ.
1517 4666 1546 4681 -
1573 4641 1615 4692 Vs.

295 4702 485 4753 deconsulctu
504 4706 681 4768 expungenda
702 4707 807 4756 censuit
826 4708 955 4760 Faernus.
985 4735 1015 4746 -
1053 4713 1097 4762 25.
1122 4713 1265 4763 escendisse
1291 4729 1354 4764 cum
1373 4715 1457 4765 eada.
1476 4715 1567 4777 Regiis
1584 4711 1616 4770 (l)

295 4771 497 4823 Lallemaudus.
520 4799 550 4810 -
585 4773 630 4824 26.
649 4777 699 4831 sit.
720 4791 772 4826 csse
791 4777 978 4829 descensurum
997 4781 1023 4840 l,
1044 4783 1079 4832 sit
1097 4797 1269 4833 caesareorum
1288 4785 1409 4836 bisuntio
1427 4791 1538 4836 auctore
1555 4782 1616 4834 atta·

296 4841 432 4892 dletonus·
472 4843 523 4894 Sed
545 4860 568 4894 s.
589 4844 723 4896 Tunstalli
744 4847 804 4896 Obs.
825 4863 850 4910 p.
871 4850 932 4900 392.
953 4875 983 4886 -
1020 4852 1062 4902 28.
1083 4859 1161 4915 putes
1181 4855 1255 4904 l.-
1291 4856 1520 4917 ao.pntae·1.-
1559 4852 1616 4917 sad·

296 4911 398 4960 litatem
416 4914 496 4964 bllll:
525 4912 680 4976 felicitatem
698 4930 760 4966 cum
780 4917 950 4986 GruteroE.
981 4947 1012 4956 —
1050 4923 1093 4972 32·
1118 4920 1248 4986 subiiciet]
1267 4923 1347 4986 socies
1373 4927 1390 4974 i.
1421 4950 1453 4963 -
1486 4921 1615 4989 prouideri

296 4993 350 5030 non
367 4985 455 5043 potuit
474 4986 511 5035 R:
528 4985 666 5045 providere·
683 4990 771 5047 potuit
789 4988 862 5040 llllE.
885 5015 912 5026 -
953 4991 995 5040 33.
1017 4998 1136 5054 spectare
1155 4997 1186 5044 R.

1797 624 1806 701 l

1803 1201 1810 1590 p

1807 1635 1810 1748 t
