3662 5892
311 428 374 492 766
815 430 874 492 ΕΡ.
897 431 949 494 tu
973 429 1129 493 BRUTUM

311 587 465 674 sapientia
492 586 563 672 plus
589 595 734 672 apparet;
765 585 806 652 ita
834 585 924 669 gravi
950 583 1065 650 iudicio
1095 585 1254 671 multaque
1283 594 1350 650 arte
1378 607 1422 650 se
1451 587 1621 648 exercuit
1650 585 1679 648 in

311 682 479 750 verissimo
499 699 616 764 genere
638 678 773 746 dicendi.
817 684 913 746 Tanta
935 688 1039 744 autem
1061 679 1213 746 industria
1236 689 1282 746 est
1303 689 1514 765 mutumque
1549 677 1680 762 evigilat

312 775 346 840 in
368 773 489 848 studio,
511 781 631 850 utnon
653 772 790 838 maxima
811 773 956 858 ingenio,
979 772 1066 860 quod
1087 773 1120 838 in
1138 795 1176 838 co
1198 793 1355 838 summum
1377 783 1456 848 est,
1488 773 1608 858 gratia
1631 773 1683 836 ha-

312 867 415 933 benda
436 865 590 933 videatur.
635 872 665 932 2.
695 866 757 932 Sed
778 866 938 954 provehor
964 887 1082 932 amore.
1126 871 1194 934 Non
1216 867 1298 932 enim
1320 867 1352 931 id
1373 869 1612 954 propositum
1637 879 1681 934 est

290 963 386 1028 shuic
407 960 573 1048 epistolae,
604 961 768 1027 Messalam
790 971 825 1026 ut
845 961 986 1034 laudem,
1008 965 1193 1045 praesertim
1217 960 1256 1026 ad
1277 967 1434 1036 Brutum,
1467 963 1531 1027 cui
1556 973 1591 1026 et
1617 964 1681 1026 sir·

313 1065 363 1122 tus
378 1055 462 1120 illius
483 1075 546 1120 non
561 1054 665 1120 miuus
688 1075 783 1142 quam
797 1055 873 1119 mibi
895 1064 968 1121 nota
984 1066 1045 1130 est,
1067 1064 1099 1120 et
1121 1055 1197 1120 baec
1217 1057 1285 1142 ipsa
1300 1055 1422 1130 studia,
1453 1077 1554 1142 quae
1572 1055 1679 1130 laudo,

313 1148 448 1215 notiora.
492 1151 595 1226 Quem
616 1169 687 1214 cum
708 1171 727 1214 a
748 1169 799 1214 me
820 1147 979 1216 dimittens
1001 1149 1140 1234 graviter
1160 1148 1295 1223 ferrem,
1322 1149 1382 1213 boc
1404 1149 1569 1215 levabar
1591 1170 1677 1222 uno,

313 1243 400 1330 quod
421 1242 462 1309 ad
483 1252 513 1308 te
535 1252 692 1331 tamquam
715 1243 754 1309 ad
771 1244 904 1310 alterum
926 1266 976 1330 me
997 1243 1199 1330 proficiscens
1220 1253 1252 1310 et
1272 1244 1376 1310 officio
1397 1241 1627 1329 fungebatur
1648 1253 1677 1308 et

313 1336 440 1404 laudem
460 1336 629 1402 maximam
651 1337 852 1426 sequebatur.
890 1339 951 1405 Sed
974 1339 1050 1404 baec
1072 1338 1230 1404 hactenus.
1267 1343 1297 1404 3.
1320 1338 1423 1405 Venio
1453 1359 1556 1403 nunc
1580 1338 1677 1421 longo

278 1449 389 1498 insane
410 1429 575 1497 intervallo
597 1431 638 1498 ad
659 1432 814 1519 quandam
838 1434 1020 1519 epistolam,
1051 1455 1112 1520 qua
1134 1432 1212 1498 mibi
1240 1433 1336 1498 multa
1360 1432 1543 1506 tribuens,
1577 1451 1675 1496 unmu

313 1522 582 1610 reprehendebas,
604 1525 689 1612 quod
709 1527 743 1592 in
757 1525 932 1594 bonoribus
955 1525 1161 1592 decernendis
1183 1549 1285 1592 essem
1308 1527 1425 1591 nimius
1446 1536 1487 1590 et
1503 1537 1674 1611 tamquam

313 1617 475 1706 prodigus.
512 1625 559 1685 Tu
581 1619 657 1687 boc:
679 1621 759 1688 alius
780 1621 926 1696 sortasse,
949 1621 1034 1710 quod
1056 1623 1089 1688 iu
1110 1621 1380 1688 animadversione
1398 1641 1597 1707 poenaque
1620 1619 1675 1684 du-

313 1713 398 1791 rior;
428 1713 489 1780 nisi
509 1713 644 1781 tortasse
665 1725 834 1803 utrumque
855 1725 899 1783 tu.
943 1715 1037 1794 Quod
1063 1717 1089 1780 si
1111 1717 1154 1781 ita
1176 1729 1236 1792 est,
1265 1717 1433 1803 utriusque
1467 1716 1529 1780 rei
1564 1735 1671 1779 meum

314 1805 465 1874 iudicium
492 1807 603 1874 studeo
626 1807 682 1874 tibi
710 1831 779 1875 esse
806 1810 1022 1888 notissimum
1054 1831 1158 1895 neque
1180 1811 1298 1884 solum,
1321 1820 1356 1876 ut
1378 1810 1523 1875 Solonis
1550 1809 1671 1873 dictum

280 1919 482 1989 tsusurpem,
512 1903 567 1989 qui
595 1911 626 1969 et
646 1904 891 1990 sapientissimus
919 1905 978 1970 luit
1000 1925 1040 1969 ex
1062 1914 1183 1991 septem
1213 1913 1244 1971 et
1265 1905 1369 1988 legum
1400 1909 1560 1990 scriptor
1585 1903 1671 1968 solus

316 2017 358 2062 cx
379 2007 509 2083 septem.
551 2001 582 2062 ls
608 2018 677 2063 rem
697 1997 856 2108 publicam
878 1997 1031 2063 contineri
1060 1998 1183 2064 duabus
1205 1996 1301 2063 rebus
1324 1997 1420 2073 dixit,
1453 1999 1671 2084 praeminet

315 2110 427 2198 mena.
469 2094 525 2157 Est
550 2091 670 2157 scilicet
695 2092 860 2180 utriusque
887 2091 936 2156 rei
961 2092 1074 2158 modus
1096 2093 1176 2158 sicut
1197 2092 1407 2179 reliquarum,
1439 2103 1477 2157 et
1504 2091 1668 2179 quaedam

315 2183 349 2248 in
370 2193 525 2270 utroque
527 2204 644 2269 genere
665 2185 882 2264 mediocritas;
913 2185 968 2251 sed
989 2207 1052 2252 non
1075 2195 1157 2252 tanta
1180 2186 1219 2251 tle
1240 2207 1276 2251 re
1297 2185 1506 2272 propositum
1534 2195 1588 2250 est
1611 2183 1669 2247 hoc

315 2275 387 2343 loco
415 2277 586 2364 disputare.
628 2284 659 2345 t.
688 2278 773 2357 Quid
795 2290 981 2363 egoautem
1003 2289 1128 2346 secutus
1150 2279 1315 2346 bochello
1345 2282 1402 2344 sim
1429 2280 1464 2344 in
1492 2276 1665 2344 sententiis

279 2369 471 2444 redicendis,
501 2374 626 2458 aperire
654 2394 718 2439 non
739 2374 877 2438 alienum
899 2380 986 2458 puto.
1030 2379 1105 2440 Post
1125 2374 1285 2439 interitum
1308 2373 1449 2440 Caesaris
1479 2383 1517 2439 et
1541 2381 1666 2438 vestras

316 2462 539 2529 memorabiles
557 2466 631 2532 Idus
645 2466 789 2539 Martias,
812 2472 925 2542 Brute,
948 2467 1024 2553 quid
1045 2487 1105 2552 ego
1127 2469 1381 2550 praetermissum
1404 2468 1540 2535 avobis
1565 2485 1664 2553 quan-

316 2565 443 2642 tamque
471 2557 654 2644 impendere
684 2563 731 2624 rei
762 2558 905 2646 publicae
934 2569 1148 2646 tempestatem
1176 2562 1325 2636 dixerim,
1361 2581 1425 2628 non
1456 2583 1497 2627 es
1532 2560 1663 2626 oblitus.

316 2653 429 2735 Magna
451 2657 546 2738 pestis
569 2662 637 2718 erat
659 2652 787 2739 depulsa
810 2675 867 2740 per
882 2676 953 2728 vos,
976 2675 1088 2741 magna
1108 2657 1217 2742 populi
1233 2657 1364 2723 Romani
1385 2657 1515 2722 macula
1541 2655 1659 2720 deleta:

318 2740 409 2810 vobis
430 2766 509 2812 vero
530 2755 619 2832 parta
641 2747 746 2813 divim
768 2748 883 2833 gloria;
913 2749 968 2814 sed
989 2751 1229 2815 instrumentum
1252 2749 1342 2835 regni
1366 2748 1510 2814 delatum
1539 2748 1583 2812 ad
1607 2750 1662 2811 Le

280 2836 426 2924 aspidum
447 2842 675 2918 etAntonium;
698 2862 833 2928 quorum
856 2843 936 2909 alter
956 2845 1198 2920 inconstantior,
1222 2845 1299 2909 alter
1321 2843 1494 2930 impurior,
1521 2853 1659 2925 uterquc

317 2949 427 3017 pacem
448 2943 607 3011 metuens,
628 2936 775 3003 inimicus
796 2937 874 3003 otio.
910 2939 968 3003 His
986 2937 1167 3004 ardentibus
1189 2937 1419 3024 perturbandae
1440 2934 1658 3022 reipublicae

318 3025 504 3113 cupiditate,
534 3029 620 3116 quod
642 3032 762 3117 opponi
789 3041 898 3116 posset
917 3032 1126 3117 praesidium,
1157 3053 1220 3097 non
1247 3030 1451 3097 habebamus.
1498 3031 1657 3096 Erexerat

318 3120 403 3188 enim
430 3143 465 3188 se
486 3122 608 3199 civitas,
635 3125 670 3190 in
697 3125 860 3190 retinenda
888 3124 1032 3191 libertate
1062 3127 1269 3193 consentiens.
1314 3133 1344 3192 5.
1370 3130 1434 3190 Nos
1460 3135 1535 3191 tum
1566 3119 1656 3186 nimis

318 3234 426 3296 acres;
451 3238 510 3288 vos
531 3217 664 3284 fortasse
686 3219 858 3307 sapientius
879 3221 1058 3287 excessistis
1080 3220 1161 3287 urbe
1184 3241 1237 3296 ea,
1260 3242 1354 3307 quam
1374 3218 1576 3296 liberaratis;
1598 3219 1654 3281 lta-

282 3309 380 3376 scliae
408 3329 465 3375 sua
485 3311 577 3378 robis
604 3313 705 3379 studia
734 3313 895 3401 profitenti
923 3315 1098 3380 remisistis.
1143 3321 1251 3402 ltaque
1280 3335 1351 3379 cum
1373 3314 1474 3378 teneri
1497 3311 1654 3379 urbema

319 3402 487 3490 parricidis
514 3406 672 3481 viderem,
700 3429 760 3474 nec
779 3417 811 3474 te
840 3408 873 3473 iu
895 3429 932 3472 aa
954 3429 1012 3474 uec
1034 3410 1173 3476 Cassium
1195 3417 1264 3475 tuto
1286 3429 1355 3475 esse
1376 3429 1487 3494 posse,
1520 3420 1652 3488 eamque

320 3497 416 3562 armis
437 3518 622 3584 oppressam
643 3497 682 3566 ab
697 3501 849 3576 Antonio,
872 3501 949 3566 mibi
971 3522 1100 3612 quoque
1120 3504 1179 3591 ipsi
1201 3523 1270 3568 essa
1291 3500 1509 3568 excedendum
1533 3494 1651 3586 putavi.

321 3596 450 3657 Tetrum
476 3597 560 3659 euim
589 3596 816 3681 spectaculum,
849 3616 1000 3682 oppressa
1029 3596 1100 3662 ab'
1090 3597 1195 3683 rmpiis
1216 3597 1336 3669 civitas,
1367 3595 1544 3680 opitulandi
1566 3597 1651 3678 pote-

321 3694 398 3751 state
419 3687 570 3772 praccisa.
607 3688 669 3754 Sed
691 3689 812 3755 animus
834 3689 917 3754 idem
940 3689 994 3777 qui
1016 3711 1154 3776 semper,
1178 3689 1325 3756 infixus
1316 3712 1349 3753 m
1369 3691 1488 3776 patriae
1510 3685 1649 3752 caritate,

284 3779 492 3847 rediscessum
520 3781 609 3847 ab
581 3804 649 3848 etus
675 3783 824 3869 periculis
845 3783 930 3848 ferre
959 3805 1022 3849 non
1044 3785 1156 3871 potuit.
1199 3783 1343 3872 Itaque
1332 3805 1366 3849 ιιι
1387 3781 1493 3847 medio
1515 3775 1649 3847 Achaico

321 3896 432 3949 cursu,
461 3895 534 3941 cum
554 3877 731 3942 Etesiarum
754 3876 865 3944 diebus
887 3882 1001 3943 Auster
1021 3899 1072 3943 me
1094 3884 1126 3944 in
1148 3879 1267 3943 Italiam
1295 3882 1382 3966 quasi
1405 3876 1570 3942 dissuasor
1589 3868 1649 3933 mei

321 3968 445 4035 consilii
465 3969 652 4048 rettulisset,
674 3981 706 4038 te
727 3971 794 4037 vidi
813 3971 939 4048 Veliae,
962 3971 1112 4060 doluique
1132 3971 1345 4038 vehementer.
1389 3967 1530 4036 Cedebas
1554 3962 1645 4029 enim.

322 4069 434 4139 Brute,
456 4064 605 4146 cedebas;
628 4065 777 4153 quoniam
799 4066 896 4132 Stoici
917 4067 1018 4133 nostri
1039 4075 1171 4152 negant,
1198 4063 1491 4152 lugeresapicntis.
1537 4061 1646 4124 6110·

200 4153 205 4170 '
322 4178 405 4222 mam
433 4166 469 4224 ut
489 4159 575 4234 veni,
606 4161 708 4224 statim
737 4182 788 4226 mc
817 4158 918 4226 obtuli
939 4160 1065 4226 Antonii
1088 4161 1199 4226 sceleri
1222 4169 1314 4246 atque
1336 4157 1528 4233 dementiae;
1558 4165 1645 4238 quem

285 4271 395 4318 tecum
415 4253 449 4319 iu
463 4275 514 4318 me
527 4253 752 4330 incitavissem,
775 4253 935 4320 consilia
925 4253 1008 4319 mire
1030 4275 1120 4339 coepi
1112 4253 1264 4319 Brutina
1286 4254 1433 4340 plaue-
1392 4250 1546 4316 v-estri
1567 4243 1644 4310 euim

323 4345 401 4411 baec
430 4354 502 4412 suut
526 4349 656 4435 propria
685 4349 910 4434 sanguinis-
940 4346 1160 4458 reipublicae
1188 4347 1379 4413 liberandae.
1429 4350 1537 4430 Longa
1565 4343 1643 4404 sunl

323 4461 405 4526 quae
427 4449 558 4520 restant,
587 4441 833 4529 praetereunda3
862 4449 935 4508 sunt
962 4443 1045 4507 enim
1068 4441 1107 4507 da
1129 4463 1196 4507 me:
1225 4449 1344 4506 tantum
1367 4440 1456 4514 dico,
1487 4441 1643 4504 Caesarem

395 4651 422 4700 1
442 4651 591 4712 supientiae
608 4651 793 4702 Fadrnus-
818 4651 845 4702 2.
864 4651 962 4714 cipilct
980 4649 1205 4702 Gulielmius-
1239 4651 1266 4700 9.
1286 4647 1566 4712 assequebatur-1.-
1602 4635 1640 4688 13·

324 4717 395 4782 {arte
416 4721 574 4772 Lambinus.
613 4721 668 4773 Cir.
688 4723 768 4773 Haud
787 4723 865 4772 Ture
887 4723 922 4771 11.
944 4737 970 4786 p.
989 4721 1109 4772 728.-
1149 4720 1192 4770 tt.
1219 4719 1310 4768 studeo
1329 4719 1378 4769 tibi
1398 4719 1478 4769 11111·
1507 4717 1554 4766 tibi
1571 4707 1642 4770 1111110

325 4789 410 4842 11.·
430 4791 472 4842 15.
490 4793 598 4854 rupiana
615 4804 686 4842 anus
703 4792 757 4855 scit
773 4792 848 4842 11111.
876 4791 966 4852 (Corr.
980 4791 1135 4842 Victorius
1128 4790 1232 4842 rnvar.
1247 4790 1331 4839 Lectt.
1345 4788 1395 4846 23,
1409 4784 1501 4851 7.)-
1527 4785 1570 4837 16
1587 4789 1640 4830 ⁶⁰⁰·

230 4903 235 4910 .
326 4861 406 4912 tinere·
423 4861 624 4914 duobusramis
640 4863 686 4916 bl:
705 4863 811 4913 duobus
827 4861 904 4912 rebus
921 4863 1051 4913 contineri
1068 4862 1189 4912 litu.-
1218 4861 1262 4910 18.
1281 4859 1488 4910 tomenti.-
1521 4857 1564 4906 21.
1583 4849 1641 4900 atis·

326 4943 391 4980 num
407 4945 463 4980 non
476 4939 545 4994 puto
563 4932 761 4996 operireln-
731 4933 812 4984 -.G
833 4931 1044 4983 Goemrisl-
1067 4931 1113 4982 rc.
1132 4932 1182 4982 otti
1199 4944 1216 4981 e
1234 4929 1317 4982 Codd
1338 4929 1421 4992 regiis
1440 4928 1477 4988 (t)
1496 4925 1641 4977 ballenian-

328 4998 389 5049 dns.
415 5024 445 5036 -
481 5002 519 5051 Iis
537 5003 569 5054 R.
593 5025 627 5040 -·
662 5003 706 5056 29.
725 5003 893 5054 liberorcmis
909 5004 970 5058 (sic)
988 5003 1034 5060 11,
1054 5002 1185 5052 ltbmustis
1203 5001 1226 5050 1.
1250 5026 1281 5059 ,-
1319 4999 1362 5050 11.
1382 4999 1452 5048 idem
1470 4999 1516 5060 qui
1532 4999 1638 5054 compti

328 5069 426 5134 insensu
445 5071 474 5118 tn
490 5071 571 5123 utut:
591 5072 676 5134 idem,
695 5074 742 5138 qui
759 5073 974 5138 ammerinfinaa
993 5074 1078 5122 estin
1096 5073 1127 5122 11.
1149 5095 1179 5108 -
1215 5070 1259 5122 38.
1278 5071 1361 5122 castrt
1378 5069 1397 5119 1.
