3662 5892
667 487 740 550 777.
769 487 806 548 u.
849 488 906 550 77.
931 488 959 550 a.
983 487 1013 548 7.
1035 488 1065 548 5.
1088 485 1118 548 7.
1490 487 1551 548 777
1621 469 1624 472 ’

651 646 681 708 V.
725 646 873 710 BRUTUS
897 645 1081 710 CICERONI
1108 645 1139 709 S.

322 773 350 833 1.
378 767 509 834 Litteras
531 775 598 832 tuas
621 765 709 832 valde
731 774 893 850 exspecto,
922 787 999 850 quas
1021 765 1171 851 scripsisti
1193 768 1409 851 77717771177
1432 774 1552 831 nostra-

235 885 306 930 rum
333 883 458 936 rerum,
488 860 579 926 7117
601 869 703 926 morte
724 858 890 936 Trebonii3
921 879 983 924 non
1006 859 1089 924 enim
1110 857 1233 934 dubito,
1257 859 1331 946 quin
1351 859 1429 924 mihi
1451 859 1553 954 consi-

234 958 311 1023 lium
333 966 420 1022 tuum
442 954 589 1041 explices.
625 953 756 1038 Indigno
778 953 896 1018 scelere
913 961 945 1018 et
958 952 1058 1018 civem
1080 953 1233 1038 optimum
1254 956 1413 1019 amisimus
1435 961 1465 1018 et
1479 975 1553 1040 pro-

234 1051 355 1117 vinciae
376 1048 573 1136 possessione
594 1047 676 1134 pulsi
697 1067 819 1124 sumus,
843 1069 935 1134 quam
953 1051 1133 1132 recuperari
1155 1046 1245 1112 177117
1268 1055 1324 1112 771.
1367 1051 1473 1134 Neque
1495 1048 1576 1113 771-7

234 1165 293 1208 777
320 1151 411 1228 turpe
433 1151 486 1206 aut
512 1139 698 1226 flagitiosum
721 1141 795 1216 erit,
826 1151 897 1226 post
916 1140 1107 1226 recuperari.
1149 1145 1179 1204 2.
1208 1140 1359 1206 Antonius
1385 1141 1486 1207 adhuc
1506 1151 1554 1207 est

235 1235 411 1315 uobiscum;
442 1234 496 1300 sed
525 1232 737 1299 mediusfidius
763 1244 795 1299 et
821 1254 953 1299 moveor
981 1233 1116 1299 hominis
1144 1233 1290 1320 precibus
1317 1242 1348 1298 71
1375 1234 1485 1310 timeo,
1514 1255 1554 1300 ne

234 1330 322 1395 illam
344 1331 521 1417 aliquorum
543 1327 634 1393 17777
655 1327 806 1413 excipiat;
829 1327 920 1414 plano
942 1338 1060 1393 aestuo.
1104 1326 1224 1404 Quodsi
1247 1326 1377 1402 scirem,
1401 1327 1475 1413 quid
1496 1327 1553 1394 tibi

234 1423 384 1507 placeret,
406 1423 474 1488 siue
489 1421 695 1488 sollicitudine
711 1443 820 1486 essem.
857 1419 893 1487 11
907 1421 990 1486 enim
1012 1421 1165 1507 optimum
1184 1441 1253 1486 esse
1275 1441 1457 1506 persuasum
1473 1433 1555 1486 esset

233 1516 320 1581 mihi.
364 1519 469 1594 Quare
491 1516 734 1600 quamprimum
755 1514 868 1581 177777
889 1514 1072 1591 certiorem,
1095 1515 1171 1600 quid
1185 1514 1241 1580 tibi
1263 1515 1391 1600 placeat.
1428 1519 1459 1580 3.
1482 1519 1591 1581 Cas-¹⁰

232 1609 298 1675 sius
319 1621 426 1676 noster
447 1611 582 1698 Syriam,
606 1609 744 1695 legiones
762 1611 903 1698 Syriacas
925 1608 1033 1681 habet,
1056 1608 1139 1674 ultro
1163 1608 1290 1695 quidem
1312 1630 1329 1672 a
1351 1613 1460 1674 1117777
1483 1618 1553 1673 717

232 1704 351 1769 Μ77717
381 1712 412 1768 71
432 1702 471 1768 ab
494 1703 635 1769 exercitu
656 1704 725 1790 ipso
747 1704 923 1769 7777771177.
966 1707 1033 1788 Ego
1055 1706 1164 1788 scripsi
1193 1701 1230 1766 ad
1254 1701 1388 1767 Tertiam
1411 1722 1553 1766 sororem

231 1806 264 1862 71
284 1808 433 1874 matrem,
456 1805 604 1886 ueprius
627 1798 756 1864 ederent
777 1798 852 1872 hoc,
876 1796 962 1888 quod
984 1797 1100 1882 optime
1122 1817 1158 1860 ac
1173 1795 1351 1861 felicissime
1373 1795 1468 1880 gessit
1483 1799 1553 1862 Cas·

235 1892 315 1965 7177,
344 1913 438 1977 quam
465 1901 554 1957 tuum
584 1892 748 1958 consilium
778 1893 997 1978 cognovissent
1018 1889 1137 1977 tibique
1162 1890 1263 1956 visum
1285 1898 1376 1955 esset.
1418 1893 1449 1954 4.
1478 1889 1554 1974 Legi

232 1985 392 2051 orationes
418 1985 495 2050 duas
517 1994 602 2062 tuas,
631 2007 766 2073 quarum
794 1986 890 2051 altera
911 1983 978 2050 Kal.
1000 1989 1064 2050 lau.
1085 2005 1161 2050 usus
1184 2004 1232 2062 es;
1263 1983 1420 2048 alterode
1443 1981 1591 2048 1111771777

232 2080 326 2155 meis,
348 2099 429 2164 quae
457 2078 560 2145 habita
582 2090 630 2146 771
655 2078 710 2146 abs
734 2091 764 2146 17
786 2089 893 2145 777177
915 2079 1072 2145 Calenum.
1116 2075 1341 2143 Nunc'scilioet
1362 2077 1422 2143 hoc
1443 2097 1553 2162 cuspe-

231 2183 313 2249 ctas,
336 2172 409 2239 dum
427 2193 478 2239 eas
499 2173 632 2244 laudem.
667 2174 793 2248 Nescio,
817 2173 914 2238 animi
936 2194 973 2236 an
990 2171 1107 2258 ingenii
1130 2172 1174 2236 tui
1197 2172 1297 2236 maior
1318 2172 1350 2237 in
1372 2173 1419 2238 his
1440 2170 1553 2240 libellis

231 2266 298 2332 1777
320 2267 524 2334 77711777177.
562 2272 627 2333 lam
649 2267 801 2341 concedo,
824 2277 859 2333 71
880 2266 930 2332 771
945 2267 1108 2352 Philippici
1129 2274 1296 2342 vocentur,
1319 2265 1405 2352 quod
1426 2277 1460 2333 tu
1476 2288 1553 2352 qua-

232 2359 303 2426 dam
325 2361 455 2447 77171717
475 2361 582 2428 177777
604 2361 767 2448 scripsisti.
811 2367 839 2429 5.
868 2359 996 2426 Duabus
1018 2358 1113 2426 rebus
1136 2381 1281 2446 egemus,
1305 2360 1429 2434 Cicero,
1458 2381 1553 2446 pecu·

231 2454 283 2520 nia
297 2464 329 2520 et
342 2455 572 2541 supplemento;
595 2477 728 2542 quarum
750 2455 848 2520 711777
871 2463 973 2542 771771
994 2454 1095 2519 abste
1118 2453 1278 2539 expediri,
1300 2467 1336 2519 ut
1356 2454 1458 2539 aliqua
1481 2469 1591 2540 parsao

231 2547 364 2614 militum
393 2548 484 2615 istinc
504 2550 644 2614 mittatur
666 2549 772 2624 nobis,
802 2550 852 2615 771
875 2557 996 2614 7777717
1018 2548 1150 2613 consilio
1179 2548 1329 2614 adversus
1351 2550 1481 2613 Pansam
1503 2547 1553 2612 vel

232 2642 352 2707 actione
380 2642 413 2707 in
434 2652 558 2721 senatu;
590 2643 702 2719 711777,
729 2665 809 2729 quae
831 2644 929 2729 magis
952 2652 999 2708 771
1020 2643 1210 2718 7777777717,
1240 2662 1342 2727 neque
1370 2663 1441 2708 meo
1462 2662 1550 2706 7777

81 2795 84 2802 .
140 2795 143 2806 ,
230 2735 307 2800 71171
328 2735 426 2820 magis
454 2757 547 2821 quarn
568 2736 774 2821 reliquorum.
817 2741 886 2802 Hoc
913 2737 1010 2821 magis
1033 2735 1125 2801 doleo
1147 2736 1251 2801 Asiam
1274 2739 1286 2764 *
1308 2740 1320 2764 *
1342 2743 1373 2799 71
1394 2734 1425 2799 in
1447 2734 1551 2798 Asiam

230 2848 344 2894 censeo
365 2828 626 2915 persequendum.
671 2829 753 2896 Nihil
775 2829 850 2895 mihi
874 2828 987 2894 videris
1010 2829 1070 2895 hoc
1091 2839 1233 2916 tempore
1255 2827 1366 2894 melius
1388 2837 1523 2894 acturus.

668 2973 715 3036 VI.
760 2973 903 3038 CICERO
925 2972 1054 3036 BRUTO
1083 2974 1115 3036 S.
1561 2993 1589 3038 aa

318 3095 346 3156 1.
375 3091 468 3169 Quod
490 3111 583 3177 egere
605 3102 636 3157 17
658 3091 779 3158 duabus
800 3093 984 3159 necessariis
1005 3089 1102 3156 rebus
1123 3090 1250 3167 scribis,
1281 3091 1498 3179 supplemento
1520 3101 1551 3158 71

230 3184 377 3272 pecunia,
409 3183 532 3251 difficile
563 3185 727 3252 consilium
756 3196 812 3253 771.
864 3192 931 3253 Ν77
959 3187 1042 3252 enirn
1070 3186 1146 3252 mihi
1176 3196 1346 3252 occurrunt
1372 3185 1549 3262 facultates,

231 3277 346 3365 quibus
366 3277 412 3343 711
433 3286 464 3341 17
486 3298 578 3364 77777
600 3279 740 3357 videam,
762 3289 888 3365 praeter
908 3281 994 3357 11177,
1016 3301 1094 3368 quas
1116 3290 1239 3346 7777177
1262 3280 1417 3357 17777711,
1442 3289 1477 3346 71
1497 3300 1552 3367 77·

230 3373 337 3438 777177
358 3393 376 3436 7
397 3371 573 3438 civitatibus
595 3383 717 3440 mutuas
739 3395 890 3439 sumeres.
932 3380 978 3440 De
1001 3374 1217 3462 supplemento
1240 3384 1342 3441 autem
1372 3396 1436 3441 non
1456 3374 1550 3440 video

230 3466 306 3553 quid
328 3465 396 3530 fieri
418 3467 528 3552 possit.
572 3471 703 3532 Tantum
726 3469 809 3533 onim
831 3468 934 3543 abest,
957 3478 993 3534 ut
1006 3474 1103 3533 Pansa
1125 3466 1164 3534 de
1182 3469 1322 3534 exercitu
1344 3489 1402 3534 suo
1424 3478 1479 3535 771
1499 3468 1553 3534 de-
1562 3489 1589 3533 77

229 3561 312 3626 17717
341 3559 397 3625 tibi
419 3559 537 3646 aliquid
565 3558 696 3636 tribuat,
728 3571 762 3626 ut
784 3563 876 3628 etiam
899 3563 1030 3628 moleste
1052 3561 1145 3636 17771,
1168 3573 1230 3629 tam
1252 3563 1367 3628 multos
1389 3561 1430 3628 ad
1451 3572 1482 3627 17
1503 3562 1551 3628 177

230 3655 438 3732 77177177177;
471 3655 630 3741 quomodo
658 3654 802 3740 equidem
831 3655 944 3732 credo,
973 3655 1059 3743 quod
1087 3655 1135 3721 his
1166 3655 1276 3732 rebus,
1305 3677 1386 3742 quae
1410 3656 1552 3722 initalia

229 3749 456 3824 17777777177,
487 3747 586 3814 nullas
615 3750 722 3836 copias
744 3749 837 3814 nimis
857 3769 984 3832 magnas
1007 3769 1075 3814 7777
1096 3748 1283 3815 arbitretur:
1313 3749 1474 3835 quomodo
1496 3771 1551 3814 au·

193 3833 197 3854 '
228 3851 292 3908 tem
314 3842 403 3908 multi
425 3842 637 3929 suspicantur,
660 3863 699 3907 ne
721 3851 751 3907 17
769 3842 894 3929 quidem
917 3842 1009 3908 nimis
1031 3842 1155 3908 firmum
1178 3865 1246 3910 esse
1268 3843 1361 3923 velit;
1385 3843 1470 3932 quod
1491 3863 1552 3928 ego

229 3959 292 4002 non
314 3937 466 4023 suspicor.
508 3941 539 4001 2.
562 3936 656 4014 Quod
670 3935 799 4011 scribis,
822 3946 853 4001 17
875 3936 914 4002 71
930 3941 1067 4003 Tertiam
1090 3959 1233 4004 sororem
1256 3938 1430 4023 scripsisse,
1455 3945 1589 4002 717777

228 4030 316 4114 prius
345 4030 474 4095 ederent
495 4051 549 4106 ea,
579 4051 659 4118 quae
688 4040 773 4116 gesta
795 4053 813 4096 a
836 4032 942 4098 Cassio
964 4041 1082 4107 essent,
1112 4054 1206 4118 quarn
1228 4031 1303 4096 milri
1325 4032 1426 4097 visum
1454 4040 1551 4106 77771,

228 4122 322 4188 71177
343 4131 374 4187 17
395 4123 530 4190 veritum
553 4143 621 4188 esse
642 4124 692 4200 id,
715 4123 801 4212 quod
821 4124 994 4190 verendum
1015 4125 1089 4199 1711,
1112 4147 1151 4190 77
1173 4126 1268 4192 animi
1290 4127 1427 4213 partium
1441 4129 1552 4192 Caesa-

229 4215 291 4292 ris,
312 4216 472 4302 quomodo
493 4217 670 4282 etiamnunc
691 4226 795 4302 partes
817 4218 1029 4303 appellantur,
1051 4220 1253 4286 vehementer
1268 4226 1551 4286 commoverentur.

228 4309 291 4374 Sed
313 4322 477 4396 antequam
500 4320 568 4376 1777
589 4310 707 4376 11117777
729 4311 923 4396 accepimus,
947 4311 1123 4379 auditores
1145 4323 1211 4380 7771
1230 4321 1262 4378 71
1281 4312 1477 4399 pervulgata;
1505 4309 1551 4377 171

228 4403 321 4468 etiam
344 4401 498 4469 tabellarii
520 4403 560 4469 71
581 4404 696 4470 multos
716 4405 885 4471 familiares
913 4416 985 4472 tuos
1006 4407 1124 4474 litteras
1148 4408 1323 4474 7117177771.
1368 4409 1474 4484 Quare
1495 4426 1588 4470 77-77
1698 4419 1699 4423 ’

228 4518 290 4582 que
311 4497 532 4584 supprimenda
554 4519 605 4563 res
627 4507 711 4574 erat,
740 4499 925 4586 praesertim
952 4521 1023 4566 cum
1044 4502 1077 4567 id
1099 4501 1169 4568 ficri
1196 4523 1259 4568 non
1281 4507 1403 4589 posset,
1432 4519 1549 4587 neque,

227 4591 255 4657 si
275 4599 393 4677 posset,
416 4612 479 4656 non
500 4590 720 4677 divulgandam
742 4594 962 4681 potiusquam
984 4597 1199 4662 occultandam
1219 4605 1412 4682 putaremus.
1451 4598 1481 4659 3.
1503 4597 1550 4658 117

296 4771 322 4821 5.
334 4771 406 4832 77171
419 4769 485 4822 Cn:
504 4772 608 4835 depulsi
620 4785 681 4822 cum
695 4773 919 4826 1777117711.-
936 4776 963 4828 d.
984 4779 1105 4839 eropon
1117 4791 1169 4828 777.
1185 4776 1247 4828 Cn:
1266 4778 1330 4834 7711,
1349 4777 1373 4826 71
1382 4782 1483 4836 potest,
1496 4787 1551 4824 non

227 4853 280 4891 777.
299 4854 362 4891 cum
377 4841 507 4892 Lambino
524 4843 554 4892 li-
577 4843 727 4906 scripserat
745 4843 858 4895 17717777
877 4845 1095 4898 Pseudobrutusa
1115 4862 1194 4912 quom
1206 4848 1357 4909 7777777777·
1374 4855 1460 4911 neque·
1472 4844 1549 4906 [77117

227 4915 279 4972 771,
297 4925 380 4974 neque
397 4935 408 4945 ·
425 4936 436 4947 ·
453 4914 580 4974 77117771
597 4925 648 4964 777.
677 4913 781 4966 017·-
812 4915 854 4966 13.
874 4923 900 4966 at
918 4916 956 4966 ad
973 4925 1084 4969 matrem
1100 4917 1151 4969 Vb.
1173 4942 1203 4954 -
1234 4917 1280 4967 22.
1299 4930 1367 4980 qaae
1384 4919 1447 4966 ante
1464 4915 1550 4980 magia

227 4981 373 5032 delendum
392 4983 519 5034 censebat
536 4983 685 5036 1177771177.
713 5009 746 5022 -
782 4984 827 5036 31.
853 4993 882 5036 771
901 4993 926 5038 71
941 4989 998 5038 iam
1016 4987 1060 5039 Cr.
1091 5013 1120 5024 -
1158 4988 1203 5039 33.
1224 4988 1343 5050 equidem
1360 4985 1423 5037 (17.7
1445 4985 1549 5050 quidem

227 5051 258 5134 11ἰ
284 5075 318 5086 -
342 5051 398 5174 34.
417 5052 601 5116 auspicantur,
621 5067 653 5106 na
671 5052 736 5106 Cn:
754 5057 939 5120 auspicantur,
958 5058 1030 5121 quoa
1045 5072 1078 5110 ns
1096 5057 1126 5108 li.
1148 5085 1177 5097 ·-
1215 5053 1467 5122 88.qaomodo]1⁴'.
1487 5067 1549 5119 qao-

228 5133 310 5173 naam.
366 5137 392 5174 a.
