3628 5874
312 396 372 460 tia
432 405 435 413 '
741 391 1017 458 lil'lS'l'OLAliUld
1037 393 1090 455 AD
1112 391 1203 456 1111.

792 549 834 614 ιι.
889 549 926 614 ι.
952 551 985 614 ιι.
1008 550 1041 616 c.
1063 551 1135 614 no.

497 664 646 730 namus
667 664 719 728 nr
740 547 896 728 csssrub
917 663 1081 727 rmnrr.
1102 546 1148 728 ui
1165 661 1339 727 euronio
1362 635 1478 729 cosi¹

396 789 425 852 1.
457 787 504 850 De
531 791 584 848 tua
611 781 672 848 lide
701 791 733 847 et
757 779 974 856 benevolentia
1002 780 1034 846 in
1057 801 1115 846 nos
1136 780 1196 846 nisi
1216 802 1399 868 persumum
1421 794 1504 850 esset
1523 782 1630 861 nobis,

311 899 375 945 non
396 876 690 964 conscripsissemus
711 875 788 941 baec
808 873 881 953 tibi;
901 869 998 961 'quae
1020 875 1181 962 profecto,
1209 875 1356 960 quoniam
1377 876 1472 942 istum
1493 881 1630 944 animum

286 971 424 1046 sbabes,
447 977 479 1037 in
501 969 651 1057 optimam
671 977 792 1056 partem
814 967 958 1055 accipies.
1015 965 1170 1034 scribitur
1191 966 1281 1033 nobis
1302 989 1445 1054 magnam
1466 980 1632 1038 veterano-

311 1087 382 1132 rum
403 1064 636 1132 multitudinem
657 1069 787 1129 Romam
809 1061 993 1128 convenisse
1014 1061 1076 1126 iam
1099 1068 1131 1127 et
1151 1059 1191 1126 ad
1205 1061 1359 1128 Kalendas
1373 1067 1478 1129 lunias
1492 1063 1630 1131 futuram

311 1159 410 1225 multo
431 1159 594 1224 maiorem.
647 1162 694 1222 De
715 1166 746 1222 te
768 1156 795 1222 si
816 1154 994 1222 dubitemus
1016 1165 1069 1222 aut
1088 1176 1270 1230 vereamur,
1301 1155 1398 1222 simus
1420 1159 1520 1222 nostri
1541 1158 1631 1224 dissi·

312 1243 412 1317 miles.
466 1251 528 1317 Sed
557 1261 657 1325 certe,
690 1271 761 1316 cum
788 1250 848 1336 ipsi
878 1250 910 1316 in
939 1258 992 1314 tua
1019 1259 1173 1336 potestate
1193 1247 1346 1315 fuerimus
1368 1261 1486 1338 tuoque
1506 1251 1629 1318 adducti

310 1345 443 1411 consilio
475 1345 685 1411 dimiserimus
718 1365 759 1409 ex
790 1342 968 1429 municipiis
995 1354 1121 1409 nostros
1149 1343 1362 1418 necessarios,
1398 1366 1500 1432 neque
1528 1348 1628 1413 solum

276 1459 302 1502 ro
310 1439 413 1505 edicto
445 1439 500 1504 sed
532 1439 625 1504 etiam
653 1438 765 1504 litteris
791 1437 823 1503 id
852 1437 1035 1513 fecerimus,
1070 1436 1156 1522 digni
1177 1457 1304 1512 sumus,
1340 1439 1557 1524 quos-babens
1585 1440 1631 1506 tui

313 1532 436 1600 consilii
456 1532 638 1620 participes,
660 1531 693 1596 in
716 1553 753 1597 ea
769 1532 955 1618 praesertim
977 1552 1027 1605 re,
1050 1551 1130 1617 quac
1152 1529 1191 1595 ad
1212 1550 1271 1596 nos
1283 1532 1428 1617 pertinet.
1471 1538 1502 1599 2.
1525 1537 1631 1612 Quare

309 1631 445 1715 petimus
470 1648 489 1691 a
510 1635 558 1701 te,
591 1625 686 1692 incias
717 1645 776 1691 nos
804 1625 956 1691 certiores
982 1632 1054 1690 tune
1075 1623 1242 1688 voluntatis
1263 1623 1294 1688 in
1317 1645 1396 1702 uos;
1421 1637 1553 1713 putesne
1573 1649 1631 1693 nos

309 1727 395 1785 tutos
416 1718 485 1785 iore
507 1719 539 1785 in
560 1729 644 1785 tanta
664 1719 841 1806 frequentia
862 1718 997 1784 militum
1018 1727 1255 1792 veteranorum,
1276 1738 1356 1803 quos
1376 1719 1470 1785 etiam
1485 1720 1524 1785 de
1538 1740 1633 1807 repo-

310 1812 412 1879 nenda
433 1834 488 1878 ara
509 1813 648 1899 cogitare
669 1813 828 1892 andimus;
860 1812 945 1900 quod
966 1811 1047 1876 velle
1068 1822 1100 1877 et
1120 1809 1256 1896 probare
1278 1811 1332 1877 vix
1353 1812 1517 1899 quisquam
1538 1834 1632 1901 posse

274 1906 455 1982 evidetur,
478 1906 533 1993 qni
554 1928 612 1973 nos
633 1908 736 1973 salvos
757 1914 790 1971 et
803 1906 951 1972 bonestos
973 1904 1058 1970 velit.
1100 1909 1163 1970 Nos
1184 1903 1224 1968 ab
1245 1904 1335 1970 initio
1357 1917 1512 1992 spectasse
1531 1909 1631 1974 otium

309 2021 368 2066 nec
388 2000 558 2087 quidquam
580 2000 664 2067 aliud
678 2000 822 2067 libertate
843 1998 1002 2066 communi
1018 2003 1176 2086 quaesisse
1200 1998 1302 2064 exitus
1324 1998 1469 2065 declarat.
1511 2001 1632 2066 Fallere

309 2115 402 2160 nemo
423 2114 481 2159 nos
512 2103 616 2181 potest
637 2095 698 2160 nisi
719 2103 770 2172 tu;
803 2092 890 2181 quod
919 2103 1004 2157 certe
1033 2091 1120 2157 abest
1141 2089 1181 2155 ab
1203 2097 1256 2157 tua
1276 2092 1391 2157 virtute
1413 2102 1444 2158 et
1465 2093 1543 2170 bde;
1576 2093 1632 2158 sed

310 2188 389 2254 alius
410 2207 505 2252 nemo
526 2187 705 2253 laenitatem
725 2185 819 2253 babet
839 2185 1015 2274 decipiendi
1038 2207 1110 2261 uos;
1133 2183 1191 2249 tibi
1211 2185 1293 2250 enim
1314 2185 1371 2252 nni
1392 2185 1582 2252 credidimus
1600 2197 1632 2252 ct

309 2281 462 2346 credituri
499 2302 618 2346 snmus.
667 2285 697 2346 3.
726 2281 865 2347 blaximo
892 2281 1006 2345 timore
1027 2278 1067 2344 de
1089 2277 1179 2344 nobis
1204 2277 1382 2346 afficiuntur
1402 2281 1493 2345 amici
1516 2281 1631 2359 nostri;

271 2372 425 2460 anquibus
446 2374 504 2440 etsi
526 2382 578 2439 tun
600 2373 676 2439 fides
697 2373 859 2460 explorata
880 2383 942 2447 est,
972 2383 1074 2438 tamen
1097 2370 1173 2437 illud
1195 2371 1226 2436 in
1248 2382 1383 2439 mentem
1405 2373 1505 2448 venit,
1529 2375 1631 2440 multi-

311 2467 450 2535 tudinem
484 2477 705 2532 veteranorum
734 2467 855 2532 lucilius
876 2466 995 2552 impelli
1016 2465 1055 2531 ab
1078 2465 1147 2531 nliis
1169 2486 1232 2552 quo
1254 2464 1330 2532 libet
1350 2489 1444 2554 quam
1466 2489 1484 2532 a
1506 2480 1537 2534 te
1558 2470 1633 2534 reti·

310 2561 380 2627 neri
401 2581 504 2647 posse.
560 2558 725 2627 Rescribas
745 2559 836 2626 nobis
857 2559 896 2625 ad
918 2559 1022 2626 omnin
1044 2579 1202 2644 rogamus.
1255 2564 1331 2625 Nam
1353 2561 1430 2627 illud
1451 2560 1541 2626 valde
1563 2562 1632 2627 leve

310 2664 358 2720 est
379 2673 416 2718 nc
437 2654 652 2740 nugatorium,
683 2673 720 2718 ea
740 2675 777 2719 re
799 2653 1012 2719 denuntiatum
1034 2674 1104 2718 esse
1123 2652 1292 2728 veteranis,
1323 2654 1408 2742 quod
1430 2653 1470 2719 dc
1491 2674 1634 2719 commo-

310 2747 359 2813 dis
381 2767 492 2814 eornm
514 2768 621 2813 mense
642 2752 733 2813 lunio
755 2748 876 2812 laturus
897 2769 992 2813 esses.
1035 2751 1138 2826 Quem
1153 2745 1236 2811 enim
1255 2747 1479 2835 impedimento
1491 2745 1632 2811 futurum

271 2849 417 3000 'titi
433 2839 691 3021 „iiiiii
712 2851 831 3010 titi
846 2839 1633 3023 33133311113113113

308 3026 358 3094 cie
379 3037 412 3094 et
432 3027 617 3094 confusione
637 3028 779 3095 omnium
800 3049 918 3094 rerum.

782 3170 842 3234 111.
886 3166 935 3252 (A.
961 3171 993 3235 ιι.
1016 3171 1049 3237 c.
1071 3166 1157 3254 mo.)

467 3284 616 3349 nnurus
638 3284 689 3348 nr
710 3283 865 3348 cassus
888 3285 1050 3347 rmnrr.
1073 3284 1104 3346 s
1126 3287 1163 3346 n.
1186 3285 1361 3348 sunosio
1384 3285 1472 3350 cos
1496 3255 1513 3359 ἶ

273 3431 300 3472 ss
398 3405 425 3467 1.
469 3405 501 3467 S.
522 3407 560 3468 V.
581 3405 617 3467 B.
638 3405 675 3466 E.
717 3401 849 3467 Litteras
870 3413 939 3466 tuas
960 3401 1092 3487 legimus
1119 3403 1291 3470 simillimas
1312 3403 1406 3469 edicti
1427 3403 1492 3478 tui,
1523 3413 1633 3470 contu-

310 3495 472 3569 meliosas,
495 3495 647 3570 minaces,
680 3495 808 3560 minime
830 3494 955 3574 dignas,
989 3516 1069 3583 quac
1091 3517 1109 3562 a
1131 3506 1161 3561 te
1183 3496 1274 3563 nobis
1296 3499 1503 3563 mitterentur.
1546 3503 1629 3571 lios,

308 3589 437 3661 Antoni,
473 3599 502 3654 te
531 3587 615 3653 nulla
646 3587 837 3653 lacessiimus
867 3589 981 3654 iniuria
1014 3611 1116 3678 neque
1149 3592 1334 3657 miraturum
1364 3591 1568 3664 credidimus.
1604 3592 1631 3656 si

309 3692 473 3767 praetores
495 3690 526 3746 et
547 3701 584 3746 ea
605 3680 753 3767 dignitate
774 3680 916 3747 homines
937 3684 1054 3769 aliquid
1076 3685 1178 3750 edicto
1196 3686 1472 3773 postulassemusa
1490 3688 1630 3751 consule.

311 3773 432 3851 Quodsi
455 3774 624 3859 indignaris
646 3795 738 3840 ausos
760 3795 829 3840 esse
851 3775 882 3840 id
903 3777 1023 3854 lacere,
1060 3779 1197 3846 concede
1218 3779 1326 3852 uobis,
1349 3790 1384 3845 ut
1405 3779 1565 3845 doleamus
1587 3802 1628 3844 ne

278 3865 370 3936 oboc
391 3867 517 3953 quidem
540 3867 596 3933 abs
617 3877 648 3934 te
668 3875 768 3934 Bruto
790 3880 821 3934 et
842 3870 948 3936 Cassio
970 3871 1075 3938 tribui.
1119 3877 1149 3937 2.
1172 3879 1248 3938 Nam
1270 3873 1309 3939 de
1331 3872 1503 3939 delentibus
1518 3873 1631 3939 babilis

309 3971 340 4026 et
360 3961 501 4047 pecarniis
521 3962 701 4048 imperatis,
724 3963 915 4029 exercitibus
938 3965 1108 4032 sollicitatis
1124 3976 1156 4031 et
1176 3968 1292 4033 nuntiis
1314 3977 1399 4033 trans
1420 3987 1508 4032 mare
1528 3967 1631 4032 missis

308 4053 395 4141 qnod
423 4064 454 4121 te
482 4065 627 4142 questum
655 4075 724 4122 esse
751 4077 859 4142 negas,
892 4079 950 4123 nos
971 4059 1097 4146 quidem
1123 4059 1179 4125 tibi
1207 4060 1364 4127 credimus
1386 4061 1505 4148 optimo
1520 4061 1632 4126 'animo

309 4157 340 4214 te
362 4147 492 4225 iecisse;
514 4147 569 4214 sed
591 4159 693 4214 tamen
715 4171 817 4238 neque
839 4152 1036 4236 agnoscimus
1057 4153 1229 4239 quidquam
1251 4175 1363 4219 eorum
1377 4163 1409 4219 et
1424 4166 1454 4221 te
1468 4155 1631 4228 miramur,

308 4263 380 4308 cnm
401 4241 479 4307 baec
499 4243 679 4319 reticueris,
702 4264 765 4308 non
786 4245 927 4330 potuisse
942 4247 1101 4311 continere
1116 4246 1308 4312 iracundiam
1323 4259 1423 4320 tuam,
1447 4252 1523 4335 quin
1540 4245 1633 4312 nobis

269 4336 348 4407 sade
370 4345 472 4402 morte
494 4338 635 4402 Caesaris
657 4336 821 4404 obiiceres.
864 4344 894 4404 3.
916 4339 996 4404 illud
1018 4360 1095 4405 vero
1117 4341 1379 4427 quemadmodum
1400 4340 1566 4406 serendum
1581 4340 1632 4412 sit,

308 4439 374 4496 tute
402 4429 525 4515 cogita:
561 4451 624 4496 nou
656 4429 752 4496 licere
779 4431 978 4519 praetoribus
1006 4433 1194 4499 concordiae
1222 4456 1259 4500 ac
1287 4434 1440 4502 libertatis
1461 4455 1554 4499 causa
1574 4453 1634 4520 per

307 4524 445 4590 edictum
476 4523 516 4588 de
545 4544 603 4589 suo
630 4523 700 4589 iure
729 4524 896 4602 decedere,
933 4526 1009 4612 quin
1036 4529 1145 4594 consul
1177 4549 1263 4595 arma
1296 4529 1443 4595 minetur.
1487 4531 1632 4606 Quorum

377 4690 403 4738 3.
422 4689 497 4737 nobis
513 4690 750 4750 rescripsissemus
769 4689 813 4750 11,
840 4689 932 4745 nobis.
960 4693 1218 4754 conscripsissem
1238 4693 1321 4744 Codd.
1342 4693 1465 4758 aliquot,
1484 4691 1558 4756 qnod
1577 4703 1634 4740 ma·

308 4756 368 4807 lim.
388 4757 470 4808 Bais.
496 4781 531 4791 -
565 4755 593 4808 1.
613 4761 736 4822 quoniam
754 4757 801 4808 ii:
820 4773 899 4822 qaam
918 4759 949 4810 it.
975 4785 1009 4794 -
1047 4761 1089 4811 ils.
1109 4763 1172 4812 nelis
1191 4764 1344 4824 reprobare
1363 4764 1400 4813 Μ.
1425 4787 1460 4797 -
1496 4763 1540 4812 to.
1559 4760 1634 4810 aliud

308 4827 642 4878 mmmmm-1³·
680 4827 720 4878 ci.
740 4827 821 4879 lland
840 4829 918 4879 Tura.
938 4829 960 4879 l.
980 4843 1008 4893 p.
1027 4831 1070 4881 13.
1090 4857 1125 4866 -
1157 4833 1200 4882 17.
1219 4833 1253 4882 ob
1272 4833 1317 4884 ni:
1336 4833 1403 4884 oli.
1424 4857 1455 4868 -
1476 4833 1519 4883 iil.
1539 4834 1633 4881 timore

307 4896 339 4947 ds
356 4897 431 4947 nobis
448 4897 498 4948 it:
535 4897 566 4947 dc
582 4897 656 4946 soto
674 4899 766 4948 timore
784 4899 815 4949 it.
843 4923 870 4934 -
911 4900 956 4950 11.
975 4901 1008 4950 ab
1026 4902 1087 4950 «1113
1104 4903 1216 4966 quolibet
1236 4915 1276 4966 pr·
1295 4903 1337 4954 bl:
1356 4904 1390 4953 ob
1408 4902 1594 4966 alioquolibet
1612 4899 1632 4950 Ε

306 4979 370 5016 cum
388 4979 461 5016 corr.
480 4965 518 5017 11.
539 4989 570 5002 -
606 4967 651 5018 33.
669 4967 815 5020 meruimus
832 4969 870 5022 11.
889 4993 923 5003 -
947 4971 991 5023 35.
1009 4971 1040 5021 ds
1056 4972 1190 5023 dilectibus
1208 4972 1246 5024 11.
1265 4995 1297 5008 -
1322 4973 1366 5024 dt).
1385 4974 1523 5038 [modurn
1541 4971 1579 5024 11.
1598 4995 1630 5004 -

304 5034 350 5086 41.
370 5036 486 5087 mares
504 5034 646 5088 Graevius.
