3680 5944
444 454 519 518 LIB.
541 455 607 518 VII.
649 455 709 518 iii).
731 455 782 519 24.
804 457 856 520 25.
878 458 929 520 26.
952 489 991 501 -
1015 457 1088 521 LIB.
1111 459 1192 524 VIII.
1212 461 1272 524 ΕΡ.
1296 463 1324 526 1.
1473 465 1534 526 531

211 615 271 688 ris,
294 633 376 701 quae
389 617 489 678 Roma
505 613 695 686 afferuntur,
718 611 758 679 de
773 613 923 687 Domitio,
946 613 985 679 de
998 614 1171 681 PicentIum
1186 615 1379 686 cohortibus.
1423 622 1538 686 Omnia

210 716 301 774 eraut
321 707 401 773 lacta
422 705 483 771 boc
503 703 600 772 biduo
626 706 767 772 laetiora.
810 711 919 796 Itaque
941 707 1029 794 Iuga,
1066 730 1148 796 quae
1168 711 1356 797 parabatur,
1388 735 1535 802 repressa

211 812 269 872 est.
313 800 454 868 Caesaris
474 800 656 874 interdicta,

377 925 413 987 Si
433 933 461 986 te
481 924 607 985 secundo
628 924 738 987 lumine
758 917 815 988 bic'
828 925 991 1006 offersdero,

210 1052 412 1134 respuuntur.
454 1048 542 1108 Boua
564 1042 603 1109 de
624 1043 778 1120 Domitio,
801 1044 963 1130 praeclara
984 1045 1024 1110 de
1045 1043 1173 1113 nirano
1188 1046 1272 1114 lama
1287 1060 1344 1115 est.
1387 1054 1418 1117 2.
1441 1052 1564 1130 Quods

209 1163 259 1206 me
281 1137 467 1206 amicissime
489 1136 657 1214 admones,
679 1147 714 1203 ut
738 1158 789 1202 me
811 1138 986 1224 integrum,
1014 1141 1118 1227 quoad
1139 1144 1274 1228 possim,
1302 1165 1442 1221 servem,
1465 1167 1535 1231 gra-

209 1246 275 1303 tum
297 1241 353 1298 est.
409 1230 504 1310 Quod
525 1230 631 1304 addis,
667 1253 708 1297 ne
729 1233 918 1319 propensior
938 1233 979 1300 ad
1000 1245 1126 1324 turpem
1147 1258 1271 1304 eausam
1293 1237 1417 1313 videar,
1449 1251 1534 1304 certe

209 1328 311 1396 videri
332 1347 471 1414 possum.
513 1329 581 1410 Ego
606 1346 656 1392 me
678 1324 791 1391 ducem
812 1326 846 1392 iu
867 1327 950 1394 civili
971 1325 1074 1404 bello,
1098 1331 1203 1416 quoad
1225 1331 1264 1396 de
1279 1353 1355 1418 paee
1377 1343 1534 1418 ageretur,

208 1423 296 1488 nolui
318 1443 402 1498 esso3
438 1442 502 1487 non
524 1420 600 1507 quin
622 1428 744 1486 rectum
766 1429 865 1498 esset,
899 1421 953 1488 sed
977 1423 1070 1508 quia,
1093 1424 1179 1511 quod
1201 1426 1300 1494 multo
1322 1429 1439 1494 rectius
1460 1428 1533 1503 suit,

208 1517 241 1583 id
272 1515 349 1582 mihi
375 1513 519 1580 fraudem
550 1515 626 1584 tulit.
670 1515 763 1580 Plane
785 1535 872 1590 eum,
903 1521 952 1581 cui
974 1527 1082 1582 noster
1106 1518 1240 1585 alterum
1262 1522 1457 1589 consulatum
1481 1523 1574 1588 de-so

207 1609 307 1676 ferret
333 1618 363 1675 et
394 1608 584 1696 triumphum
614 1645 652 1657 -
683 1619 714 1676 at
745 1608 858 1696 quibus
886 1609 1008 1676 verbisl
1045 1633 1147 1698 „pro
1169 1615 1248 1680 tuis
1270 1615 1389 1682 rebus
1411 1617 1534 1703 gestis

207 1702 494 1790 amplissimis”
517 1739 558 1748 -
580 1703 742 1768 inimicum
763 1701 881 1768 babere
902 1704 1075 1771 nolueram.
1117 1710 1185 1795 Ego
1208 1712 1290 1785 scio,
1313 1717 1344 1774 et
1361 1732 1454 1797 quem
1469 1732 1534 1776 me·

208 1807 292 1863 tuam
316 1807 347 1862 et
368 1818 461 1884 quam
484 1794 525 1862 ob
546 1817 626 1862 rem.
661 1797 716 1862 Sin
738 1798 799 1863 erit
820 1796 954 1875 bellum,
976 1809 1010 1866 ut
1031 1797 1124 1866 video
1146 1801 1226 1875 lore,
1240 1811 1346 1887 partes
1360 1825 1450 1870 meae
1469 1826 1533 1870 non

208 1887 477 1956 desiderabantur.
521 1895 551 1956 3.
572 1895 619 1955 De
643 1893 713 1956 ias,
736 1911 796 1957 xx.
819 1893 965 1958 Terentia
987 1891 1043 1958 tibi
1060 1895 1231 1982 rescripsit.
1274 1895 1435 1984 Dionysio,
1458 1897 1531 1964 dum

206 1983 424 2050 existimabam
454 2006 548 2071 vagos
578 2006 636 2050 nos
668 1984 753 2060 lore,
789 1985 877 2051 nolui
907 1987 1056 2052 molestus
1079 2009 1156 2057 esse.
1200 1987 1270 2054 Tibi
1291 2000 1395 2056 autem
1418 1991 1570 2058 erebross

207 2078 247 2144 ad
275 2101 325 2145 me
355 2079 503 2145 scribenti
532 2079 571 2146 dc
601 2079 668 2144 eius
698 2079 801 2145 officio
831 2079 910 2145 nibil
931 2081 1097 2167 rescripsi,
1127 2081 1213 2168 quod
1235 2082 1317 2148 diem
1341 2105 1381 2150 ex
1403 2085 1454 2151 die
1477 2107 1531 2151 ex·

206 2172 398 2257 spectabam,
421 2184 456 2238 ut
477 2182 661 2248 statuerem,
685 2173 760 2260 quid
782 2183 865 2239 osset
885 2173 1072 2245 laciendum.
1115 2180 1221 2251 Nunc,
1244 2188 1279 2242 ut
1299 2177 1411 2255 rideo,
1439 2179 1532 2266 pueri

206 2275 290 2331 certe
312 2266 345 2331 in
366 2266 534 2332 Formiano
556 2267 703 2332 videntur
724 2265 903 2335 hiematuri.
956 2274 995 2336 Et
1023 2275 1106 2355 egoi
1139 2271 1260 2336 Nescio.
1305 2269 1337 2338 si
1366 2271 1450 2337 enim
1472 2273 1533 2337 erit

204 2356 338 2436 bellum,
370 2380 441 2425 cum
473 2363 623 2449 Pompeio
652 2381 721 2426 esse
748 2363 905 2428 constitui.
950 2363 1045 2442 Quod
1065 2361 1189 2431 habebo
1216 2364 1304 2440 certi,
1327 2364 1459 2439 faciam,
1497 2375 1531 2430 ut

205 2453 293 2518 scias.
336 2457 402 2539 Ego
431 2451 547 2520 bellum
575 2453 793 2522 foedissimum
814 2455 955 2524 futurum
981 2466 1074 2545 puto,
1106 2459 1167 2524 nisi
1189 2459 1261 2547 qui,
1294 2468 1332 2525 ut
1352 2467 1386 2524 tu
1414 2459 1567 2540 iscisme

203 2545 365 2612 Parthicus
386 2569 478 2615 casus
500 2550 664 2616 exstiterit

764 2837 968 2850 ....-—.—-

726 3081 877 3143 LIBIIR
897 3083 1003 3144 vin.

783 3271 948 3282 ——----

685 3419 712 3483 1.
755 3415 813 3500 (a,
843 3416 876 3480 c.
899 3418 930 3480 a
952 3412 1044 3497 ros.)

686 3557 829 3625 menno
850 3556 994 3621 eurico
1017 3556 1048 3619 s

204 3695 232 3756 1.
277 3669 370 3762 Cum
400 3691 439 3758 ad
470 3702 500 3759 te
530 3691 649 3757 litteras
678 3686 852 3761 dedissem,
885 3685 1026 3752 redditae
1055 3685 1132 3752 mibi
1158 3687 1280 3754 litterae
1301 3698 1373 3754 suut
1393 3710 1412 3754 a
1433 3693 1524 3754 Pom·

202 3786 285 3873 peio.
328 3790 438 3853 Cetera
461 3785 500 3852 de
522 3785 618 3850 rebus
639 3782 672 3848 in
692 3783 808 3848 Piceno
830 3779 953 3867 pestis,⁸
975 3801 1060 3867 quae
1085 3779 1124 3846 ad
1153 3801 1187 3846 se
1209 3781 1363 3850 Vibullius
1384 3783 1563 3870 scripsisse

201 3889 263 3960 set3
286 3879 325 3944 de
347 3878 470 3945 delectu
491 3879 635 3945 Domitii:
659 3897 739 3965 quae
761 3885 834 3942 suut
854 3873 946 3940 vobis
960 3883 1052 3953 nota3
1074 3897 1132 3941 nec
1146 3885 1248 3941 tamen
1263 3885 1325 3942 tam
1341 3878 1421 3943 laeta
1437 3885 1526 3942 erent

269 4101 297 4150 3.
316 4115 391 4151 cesar
409 4114 450 4164 pr.
472 4101 509 4151 11.
531 4126 559 4138 -
598 4099 624 4151 5.
644 4106 799 4164 respuentur
816 4099 891 4149 1.-
926 4097 1139 4148 armeniis.
1162 4121 1190 4132 -
1227 4099 1449 4161 posseml,noo
1465 4113 1525 4162 pos·

200 4181 257 4218 essm
267 4171 298 4220 R·
315 4197 345 4208 -
365 4173 392 4222 ti.
411 4171 486 4222 motui
499 4171 536 4220 ll:
556 4172 618 4220 noni
631 4172 667 4230 11,
684 4172 747 4220 novi
756 4170 778 4229 l,
791 4170 886 4234 ospaci
898 4181 959 4216 cum
972 4167 1092 4217 Victorlo
1103 4167 1133 4216 ll.
1148 4191 1174 4202 -
1196 4170 1239 4218 1ο.
1250 4171 1291 4218 eui
1301 4177 1451 4230 nostermg.
1462 4169 1525 4219 Cra·

201 4240 305 4290 teudria
319 4243 383 4305 pasin
391 4249 480 4291 nester
488 4241 563 4301 11111,
584 4242 625 4290 eui
635 4242 733 4290 Gnaeus
745 4247 834 4290 noster
844 4238 962 4287 victorio
973 4243 1083 4288 auctore
1094 4235 1125 4286 Ε.
1137 4261 1169 4273 -
1188 4239 1300 4288 alterum
1312 4239 1477 4288 consulatum
1494 4241 1526 4288 de

200 4323 231 4359 eu
248 4311 357 4374 referret
373 4311 431 4368 111,
459 4311 545 4360 altero
563 4311 701 4361 cometam
718 4311 749 4360 de
766 4323 796 4359 ec
814 4311 920 4371 reterret
940 4308 970 4357 11.
999 4331 1034 4342 -
1070 4307 1114 4356 11.
1139 4313 1164 4356 et
1184 4309 1344 4370 triumphum
1363 4322 1419 4358 om.
1440 4310 1472 4359 11.
1493 4333 1524 4345 -

199 4376 239 4442 ut]
258 4380 345 4431 attii.
380 4405 408 4417 -
445 4380 753 4444 pretuisrebrsspestis
777 4373 1177 4440 rescinderentur.)
1214 4379 1377 4428 Lambinus:
1404 4381 1526 4442 proruis
1632 4426 1633 4430 ,

198 4449 231 4499 It.
256 4453 334 4514 pestis
360 4450 399 4510 Y,
428 4463 479 4513 pro
505 4453 559 4500 suis
584 4451 659 4500 relus
676 4451 754 4515 pessis
774 4462 836 4499 cum
863 4448 943 4498 Bosio
963 4447 999 4507 Ε,
1031 4452 1061 4495 ut
1077 4459 1186 4508 prorsus
1203 4453 1282 4512 pestis
1298 4449 1345 4506 11,
1375 4456 1400 4498 et
1417 4461 1526 4511 prorsus

198 4521 277 4584 pestis
296 4521 335 4581 li,
353 4533 463 4583 prorsas
480 4523 558 4584 pestis
577 4520 599 4570 1.
619 4543 651 4558 -
689 4515 895 4581 leoninarum]
915 4517 1079 4567 colueriml.
1113 4539 1139 4550 -
1180 4517 1524 4568 recenserentur.

199 4589 368 4654 llatasptnae
394 4596 421 4640 et
444 4590 597 4640 Manutius:
630 4590 667 4640 lle
686 4589 740 4639 HS.
760 4601 804 4638 rr.
823 4589 927 4638 mitibus
945 4588 972 4638 M
991 4587 1100 4644 (saltem
1125 4584 1194 4650 Vb),
1222 4589 1260 4638 De
1278 4591 1403 4639 sestertiis
1431 4591 1526 4654 oipinti

197 4661 302 4710 milibus
319 4662 359 4722 11,
378 4661 418 4712 De
435 4663 565 4710 sestertiis
582 4660 731 4718 militamt,
751 4657 1036 4709 benemeritam.
1056 4671 1119 4707 cum
1146 4657 1261 4708 Graerio
1279 4659 1310 4709 li.
1340 4683 1369 4696 -
1408 4658 1452 4708 16.
1478 4662 1525 4709 sri-

198 4731 252 4780 mei
281 4731 317 4782 11.
346 4751 380 4768 -
433 4731 605 4780 aestimabam
634 4731 667 4780 tt.
702 4755 730 4766 -
769 4729 813 4778 18.
838 4735 907 4778 serto
933 4727 971 4778 11.
1004 4753 1033 4766 -
1072 4728 1107 4778 Et
1130 4729 1199 4791 epol
1220 4729 1309 4778 Nescio
1327 4728 1466 4779 Oreitidoi
1492 4729 1526 4778 tir

198 4813 245 4864 epo
262 4803 347 4852 nescio
365 4800 426 4862 Ml,
445 4801 514 4851 Num
531 4807 555 4852 et
573 4813 639 4865 epo,
659 4800 744 4850 nmcio
762 4799 816 4848 ltu.
855 4797 908 4848 Ctr.
930 4798 1009 4847 lland
1027 4798 1107 4848 Ture.
1127 4799 1164 4848 ll.
1185 4813 1211 4862 p.
1230 4799 1292 4848 511.
1307 4825 1336 4835 -
1375 4799 1418 4848 19.
1439 4795 1523 4862 Quod]

198 4871 261 4934 quid
278 4871 321 4932 11,
349 4870 379 4921 Si
396 4871 459 4935 quid
476 4871 508 4920 11.
540 4897 573 4907 -
608 4872 723 4936 [mium.
746 4876 776 4920 ast
794 4865 870 4932 selas]
897 4869 995 4933 {ocium
1012 4875 1042 4920 ut
1059 4869 1169 4919 sciebam
1188 4868 1229 4928 11,
1260 4875 1290 4920 ut
1308 4870 1394 4918 scios:
1413 4869 1525 4920 scribom

199 4939 231 4990 li.
262 4963 290 4975 -
328 4941 373 4990 20.
401 4942 520 5006 [atumem
549 4955 604 4991 om.
625 4955 665 5004 pr.
696 4939 736 4992 11.
769 4965 797 4977 -
834 4939 972 5002 ntupum
990 4941 1085 4988 tuscis
1105 4939 1127 4988 1.
1165 4939 1276 4989 blslims
1296 4940 1427 5003 nisinen,
1446 4947 1476 4989 ut
1495 4949 1525 4988 tu

197 5009 298 5060 scribis.
335 5010 390 5062 Cir.
416 5024 499 5075 snpra
517 5026 543 5061 r.
563 5012 607 5063 tc.
627 5011 678 5063 Oe.
712 5035 741 5047 -
778 5009 823 5060 25.
844 5008 962 5060 Vibills'us
980 5022 1050 5059 corr.
1069 5008 1114 5069 11,
1136 5009 1251 5060 tabidius
1269 5009 1300 5060 11.
1321 5035 1353 5046 -
1389 5009 1432 5061 26.
1451 5011 1525 5060 ociis

198 5080 221 5130 1.
246 5101 272 5115 -
310 5093 356 5134 osc
375 5087 432 5133 tum
449 5081 521 5135 lusto
538 5081 584 5146 11,
602 5097 648 5135 nes
666 5089 755 5135 samm
772 5079 843 5132 meta
861 5079 907 5132 itt.
926 5079 1096 5142 (correctum
1115 5092 1147 5129 es
1167 5075 1210 5144 i.)
