<?xml version="1.0" encoding="UTF-8"?>
<!DOCTYPE html PUBLIC "-//W3C//DTD XHTML 1.0 Transitional//EN"
    "http://www.w3.org/TR/xhtml1/DTD/xhtml1-transitional.dtd">
<html xmlns="http://www.w3.org/1999/xhtml" xml:lang="en" lang="en">
 <head>
  <title>
</title>
<meta http-equiv="Content-Type" content="text/html;charset=utf-8" />
  <meta name='ocr-system' content='tesseract 3.04.00' />
  <meta name='ocr-capabilities' content='ocr_page ocr_carea ocr_par ocr_line ocrx_word'/>
</head>
<body>
  <div class='ocr_page' id='page_1' title='image "./mtulliiciceroni06baitgoog_0389.png"; bbox 0 0 3668 5924; ppageno 0'>
   <div class='ocr_carea' id='block_1_1' title="bbox 793 331 1190 409">
    <p class='ocr_par' dir='ltr' id='par_1_1' title="bbox 793 331 1190 409">
     <span class='ocr_line' id='line_1_1' title="bbox 793 331 1190 409; baseline 0 -15"><span class='ocrx_word' id='word_1_1' title='bbox 793 333 850 394; x_wconf 86' lang='lat' dir='ltr'><strong>EF.</strong></span> <span class='ocrx_word' id='word_1_2' title='bbox 872 331 924 396; x_wconf 77' lang='lat' dir='ltr'><strong>Ab</strong></span> <span class='ocrx_word' id='word_1_3' title='bbox 947 332 985 409; x_wconf 88' lang='lat' dir='ltr'><strong>Q.</strong></span> <span class='ocrx_word' id='word_1_4' title='bbox 1007 333 1190 396; x_wconf 79' lang='lat' dir='ltr'>FRATREM</span> 
     </span>
    </p>
   </div>
   <div class='ocr_carea' id='block_1_2' title="bbox 783 547 1211 746">
    <p class='ocr_par' dir='ltr' id='par_1_2' title="bbox 783 547 1211 746">
     <span class='ocr_line' id='line_1_2' title="bbox 815 547 1168 628; baseline 0.006 -18"><span class='ocrx_word' id='word_1_5' title='bbox 815 550 856 612; x_wconf 91' lang='lat'><strong>11.</strong></span> <span class='ocrx_word' id='word_1_6' title='bbox 900 547 948 628; x_wconf 80' lang='lat' dir='ltr'><strong>(a.</strong></span> <span class='ocrx_word' id='word_1_7' title='bbox 973 549 1006 612; x_wconf 90' lang='lat' dir='ltr'><strong>u.</strong></span> <span class='ocrx_word' id='word_1_8' title='bbox 1029 549 1061 612; x_wconf 89' lang='lat' dir='ltr'><strong>c.</strong></span> <span class='ocrx_word' id='word_1_9' title='bbox 1082 550 1168 626; x_wconf 75' lang='lat' dir='ltr'><strong>aaa.)</strong></span> 
     </span>
     <span class='ocr_line' id='line_1_3' title="bbox 783 671 1211 746; baseline 0 -12"><span class='ocrx_word' id='word_1_10' title='bbox 783 671 936 734; x_wconf 81' lang='lat' dir='ltr'><strong>nsncus</strong></span> <span class='ocrx_word' id='word_1_11' title='bbox 959 671 997 746; x_wconf 91' lang='lat' dir='ltr'><strong>o.</strong></span> <span class='ocrx_word' id='word_1_12' title='bbox 1019 671 1158 736; x_wconf 82' lang='lat' dir='ltr'><strong>raanan</strong></span> <span class='ocrx_word' id='word_1_13' title='bbox 1181 673 1211 734; x_wconf 91' lang='lat' dir='ltr'><strong>s.</strong></span> 
     </span>
    </p>
   </div>
   <div class='ocr_carea' id='block_1_3' title="bbox 424 781 1770 874">
    <p class='ocr_par' dir='ltr' id='par_1_3' title="bbox 424 781 1770 874">
     <span class='ocr_line' id='line_1_4' title="bbox 424 781 1770 874; baseline 0.002 -23"><span class='ocrx_word' id='word_1_14' title='bbox 424 790 452 851; x_wconf 97' lang='grc'><strong>1.</strong></span> <span class='ocrx_word' id='word_1_15' title='bbox 481 789 548 849; x_wconf 88' lang='lat' dir='ltr'><strong>Non</strong></span> <span class='ocrx_word' id='word_1_16' title='bbox 574 782 797 870; x_wconf 79' lang='lat' dir='ltr'>occupatione,</span> <span class='ocrx_word' id='word_1_17' title='bbox 829 803 888 867; x_wconf 90' lang='lat' dir='ltr'><strong>qua</strong></span> <span class='ocrx_word' id='word_1_18' title='bbox 916 801 1000 846; x_wconf 91' lang='lat' dir='ltr'><strong>eram</strong></span> <span class='ocrx_word' id='word_1_19' title='bbox 1028 801 1101 846; x_wconf 90' lang='lat' dir='ltr'><strong>sanc</strong></span> <span class='ocrx_word' id='word_1_20' title='bbox 1129 781 1316 868; x_wconf 88' lang='lat' dir='ltr'><strong>impeditus,</strong></span> <span class='ocrx_word' id='word_1_21' title='bbox 1354 784 1411 851; x_wconf 85' lang='lat' dir='ltr'><strong>sed</strong></span> <span class='ocrx_word' id='word_1_22' title='bbox 1436 783 1566 874; x_wconf 85' lang='lat' dir='ltr'><strong>parvula</strong></span> <span class='ocrx_word' id='word_1_23' title='bbox 1593 785 1655 872; x_wconf 93' lang='lat' dir='ltr'><strong>llp-</strong></span> <span class='ocrx_word' id='word_1_24' title='bbox 1769 810 1770 854; x_wconf 81' lang='lat' dir='ltr'><strong>t</strong></span> 
     </span>
    </p>
   </div>
   <div class='ocr_carea' id='block_1_4' title="bbox 316 869 1653 1247">
    <p class='ocr_par' dir='ltr' id='par_1_4' title="bbox 316 869 1653 1247">
     <span class='ocr_line' id='line_1_5' title="bbox 339 869 1653 964; baseline 0.002 -22"><span class='ocrx_word' id='word_1_25' title='bbox 339 877 478 964; x_wconf 88' lang='lat' dir='ltr'><strong>pltudine</strong></span> <span class='ocrx_word' id='word_1_26' title='bbox 505 876 655 944; x_wconf 87' lang='lat' dir='ltr'><strong>adductus</strong></span> <span class='ocrx_word' id='word_1_27' title='bbox 684 897 772 951; x_wconf 90' lang='lat' dir='ltr'><strong>sum,</strong></span> <span class='ocrx_word' id='word_1_28' title='bbox 808 885 844 941; x_wconf 91' lang='lat' dir='ltr'><strong>ut</strong></span> <span class='ocrx_word' id='word_1_29' title='bbox 871 874 1018 941; x_wconf 89' lang='lat' dir='ltr'><strong>dictarem</strong></span> <span class='ocrx_word' id='word_1_30' title='bbox 1047 874 1125 940; x_wconf 89' lang='lat' dir='ltr'><strong>banc</strong></span> <span class='ocrx_word' id='word_1_31' title='bbox 1152 876 1313 962; x_wconf 87' lang='lat' dir='ltr'><strong>epistelam</strong></span> <span class='ocrx_word' id='word_1_32' title='bbox 1341 886 1372 942; x_wconf 90' lang='lat' dir='ltr'><strong>et</strong></span> <span class='ocrx_word' id='word_1_33' title='bbox 1392 897 1471 953; x_wconf 92' lang='lat' dir='ltr'><strong>nen,</strong></span> <span class='ocrx_word' id='word_1_34' title='bbox 1502 888 1538 943; x_wconf 87' lang='lat' dir='ltr'><strong>nt</strong></span> <span class='ocrx_word' id='word_1_35' title='bbox 1558 869 1597 944; x_wconf 79' lang='lat' dir='ltr'><strong>a‘d</strong></span> <span class='ocrx_word' id='word_1_36' title='bbox 1622 889 1653 944; x_wconf 90' lang='lat' dir='ltr'><strong>te</strong></span> 
     </span>
     <span class='ocr_line' id='line_1_6' title="bbox 316 969 1653 1058; baseline -0.001 -20"><span class='ocrx_word' id='word_1_37' title='bbox 316 971 446 1045; x_wconf 83' lang='lat' dir='ltr'><strong>ssoleo,</strong></span> <span class='ocrx_word' id='word_1_38' title='bbox 480 971 546 1057; x_wconf 90' lang='lat' dir='ltr'><strong>ipse</strong></span> <span class='ocrx_word' id='word_1_39' title='bbox 580 970 759 1036; x_wconf 83' lang='lat' dir='ltr'><strong>scriberem.</strong></span> <span class='ocrx_word' id='word_1_40' title='bbox 814 973 852 1035; x_wconf 84' lang='lat' dir='ltr'><strong>lit</strong></span> <span class='ocrx_word' id='word_1_41' title='bbox 881 970 1014 1055; x_wconf 89' lang='lat' dir='ltr'><strong>primum</strong></span> <span class='ocrx_word' id='word_1_42' title='bbox 1046 989 1097 1034; x_wconf 90' lang='lat' dir='ltr'><strong>me</strong></span> <span class='ocrx_word' id='word_1_43' title='bbox 1130 969 1185 1035; x_wconf 91' lang='lat' dir='ltr'><strong>tibi</strong></span> <span class='ocrx_word' id='word_1_44' title='bbox 1212 991 1329 1036; x_wconf 83' lang='lat' dir='ltr'><strong>excuso</strong></span> <span class='ocrx_word' id='word_1_45' title='bbox 1357 972 1390 1036; x_wconf 90' lang='lat' dir='ltr'><strong>iu</strong></span> <span class='ocrx_word' id='word_1_46' title='bbox 1420 992 1459 1037; x_wconf 91' lang='lat' dir='ltr'><strong>eo</strong></span> <span class='ocrx_word' id='word_1_47' title='bbox 1486 975 1580 1058; x_wconf 90' lang='lat' dir='ltr'><strong>ipso,</strong></span> <span class='ocrx_word' id='word_1_48' title='bbox 1618 976 1653 1036; x_wconf 89' lang='lat' dir='ltr'><strong>in</strong></span> 
     </span>
     <span class='ocr_line' id='line_1_7' title="bbox 339 1061 1652 1152; baseline 0 -22"><span class='ocrx_word' id='word_1_49' title='bbox 339 1084 403 1152; x_wconf 91' lang='lat' dir='ltr'><strong>quo</strong></span> <span class='ocrx_word' id='word_1_50' title='bbox 425 1072 455 1128; x_wconf 91' lang='lat' dir='ltr'><strong>te</strong></span> <span class='ocrx_word' id='word_1_51' title='bbox 476 1085 605 1132; x_wconf 89' lang='lat' dir='ltr'><strong>accuso:</strong></span> <span class='ocrx_word' id='word_1_52' title='bbox 627 1085 677 1130; x_wconf 90' lang='lat' dir='ltr'><strong>me</strong></span> <span class='ocrx_word' id='word_1_53' title='bbox 699 1065 781 1130; x_wconf 85' lang='lat' dir='ltr'><strong>enirn</strong></span> <span class='ocrx_word' id='word_1_54' title='bbox 802 1085 896 1130; x_wconf 90' lang='lat' dir='ltr'><strong>nemo</strong></span> <span class='ocrx_word' id='word_1_55' title='bbox 917 1061 1017 1129; x_wconf 88' lang='lat' dir='ltr'><strong>adbuc</strong></span> <span class='ocrx_word' id='word_1_56' title='bbox 1038 1063 1174 1148; x_wconf 89' lang='lat' dir='ltr'><strong>rogavit,</strong></span> <span class='ocrx_word' id='word_1_57' title='bbox 1200 1085 1301 1140; x_wconf 89' lang='lat' dir='ltr'><strong>„nam</strong></span> <span class='ocrx_word' id='word_1_58' title='bbox 1322 1064 1398 1152; x_wconf 93' lang='lat' dir='ltr'><strong>quid</strong></span> <span class='ocrx_word' id='word_1_59' title='bbox 1419 1065 1451 1130; x_wconf 92' lang='lat' dir='ltr'><strong>in</strong></span> <span class='ocrx_word' id='word_1_60' title='bbox 1473 1065 1652 1131; x_wconf 88' lang='lat' dir='ltr'><strong>Sardiniam</strong></span> 
     </span>
     <span class='ocr_line' id='line_1_8' title="bbox 338 1155 1653 1247; baseline 0.003 -25"><span class='ocrx_word' id='word_1_61' title='bbox 338 1160 473 1236; x_wconf 84' lang='lat' dir='ltr'><strong>velim”;</strong></span> <span class='ocrx_word' id='word_1_62' title='bbox 509 1168 538 1224; x_wconf 91' lang='lat' dir='ltr'><strong>te</strong></span> <span class='ocrx_word' id='word_1_63' title='bbox 566 1166 642 1244; x_wconf 93' lang='lat' dir='ltr'><strong>puto</strong></span> <span class='ocrx_word' id='word_1_64' title='bbox 671 1177 763 1243; x_wconf 80' lang='lat' dir='ltr'><strong>saepe</strong></span> <span class='ocrx_word' id='word_1_65' title='bbox 792 1156 924 1232; x_wconf 89' lang='lat' dir='ltr'><strong>habere,</strong></span> <span class='ocrx_word' id='word_1_66' title='bbox 961 1155 1016 1244; x_wconf 92' lang='lat' dir='ltr'><strong>qui</strong></span> <span class='ocrx_word' id='word_1_67' title='bbox 1049 1179 1148 1231; x_wconf 87' lang='lat' dir='ltr'><strong>„num</strong></span> <span class='ocrx_word' id='word_1_68' title='bbox 1175 1159 1249 1245; x_wconf 91' lang='lat' dir='ltr'><strong>quid</strong></span> <span class='ocrx_word' id='word_1_69' title='bbox 1270 1164 1400 1225; x_wconf 80' lang='lat' dir='ltr'><strong>Romam</strong></span> <span class='ocrx_word' id='word_1_70' title='bbox 1421 1159 1519 1225; x_wconf 87' lang='lat' dir='ltr'><strong>velis”</strong></span> <span class='ocrx_word' id='word_1_71' title='bbox 1553 1183 1653 1247; x_wconf 85' lang='lat' dir='ltr'><strong>quae-</strong></span> 
     </span>
    </p>
   </div>
   <div class='ocr_carea' id='block_1_5' title="bbox 338 1251 1775 1344">
    <p class='ocr_par' dir='ltr' id='par_1_5' title="bbox 338 1251 1775 1344">
     <span class='ocr_line' id='line_1_9' title="bbox 338 1251 1775 1344; baseline 0.003 -27"><span class='ocrx_word' id='word_1_72' title='bbox 338 1264 416 1318; x_wconf 77' lang='lat' dir='ltr'><strong>rant.</strong></span> <span class='ocrx_word' id='word_1_73' title='bbox 460 1252 553 1332; x_wconf 87' lang='lat' dir='ltr'><strong>Quod</strong></span> <span class='ocrx_word' id='word_1_74' title='bbox 574 1252 613 1317; x_wconf 96' lang='lat' dir='ltr'><strong>ad</strong></span> <span class='ocrx_word' id='word_1_75' title='bbox 635 1273 685 1317; x_wconf 89' lang='lat' dir='ltr'><strong>me</strong></span> <span class='ocrx_word' id='word_1_76' title='bbox 705 1251 824 1318; x_wconf 83' lang='lat' dir='ltr'>Lentuli</span> <span class='ocrx_word' id='word_1_77' title='bbox 846 1262 878 1317; x_wconf 92' lang='lat' dir='ltr'><strong>et</strong></span> <span class='ocrx_word' id='word_1_78' title='bbox 898 1251 988 1317; x_wconf 88' lang='lat' dir='ltr'><strong>Sestii</strong></span> <span class='ocrx_word' id='word_1_79' title='bbox 1010 1252 1135 1317; x_wconf 91' lang='lat' dir='ltr'><strong>nomine</strong></span> <span class='ocrx_word' id='word_1_80' title='bbox 1157 1253 1322 1339; x_wconf 77' lang='lat' dir='ltr'><strong>scripsisti,</strong></span> <span class='ocrx_word' id='word_1_81' title='bbox 1344 1253 1464 1320; x_wconf 90' lang='lat' dir='ltr'><strong>locutus</strong></span> <span class='ocrx_word' id='word_1_82' title='bbox 1487 1277 1554 1320; x_wconf 91' lang='lat' dir='ltr'><strong>sum</strong></span> <span class='ocrx_word' id='word_1_83' title='bbox 1577 1277 1651 1321; x_wconf 85' lang='lat' dir='ltr'><strong>curn</strong></span> <span class='ocrx_word' id='word_1_84' title='bbox 1774 1320 1775 1344; x_wconf 28' lang='lat' dir='ltr'><strong>p</strong></span> 
     </span>
    </p>
   </div>
   <div class='ocr_carea' id='block_1_6' title="bbox 214 1345 1651 3968">
    <p class='ocr_par' dir='ltr' id='par_1_6' title="bbox 214 1345 1651 1628">
     <span class='ocr_line' id='line_1_10' title="bbox 338 1345 1650 1437; baseline 0.004 -26"><span class='ocrx_word' id='word_1_85' title='bbox 338 1345 454 1412; x_wconf 85' lang='lat' dir='ltr'><strong>Cincio.</strong></span> <span class='ocrx_word' id='word_1_86' title='bbox 507 1349 643 1433; x_wconf 87' lang='lat' dir='ltr'><strong>Quoquo</strong></span> <span class='ocrx_word' id='word_1_87' title='bbox 664 1347 759 1413; x_wconf 91' lang='lat' dir='ltr'><strong>modo</strong></span> <span class='ocrx_word' id='word_1_88' title='bbox 780 1367 831 1412; x_wconf 89' lang='lat' dir='ltr'><strong>res</strong></span> <span class='ocrx_word' id='word_1_89' title='bbox 853 1367 886 1411; x_wconf 90' lang='lat' dir='ltr'><strong>se</strong></span> <span class='ocrx_word' id='word_1_90' title='bbox 909 1345 1015 1420; x_wconf 90' lang='lat' dir='ltr'><strong>habet,</strong></span> <span class='ocrx_word' id='word_1_91' title='bbox 1045 1366 1107 1411; x_wconf 95' lang='lat' dir='ltr'><strong>non</strong></span> <span class='ocrx_word' id='word_1_92' title='bbox 1130 1357 1176 1411; x_wconf 88' lang='lat' dir='ltr'><strong>est</strong></span> <span class='ocrx_word' id='word_1_93' title='bbox 1197 1346 1356 1422; x_wconf 90' lang='lat' dir='ltr'><strong>lacillima,</strong></span> <span class='ocrx_word' id='word_1_94' title='bbox 1385 1346 1439 1412; x_wconf 89' lang='lat' dir='ltr'><strong>sed</strong></span> <span class='ocrx_word' id='word_1_95' title='bbox 1462 1349 1553 1416; x_wconf 89' lang='lat' dir='ltr'><strong>babet</strong></span> <span class='ocrx_word' id='word_1_96' title='bbox 1574 1371 1650 1437; x_wconf 92' lang='lat' dir='ltr'><strong>pro·</strong></span> 
     </span>
     <span class='ocr_line' id='line_1_11' title="bbox 303 1439 1651 1528; baseline 0.002 -21"><span class='ocrx_word' id='word_1_97' title='bbox 303 1473 326 1508; x_wconf 82' lang='lat' dir='ltr'><strong>n</strong></span> <span class='ocrx_word' id='word_1_98' title='bbox 339 1441 419 1507; x_wconf 84' lang='lat' dir='ltr'><strong>lecto</strong></span> <span class='ocrx_word' id='word_1_99' title='bbox 447 1440 594 1527; x_wconf 81' lang='lat' dir='ltr'><strong>quiddam</strong></span> <span class='ocrx_word' id='word_1_100' title='bbox 621 1440 762 1506; x_wconf 82' lang='lat' dir='ltr'><strong>Sardinia</strong></span> <span class='ocrx_word' id='word_1_101' title='bbox 788 1440 964 1527; x_wconf 90' lang='lat' dir='ltr'><strong>appositum</strong></span> <span class='ocrx_word' id='word_1_102' title='bbox 993 1439 1032 1506; x_wconf 91' lang='lat' dir='ltr'><strong>ad</strong></span> <span class='ocrx_word' id='word_1_103' title='bbox 1053 1441 1299 1506; x_wconf 71' lang='lat' dir='ltr'><strong>recordationem</strong></span> <span class='ocrx_word' id='word_1_104' title='bbox 1322 1444 1508 1528; x_wconf 87' lang='lat' dir='ltr'><strong>praeteritae.</strong></span> <span class='ocrx_word' id='word_1_105' title='bbox 1530 1465 1651 1510; x_wconf 87' lang='lat' dir='ltr'><strong>memo·</strong></span> 
     </span>
     <span class='ocr_line' id='line_1_12' title="bbox 214 1529 1651 1628; baseline 0.003 -30"><span class='ocrx_word' id='word_1_106' title='bbox 214 1529 224 1563; x_wconf 86' lang='grc'>”</span> <span class='ocrx_word' id='word_1_107' title='bbox 338 1533 413 1599; x_wconf 90' lang='lat' dir='ltr'><strong>riae.</strong></span> <span class='ocrx_word' id='word_1_108' title='bbox 469 1539 559 1610; x_wconf 88' lang='lat' dir='ltr'><strong>Nam,</strong></span> <span class='ocrx_word' id='word_1_109' title='bbox 595 1543 630 1600; x_wconf 89' lang='lat' dir='ltr'><strong>ut</strong></span> <span class='ocrx_word' id='word_1_110' title='bbox 656 1534 708 1600; x_wconf 89' lang='lat' dir='ltr'><strong>ille</strong></span> <span class='ocrx_word' id='word_1_111' title='bbox 737 1533 894 1601; x_wconf 84' lang='lat' dir='ltr'><strong>Gracchus</strong></span> <span class='ocrx_word' id='word_1_112' title='bbox 921 1555 1039 1628; x_wconf 61' lang='lat' dir='ltr'><strong>augur,</strong></span> <span class='ocrx_word' id='word_1_113' title='bbox 1069 1545 1268 1619; x_wconf 76' lang='lat' dir='ltr'><strong>posteaquam</strong></span> <span class='ocrx_word' id='word_1_114' title='bbox 1290 1534 1323 1600; x_wconf 89' lang='lat' dir='ltr'><strong>in</strong></span> <span class='ocrx_word' id='word_1_115' title='bbox 1344 1535 1433 1600; x_wconf 91' lang='lat' dir='ltr'><strong>istam</strong></span> <span class='ocrx_word' id='word_1_116' title='bbox 1456 1540 1651 1621; x_wconf 81' lang='lat' dir='ltr'><strong>provinciam</strong></span> 
     </span>
    </p>

    <p class='ocr_par' dir='ltr' id='par_1_7' title="bbox 337 1627 1650 1716">
     <span class='ocr_line' id='line_1_13' title="bbox 337 1627 1650 1716; baseline 0.004 -25"><span class='ocrx_word' id='word_1_117' title='bbox 337 1629 437 1702; x_wconf 89' lang='lat' dir='ltr'><strong>venit,</strong></span> <span class='ocrx_word' id='word_1_118' title='bbox 465 1628 647 1694; x_wconf 89' lang='lat' dir='ltr'><strong>recordatus</strong></span> <span class='ocrx_word' id='word_1_119' title='bbox 669 1638 730 1705; x_wconf 88' lang='lat' dir='ltr'><strong>est,</strong></span> <span class='ocrx_word' id='word_1_120' title='bbox 752 1629 828 1716; x_wconf 93' lang='lat' dir='ltr'><strong>quid</strong></span> <span class='ocrx_word' id='word_1_121' title='bbox 850 1627 910 1694; x_wconf 88' lang='lat' dir='ltr'><strong>sibi</strong></span> <span class='ocrx_word' id='word_1_122' title='bbox 931 1629 963 1693; x_wconf 92' lang='lat' dir='ltr'><strong>in</strong></span> <span class='ocrx_word' id='word_1_123' title='bbox 985 1648 1095 1714; x_wconf 88' lang='lat' dir='ltr'><strong>eampo</strong></span> <span class='ocrx_word' id='word_1_124' title='bbox 1116 1629 1228 1694; x_wconf 87' lang='lat' dir='ltr'><strong>Martio</strong></span> <span class='ocrx_word' id='word_1_125' title='bbox 1250 1628 1373 1693; x_wconf 88' lang='lat' dir='ltr'><strong>comitia</strong></span> <span class='ocrx_word' id='word_1_126' title='bbox 1395 1629 1573 1696; x_wconf 85' lang='lat' dir='ltr'><strong>consulibus</strong></span> <span class='ocrx_word' id='word_1_127' title='bbox 1594 1631 1650 1696; x_wconf 89' lang='lat' dir='ltr'><strong>ba-</strong></span> 
     </span>
    </p>

    <p class='ocr_par' dir='ltr' id='par_1_8' title="bbox 336 1721 1650 1810">
     <span class='ocr_line' id='line_1_14' title="bbox 336 1721 1650 1810; baseline 0.002 -23"><span class='ocrx_word' id='word_1_128' title='bbox 336 1721 420 1790; x_wconf 90' lang='lat' dir='ltr'><strong>benti</strong></span> <span class='ocrx_word' id='word_1_129' title='bbox 442 1734 549 1788; x_wconf 89' lang='lat' dir='ltr'><strong>contra</strong></span> <span class='ocrx_word' id='word_1_130' title='bbox 570 1723 708 1810; x_wconf 86' lang='lat' dir='ltr'><strong>auspicia</strong></span> <span class='ocrx_word' id='word_1_131' title='bbox 729 1723 905 1798; x_wconf 89' lang='lat' dir='ltr'><strong>accidisset,</strong></span> <span class='ocrx_word' id='word_1_132' title='bbox 927 1723 972 1788; x_wconf 90' lang='lat' dir='ltr'><strong>sic</strong></span> <span class='ocrx_word' id='word_1_133' title='bbox 993 1733 1026 1788; x_wconf 92' lang='lat' dir='ltr'><strong>tu</strong></span> <span class='ocrx_word' id='word_1_134' title='bbox 1048 1722 1121 1788; x_wconf 90' lang='lat' dir='ltr'><strong>mibi</strong></span> <span class='ocrx_word' id='word_1_135' title='bbox 1145 1721 1261 1788; x_wconf 80' lang='lat' dir='ltr'><strong>videris</strong></span> <span class='ocrx_word' id='word_1_136' title='bbox 1282 1723 1313 1787; x_wconf 92' lang='lat' dir='ltr'><strong>in</strong></span> <span class='ocrx_word' id='word_1_137' title='bbox 1329 1721 1469 1788; x_wconf 91' lang='lat' dir='ltr'><strong>Sardinia</strong></span> <span class='ocrx_word' id='word_1_138' title='bbox 1492 1723 1530 1788; x_wconf 91' lang='lat' dir='ltr'><strong>de</strong></span> <span class='ocrx_word' id='word_1_139' title='bbox 1547 1725 1650 1790; x_wconf 81' lang='lat' dir='ltr'><strong>torma</strong></span> 
     </span>
    </p>

    <p class='ocr_par' dir='ltr' id='par_1_9' title="bbox 299 1815 1649 1998">
     <span class='ocr_line' id='line_1_15' title="bbox 336 1815 1649 1903; baseline 0.001 -22"><span class='ocrx_word' id='word_1_140' title='bbox 336 1817 512 1885; x_wconf 86' lang='lat' dir='ltr'><strong>Numisiana</strong></span> <span class='ocrx_word' id='word_1_141' title='bbox 540 1827 571 1884; x_wconf 88' lang='lat' dir='ltr'><strong>et</strong></span> <span class='ocrx_word' id='word_1_142' title='bbox 596 1817 636 1882; x_wconf 92' lang='lat' dir='ltr'><strong>de</strong></span> <span class='ocrx_word' id='word_1_143' title='bbox 663 1817 842 1884; x_wconf 91' lang='lat' dir='ltr'><strong>nominibus</strong></span> <span class='ocrx_word' id='word_1_144' title='bbox 871 1816 1089 1901; x_wconf 87' lang='lat' dir='ltr'><strong>Pomponianis</strong></span> <span class='ocrx_word' id='word_1_145' title='bbox 1117 1815 1148 1881; x_wconf 93' lang='lat' dir='ltr'><strong>in</strong></span> <span class='ocrx_word' id='word_1_146' title='bbox 1178 1815 1243 1882; x_wconf 88' lang='lat' dir='ltr'><strong>otio</strong></span> <span class='ocrx_word' id='word_1_147' title='bbox 1264 1817 1461 1901; x_wconf 78' lang='lat' dir='ltr'><strong>recogitasse.</strong></span> <span class='ocrx_word' id='word_1_148' title='bbox 1506 1817 1563 1882; x_wconf 92' lang='lat' dir='ltr'><strong>Sed</strong></span> <span class='ocrx_word' id='word_1_149' title='bbox 1588 1839 1649 1903; x_wconf 86' lang='lat' dir='ltr'><strong>ego</strong></span> 
     </span>
     <span class='ocr_line' id='line_1_16' title="bbox 299 1909 1649 1998; baseline 0.001 -23"><span class='ocrx_word' id='word_1_150' title='bbox 299 1912 435 1978; x_wconf 70' lang='lat' dir='ltr'><strong>rsndbuc</strong></span> <span class='ocrx_word' id='word_1_151' title='bbox 462 1912 525 1977; x_wconf 93' lang='lat' dir='ltr'><strong>emi</strong></span> <span class='ocrx_word' id='word_1_152' title='bbox 554 1912 640 1978; x_wconf 91' lang='lat' dir='ltr'><strong>nibil.</strong></span> <span class='ocrx_word' id='word_1_153' title='bbox 695 1911 852 1978; x_wconf 86' lang='lat' dir='ltr'><strong>Culleonis</strong></span> <span class='ocrx_word' id='word_1_154' title='bbox 880 1911 983 1976; x_wconf 89' lang='lat' dir='ltr'><strong>auctio</strong></span> <span class='ocrx_word' id='word_1_155' title='bbox 1011 1909 1089 1974; x_wconf 86' lang='lat' dir='ltr'><strong>lacta</strong></span> <span class='ocrx_word' id='word_1_156' title='bbox 1119 1919 1175 1974; x_wconf 90' lang='lat' dir='ltr'><strong>est.</strong></span> <span class='ocrx_word' id='word_1_157' title='bbox 1217 1911 1390 1977; x_wconf 87' lang='lat' dir='ltr'><strong>Tusculano</strong></span> <span class='ocrx_word' id='word_1_158' title='bbox 1412 1922 1533 1998; x_wconf 91' lang='lat' dir='ltr'><strong>emptor</strong></span> <span class='ocrx_word' id='word_1_159' title='bbox 1555 1931 1649 1976; x_wconf 90' lang='lat' dir='ltr'><strong>nemo</strong></span> 
     </span>
    </p>

    <p class='ocr_par' dir='ltr' id='par_1_10' title="bbox 337 2003 1648 2080">
     <span class='ocr_line' id='line_1_17' title="bbox 337 2003 1648 2080; baseline 0.002 -10"><span class='ocrx_word' id='word_1_160' title='bbox 337 2007 401 2072; x_wconf 89' lang='lat' dir='ltr'><strong>l&#39;uit.</strong></span> <span class='ocrx_word' id='word_1_161' title='bbox 445 2007 477 2072; x_wconf 91' lang='lat' dir='ltr'><strong>Si</strong></span> <span class='ocrx_word' id='word_1_162' title='bbox 499 2005 641 2071; x_wconf 90' lang='lat' dir='ltr'><strong>condicio</strong></span> <span class='ocrx_word' id='word_1_163' title='bbox 663 2006 752 2071; x_wconf 85' lang='lat' dir='ltr'><strong>valde</strong></span> <span class='ocrx_word' id='word_1_164' title='bbox 773 2004 855 2071; x_wconf 91' lang='lat' dir='ltr'><strong>bona</strong></span> <span class='ocrx_word' id='word_1_165' title='bbox 876 2005 984 2080; x_wconf 88' lang='lat' dir='ltr'><strong>suerit,</strong></span> <span class='ocrx_word' id='word_1_166' title='bbox 1007 2003 1146 2070; x_wconf 81' lang='lat' dir='ltr'><strong>fortassis</strong></span> <span class='ocrx_word' id='word_1_167' title='bbox 1168 2025 1230 2069; x_wconf 92' lang='lat' dir='ltr'><strong>non</strong></span> <span class='ocrx_word' id='word_1_168' title='bbox 1251 2003 1400 2071; x_wconf 86' lang='lat' dir='ltr'><strong>omittam.</strong></span> <span class='ocrx_word' id='word_1_169' title='bbox 1443 2011 1473 2072; x_wconf 69' lang='lat'><em>2</em></span> <span class='ocrx_word' id='word_1_170' title='bbox 1495 2013 1542 2072; x_wconf 87' lang='lat' dir='ltr'><strong>De</strong></span> <span class='ocrx_word' id='word_1_171' title='bbox 1563 2007 1648 2072; x_wconf 90' lang='lat' dir='ltr'><strong>aedi·</strong></span> 
     </span>
    </p>

    <p class='ocr_par' dir='ltr' id='par_1_11' title="bbox 297 2097 1648 3968">
     <span class='ocr_line' id='line_1_18' title="bbox 336 2097 1648 2186; baseline 0.002 -23"><span class='ocrx_word' id='word_1_172' title='bbox 336 2099 477 2166; x_wconf 89' lang='lat' dir='ltr'><strong>ticatione</strong></span> <span class='ocrx_word' id='word_1_173' title='bbox 499 2109 550 2164; x_wconf 89' lang='lat' dir='ltr'><strong>tun</strong></span> <span class='ocrx_word' id='word_1_174' title='bbox 574 2103 687 2186; x_wconf 67' lang='lat' dir='ltr'><strong>Cyrum</strong></span> <span class='ocrx_word' id='word_1_175' title='bbox 710 2121 823 2185; x_wconf 89' lang='lat' dir='ltr'><strong>urgere</strong></span> <span class='ocrx_word' id='word_1_176' title='bbox 845 2121 907 2165; x_wconf 92' lang='lat' dir='ltr'><strong>non</strong></span> <span class='ocrx_word' id='word_1_177' title='bbox 929 2119 1027 2165; x_wconf 88' lang='lat' dir='ltr'><strong>cesso.</strong></span> <span class='ocrx_word' id='word_1_178' title='bbox 1071 2101 1170 2184; x_wconf 89' lang='lat' dir='ltr'><strong>Spero</strong></span> <span class='ocrx_word' id='word_1_179' title='bbox 1192 2097 1317 2162; x_wconf 91' lang='lat' dir='ltr'><strong>eumin</strong></span> <span class='ocrx_word' id='word_1_180' title='bbox 1339 2099 1442 2165; x_wconf 87' lang='lat' dir='ltr'><strong>ollicio</strong></span> <span class='ocrx_word' id='word_1_181' title='bbox 1464 2100 1542 2166; x_wconf 86' lang='lat' dir='ltr'><strong>iore.</strong></span> <span class='ocrx_word' id='word_1_182' title='bbox 1586 2100 1648 2165; x_wconf 89' lang='lat' dir='ltr'><strong>Sed</strong></span> 
     </span>
     <span class='ocr_line' id='line_1_19' title="bbox 335 2191 1648 2280; baseline 0.002 -22"><span class='ocrx_word' id='word_1_183' title='bbox 335 2194 439 2258; x_wconf 90' lang='lat' dir='ltr'><strong>omnia</strong></span> <span class='ocrx_word' id='word_1_184' title='bbox 469 2203 539 2258; x_wconf 89' lang='lat' dir='ltr'><strong>sunt</strong></span> <span class='ocrx_word' id='word_1_185' title='bbox 568 2191 705 2258; x_wconf 88' lang='lat' dir='ltr'><strong>tardiora</strong></span> <span class='ocrx_word' id='word_1_186' title='bbox 733 2203 863 2280; x_wconf 89' lang='lat' dir='ltr'><strong>propter</strong></span> <span class='ocrx_word' id='word_1_187' title='bbox 891 2194 1027 2259; x_wconf 82' lang='lat' dir='ltr'><strong>furiosae</strong></span> <span class='ocrx_word' id='word_1_188' title='bbox 1056 2191 1218 2257; x_wconf 85' lang='lat' dir='ltr'><strong>aedilitatis</strong></span> <span class='ocrx_word' id='word_1_189' title='bbox 1244 2195 1515 2278; x_wconf 85' lang='lat' dir='ltr'><strong>exspectationem.</strong></span> <span class='ocrx_word' id='word_1_190' title='bbox 1571 2199 1648 2261; x_wconf 85' lang='lat' dir='ltr'><strong>Nam</strong></span> 
     </span>
     <span class='ocr_line' id='line_1_20' title="bbox 336 2284 1647 2365; baseline 0.003 -15"><span class='ocrx_word' id='word_1_191' title='bbox 336 2287 459 2352; x_wconf 89' lang='lat' dir='ltr'><strong>comitia</strong></span> <span class='ocrx_word' id='word_1_192' title='bbox 481 2287 546 2351; x_wconf 90' lang='lat' dir='ltr'><strong>sine</strong></span> <span class='ocrx_word' id='word_1_193' title='bbox 568 2307 657 2351; x_wconf 90' lang='lat' dir='ltr'><strong>mora</strong></span> <span class='ocrx_word' id='word_1_194' title='bbox 686 2286 789 2352; x_wconf 86' lang='lat' dir='ltr'><strong>lutura</strong></span> <span class='ocrx_word' id='word_1_195' title='bbox 810 2285 969 2365; x_wconf 86' lang='lat' dir='ltr'><strong>videntur;</strong></span> <span class='ocrx_word' id='word_1_196' title='bbox 999 2285 1098 2351; x_wconf 91' lang='lat' dir='ltr'><strong>edicta</strong></span> <span class='ocrx_word' id='word_1_197' title='bbox 1121 2295 1192 2350; x_wconf 88' lang='lat' dir='ltr'><strong>sunt</strong></span> <span class='ocrx_word' id='word_1_198' title='bbox 1212 2305 1239 2349; x_wconf 93' lang='lat' dir='ltr'><strong>a.</strong></span> <span class='ocrx_word' id='word_1_199' title='bbox 1261 2284 1290 2351; x_wconf 92' lang='lat' dir='ltr'><strong>d.</strong></span> <span class='ocrx_word' id='word_1_200' title='bbox 1313 2287 1448 2353; x_wconf 83' lang='lat' dir='ltr'><strong>x1.Kal.</strong></span> <span class='ocrx_word' id='word_1_201' title='bbox 1470 2286 1561 2353; x_wconf 86' lang='lat' dir='ltr'><strong>Febr.</strong></span> <span class='ocrx_word' id='word_1_202' title='bbox 1603 2294 1647 2355; x_wconf 84' lang='lat' dir='ltr'><strong>Te</strong></span> 
     </span>
     <span class='ocr_line' id='line_1_21' title="bbox 297 2377 1645 2464; baseline 0 -18"><span class='ocrx_word' id='word_1_203' title='bbox 297 2391 438 2446; x_wconf 64' lang='lat' dir='ltr'><strong>cantamen</strong></span> <span class='ocrx_word' id='word_1_204' title='bbox 466 2380 630 2446; x_wconf 88' lang='lat' dir='ltr'><strong>sollicitum</strong></span> <span class='ocrx_word' id='word_1_205' title='bbox 661 2400 729 2444; x_wconf 90' lang='lat' dir='ltr'><strong>esse</strong></span> <span class='ocrx_word' id='word_1_206' title='bbox 749 2381 834 2446; x_wconf 89' lang='lat' dir='ltr'><strong>nole.</strong></span> <span class='ocrx_word' id='word_1_207' title='bbox 878 2383 977 2445; x_wconf 90' lang='lat' dir='ltr'><strong>Omne</strong></span> <span class='ocrx_word' id='word_1_208' title='bbox 999 2399 1096 2464; x_wconf 89' lang='lat' dir='ltr'><strong>genus</strong></span> <span class='ocrx_word' id='word_1_209' title='bbox 1117 2400 1134 2443; x_wconf 90' lang='lat' dir='ltr'><strong>a</strong></span> <span class='ocrx_word' id='word_1_210' title='bbox 1156 2377 1246 2444; x_wconf 90' lang='lat' dir='ltr'><strong>nobis</strong></span> <span class='ocrx_word' id='word_1_211' title='bbox 1268 2379 1418 2446; x_wconf 89' lang='lat' dir='ltr'><strong>cautionis</strong></span> <span class='ocrx_word' id='word_1_212' title='bbox 1440 2381 1645 2447; x_wconf 88' lang='lat' dir='ltr'><strong>adhibebitur.</strong></span> 
     </span>
     <span class='ocr_line' id='line_1_22' title="bbox 334 2471 1646 2558; baseline 0.001 -17"><span class='ocrx_word' id='word_1_213' title='bbox 334 2480 366 2541; x_wconf 82' lang='lat'><strong>3.</strong></span> <span class='ocrx_word' id='word_1_214' title='bbox 388 2479 434 2540; x_wconf 88' lang='lat' dir='ltr'><strong>De</strong></span> <span class='ocrx_word' id='word_1_215' title='bbox 455 2495 529 2558; x_wconf 88' lang='lat' dir='ltr'><strong>rege</strong></span> <span class='ocrx_word' id='word_1_216' title='bbox 552 2473 760 2539; x_wconf 81' lang='lat' dir='ltr'><strong>Alexandrino</strong></span> <span class='ocrx_word' id='word_1_217' title='bbox 781 2473 895 2539; x_wconf 86' lang='lat' dir='ltr'><strong>lactum</strong></span> <span class='ocrx_word' id='word_1_218' title='bbox 917 2483 964 2538; x_wconf 91' lang='lat' dir='ltr'><strong>est</strong></span> <span class='ocrx_word' id='word_1_219' title='bbox 985 2482 1107 2538; x_wconf 89' lang='lat' dir='ltr'><strong>senatus</strong></span> <span class='ocrx_word' id='word_1_220' title='bbox 1134 2471 1323 2549; x_wconf 88' lang='lat' dir='ltr'><strong>consultum,</strong></span> <span class='ocrx_word' id='word_1_221' title='bbox 1356 2495 1426 2539; x_wconf 91' lang='lat' dir='ltr'><strong>cum</strong></span> <span class='ocrx_word' id='word_1_222' title='bbox 1453 2475 1646 2542; x_wconf 88' lang='lat' dir='ltr'><strong>multitudine</strong></span> 
     </span>
     <span class='ocr_line' id='line_1_23' title="bbox 335 2565 1646 2655; baseline 0 -21"><span class='ocrx_word' id='word_1_223' title='bbox 335 2590 406 2634; x_wconf 91' lang='lat' dir='ltr'><strong>eum</strong></span> <span class='ocrx_word' id='word_1_224' title='bbox 428 2567 536 2633; x_wconf 89' lang='lat' dir='ltr'><strong>reduci</strong></span> <span class='ocrx_word' id='word_1_225' title='bbox 552 2567 760 2653; x_wconf 90' lang='lat' dir='ltr'><strong>periculosum</strong></span> <span class='ocrx_word' id='word_1_226' title='bbox 782 2569 829 2633; x_wconf 91' lang='lat' dir='ltr'><strong>rei</strong></span> <span class='ocrx_word' id='word_1_227' title='bbox 850 2565 992 2655; x_wconf 89' lang='lat' dir='ltr'><strong>publicae</strong></span> <span class='ocrx_word' id='word_1_228' title='bbox 1006 2566 1116 2632; x_wconf 87' lang='lat' dir='ltr'><strong>videri.</strong></span> <span class='ocrx_word' id='word_1_229' title='bbox 1158 2567 1287 2653; x_wconf 86' lang='lat' dir='ltr'><strong>Reliqua</strong></span> <span class='ocrx_word' id='word_1_230' title='bbox 1308 2587 1377 2632; x_wconf 91' lang='lat' dir='ltr'><strong>cum</strong></span> <span class='ocrx_word' id='word_1_231' title='bbox 1400 2567 1525 2633; x_wconf 90' lang='lat' dir='ltr'><strong>essetin</strong></span> <span class='ocrx_word' id='word_1_232' title='bbox 1540 2578 1646 2635; x_wconf 89' lang='lat' dir='ltr'><strong>senatu</strong></span> 
     </span>
     <span class='ocr_line' id='line_1_24' title="bbox 334 2659 1647 2747; baseline 0.001 -20"><span class='ocrx_word' id='word_1_233' title='bbox 334 2663 507 2733; x_wconf 85' lang='lat' dir='ltr'><strong>contentio.</strong></span> <span class='ocrx_word' id='word_1_234' title='bbox 529 2661 716 2727; x_wconf 86' lang='lat' dir='ltr'><strong>Lentulusne</strong></span> <span class='ocrx_word' id='word_1_235' title='bbox 737 2683 775 2726; x_wconf 91' lang='lat' dir='ltr'><strong>an</strong></span> <span class='ocrx_word' id='word_1_236' title='bbox 805 2662 970 2747; x_wconf 88' lang='lat' dir='ltr'><strong>Pompeius</strong></span> <span class='ocrx_word' id='word_1_237' title='bbox 991 2660 1170 2735; x_wconf 85' lang='lat' dir='ltr'><strong>reduceret,</strong></span> <span class='ocrx_word' id='word_1_238' title='bbox 1193 2659 1334 2726; x_wconf 89' lang='lat' dir='ltr'><strong>obtinere</strong></span> <span class='ocrx_word' id='word_1_239' title='bbox 1356 2681 1479 2727; x_wconf 92' lang='lat' dir='ltr'><strong>causam</strong></span> <span class='ocrx_word' id='word_1_240' title='bbox 1500 2663 1647 2728; x_wconf 88' lang='lat' dir='ltr'><strong>Lentulus</strong></span> 
     </span>
     <span class='ocr_line' id='line_1_25' title="bbox 335 2753 1647 2840; baseline 0 -20"><span class='ocrx_word' id='word_1_241' title='bbox 335 2755 508 2822; x_wconf 87' lang='lat' dir='ltr'><strong>videbatur.</strong></span> <span class='ocrx_word' id='word_1_242' title='bbox 558 2761 592 2820; x_wconf 92' lang='lat' dir='ltr'><strong>ln</strong></span> <span class='ocrx_word' id='word_1_243' title='bbox 615 2775 650 2820; x_wconf 90' lang='lat' dir='ltr'><strong>ea</strong></span> <span class='ocrx_word' id='word_1_244' title='bbox 672 2776 708 2820; x_wconf 91' lang='lat' dir='ltr'><strong>re</strong></span> <span class='ocrx_word' id='word_1_245' title='bbox 737 2777 794 2822; x_wconf 92' lang='lat' dir='ltr'><strong>nos</strong></span> <span class='ocrx_word' id='word_1_246' title='bbox 822 2764 853 2820; x_wconf 90' lang='lat' dir='ltr'><strong>et</strong></span> <span class='ocrx_word' id='word_1_247' title='bbox 874 2755 976 2821; x_wconf 85' lang='lat' dir='ltr'><strong>officio</strong></span> <span class='ocrx_word' id='word_1_248' title='bbox 1006 2775 1080 2840; x_wconf 91' lang='lat' dir='ltr'><strong>erga</strong></span> <span class='ocrx_word' id='word_1_249' title='bbox 1109 2754 1273 2820; x_wconf 88' lang='lat' dir='ltr'><strong>Lentulum</strong></span> <span class='ocrx_word' id='word_1_250' title='bbox 1295 2753 1424 2820; x_wconf 85' lang='lat' dir='ltr'><strong>mirifice</strong></span> <span class='ocrx_word' id='word_1_251' title='bbox 1446 2764 1477 2821; x_wconf 90' lang='lat' dir='ltr'><strong>et</strong></span> <span class='ocrx_word' id='word_1_252' title='bbox 1497 2755 1647 2821; x_wconf 90' lang='lat' dir='ltr'><strong>voluntati</strong></span> 
     </span>
     <span class='ocr_line' id='line_1_26' title="bbox 297 2846 1647 2938; baseline 0.001 -25"><span class='ocrx_word' id='word_1_253' title='bbox 297 2871 325 2914; x_wconf 77' lang='lat' dir='ltr'><strong>aa</strong></span> <span class='ocrx_word' id='word_1_254' title='bbox 337 2851 475 2938; x_wconf 86' lang='lat' dir='ltr'><strong>Pompeii</strong></span> <span class='ocrx_word' id='word_1_255' title='bbox 507 2849 667 2936; x_wconf 90' lang='lat' dir='ltr'><strong>praeclare</strong></span> <span class='ocrx_word' id='word_1_256' title='bbox 702 2847 929 2927; x_wconf 77' lang='lat' dir='ltr'><strong>satisfecimus;</strong></span> <span class='ocrx_word' id='word_1_257' title='bbox 970 2848 1026 2914; x_wconf 90' lang='lat' dir='ltr'><strong>sed</strong></span> <span class='ocrx_word' id='word_1_258' title='bbox 1060 2868 1116 2933; x_wconf 92' lang='lat' dir='ltr'><strong>per</strong></span> <span class='ocrx_word' id='word_1_259' title='bbox 1150 2846 1373 2914; x_wconf 90' lang='lat' dir='ltr'><strong>obtrectatores</strong></span> <span class='ocrx_word' id='word_1_260' title='bbox 1408 2850 1530 2915; x_wconf 89' lang='lat' dir='ltr'><strong>Lentuli</strong></span> <span class='ocrx_word' id='word_1_261' title='bbox 1564 2850 1647 2915; x_wconf 88' lang='lat' dir='ltr'><strong>calu·</strong></span> 
     </span>
     <span class='ocr_line' id='line_1_27' title="bbox 335 2941 1647 3029; baseline 0 -21"><span class='ocrx_word' id='word_1_262' title='bbox 335 2944 417 3009; x_wconf 83' lang='lat' dir='ltr'><strong>mnia</strong></span> <span class='ocrx_word' id='word_1_263' title='bbox 446 2950 583 3008; x_wconf 84' lang='lat' dir='ltr'><strong>extracta</strong></span> <span class='ocrx_word' id='word_1_264' title='bbox 615 2953 671 3010; x_wconf 93' lang='lat' dir='ltr'><strong>est.</strong></span> <span class='ocrx_word' id='word_1_265' title='bbox 736 2943 898 3010; x_wconf 86' lang='lat' dir='ltr'><strong>Consecuti</strong></span> <span class='ocrx_word' id='word_1_266' title='bbox 924 2951 996 3008; x_wconf 89' lang='lat' dir='ltr'><strong>sunt</strong></span> <span class='ocrx_word' id='word_1_267' title='bbox 1022 2942 1088 3009; x_wconf 90' lang='lat' dir='ltr'><strong>dies</strong></span> <span class='ocrx_word' id='word_1_268' title='bbox 1116 2941 1298 3016; x_wconf 87' lang='lat' dir='ltr'><strong>comitiales,</strong></span> <span class='ocrx_word' id='word_1_269' title='bbox 1333 2963 1389 3028; x_wconf 92' lang='lat' dir='ltr'><strong>per</strong></span> <span class='ocrx_word' id='word_1_270' title='bbox 1416 2964 1495 3029; x_wconf 91' lang='lat' dir='ltr'><strong>qnos</strong></span> <span class='ocrx_word' id='word_1_271' title='bbox 1523 2952 1647 3008; x_wconf 92' lang='lat' dir='ltr'><strong>senatus</strong></span> 
     </span>
     <span class='ocr_line' id='line_1_28' title="bbox 335 3034 1648 3124; baseline -0.002 -20"><span class='ocrx_word' id='word_1_272' title='bbox 335 3037 441 3104; x_wconf 90' lang='lat' dir='ltr'><strong>haberi</strong></span> <span class='ocrx_word' id='word_1_273' title='bbox 470 3059 533 3103; x_wconf 94' lang='lat' dir='ltr'><strong>non</strong></span> <span class='ocrx_word' id='word_1_274' title='bbox 560 3046 691 3124; x_wconf 89' lang='lat' dir='ltr'><strong>poterat.</strong></span> <span class='ocrx_word' id='word_1_275' title='bbox 736 3037 819 3116; x_wconf 88' lang='lat' dir='ltr'><strong>Quid</strong></span> <span class='ocrx_word' id='word_1_276' title='bbox 847 3038 986 3103; x_wconf 88' lang='lat' dir='ltr'><strong>laturum</strong></span> <span class='ocrx_word' id='word_1_277' title='bbox 1014 3037 1054 3102; x_wconf 89' lang='lat' dir='ltr'><strong>sit</strong></span> <span class='ocrx_word' id='word_1_278' title='bbox 1083 3035 1245 3101; x_wconf 90' lang='lat' dir='ltr'><strong>latrocinio</strong></span> <span class='ocrx_word' id='word_1_279' title='bbox 1270 3034 1487 3112; x_wconf 89' lang='lat' dir='ltr'><strong>tribunorum,</strong></span> <span class='ocrx_word' id='word_1_280' title='bbox 1517 3058 1579 3103; x_wconf 93' lang='lat' dir='ltr'><strong>non</strong></span> <span class='ocrx_word' id='word_1_281' title='bbox 1601 3037 1648 3103; x_wconf 92' lang='lat' dir='ltr'><strong>di·</strong></span> 
     </span>
     <span class='ocr_line' id='line_1_29' title="bbox 335 3129 1646 3219; baseline 0.001 -23"><span class='ocrx_word' id='word_1_282' title='bbox 335 3139 431 3210; x_wconf 90' lang='lat' dir='ltr'><strong>vino;</strong></span> <span class='ocrx_word' id='word_1_283' title='bbox 467 3131 522 3196; x_wconf 90' lang='lat' dir='ltr'><strong>scd</strong></span> <span class='ocrx_word' id='word_1_284' title='bbox 554 3141 656 3196; x_wconf 89' lang='lat' dir='ltr'><strong>tamen</strong></span> <span class='ocrx_word' id='word_1_285' title='bbox 685 3131 828 3219; x_wconf 91' lang='lat' dir='ltr'><strong>suspicor</strong></span> <span class='ocrx_word' id='word_1_286' title='bbox 853 3152 911 3218; x_wconf 93' lang='lat' dir='ltr'><strong>per</strong></span> <span class='ocrx_word' id='word_1_287' title='bbox 939 3131 1002 3196; x_wconf 90' lang='lat' dir='ltr'><strong>vim</strong></span> <span class='ocrx_word' id='word_1_288' title='bbox 1031 3129 1226 3215; x_wconf 86' lang='lat' dir='ltr'><strong>rogationem</strong></span> <span class='ocrx_word' id='word_1_289' title='bbox 1259 3131 1418 3196; x_wconf 88' lang='lat' dir='ltr'><strong>Caninium</strong></span> <span class='ocrx_word' id='word_1_290' title='bbox 1446 3133 1646 3218; x_wconf 90' lang='lat' dir='ltr'><strong>perlaturum.</strong></span> 
     </span>
     <span class='ocr_line' id='line_1_30' title="bbox 335 3223 1647 3311; baseline -0.004 -19"><span class='ocrx_word' id='word_1_291' title='bbox 335 3231 368 3292; x_wconf 94' lang='lat' dir='ltr'><strong>ln</strong></span> <span class='ocrx_word' id='word_1_292' title='bbox 395 3247 431 3292; x_wconf 91' lang='lat' dir='ltr'><strong>ea</strong></span> <span class='ocrx_word' id='word_1_293' title='bbox 456 3247 491 3292; x_wconf 89' lang='lat' dir='ltr'><strong>re</strong></span> <span class='ocrx_word' id='word_1_294' title='bbox 515 3225 678 3311; x_wconf 86' lang='lat' dir='ltr'><strong>Pompeius</strong></span> <span class='ocrx_word' id='word_1_295' title='bbox 701 3224 775 3311; x_wconf 89' lang='lat' dir='ltr'><strong>quid</strong></span> <span class='ocrx_word' id='word_1_296' title='bbox 798 3225 886 3300; x_wconf 87' lang='lat' dir='ltr'><strong>velit,</strong></span> <span class='ocrx_word' id='word_1_297' title='bbox 919 3245 982 3290; x_wconf 94' lang='lat' dir='ltr'><strong>non</strong></span> <span class='ocrx_word' id='word_1_298' title='bbox 1009 3223 1150 3310; x_wconf 90' lang='lat' dir='ltr'><strong>dispicio.</strong></span> <span class='ocrx_word' id='word_1_299' title='bbox 1199 3223 1379 3290; x_wconf 86' lang='lat' dir='ltr'><strong>Familiares</strong></span> <span class='ocrx_word' id='word_1_300' title='bbox 1412 3226 1478 3290; x_wconf 91' lang='lat' dir='ltr'><strong>eius</strong></span> <span class='ocrx_word' id='word_1_301' title='bbox 1499 3224 1573 3310; x_wconf 91' lang='lat' dir='ltr'><strong>quid</strong></span> <span class='ocrx_word' id='word_1_302' title='bbox 1593 3245 1647 3288; x_wconf 89' lang='lat' dir='ltr'><strong>cu·</strong></span> 
     </span>
     <span class='ocr_line' id='line_1_31' title="bbox 297 3316 1648 3406; baseline -0.002 -21"><span class='ocrx_word' id='word_1_303' title='bbox 297 3345 324 3380; x_wconf 77' lang='lat' dir='ltr'><strong>su</strong></span> <span class='ocrx_word' id='word_1_304' title='bbox 335 3321 434 3406; x_wconf 88' lang='lat' dir='ltr'><strong>piant,</strong></span> <span class='ocrx_word' id='word_1_305' title='bbox 463 3341 571 3386; x_wconf 88' lang='lat' dir='ltr'><strong>omnes</strong></span> <span class='ocrx_word' id='word_1_306' title='bbox 597 3318 712 3384; x_wconf 88' lang='lat' dir='ltr'><strong>vident.</strong></span> <span class='ocrx_word' id='word_1_307' title='bbox 769 3317 948 3385; x_wconf 90' lang='lat' dir='ltr'><strong>Crediteres</strong></span> <span class='ocrx_word' id='word_1_308' title='bbox 975 3338 1053 3383; x_wconf 83' lang='lat' dir='ltr'><strong>vero</strong></span> <span class='ocrx_word' id='word_1_309' title='bbox 1080 3317 1164 3402; x_wconf 92' lang='lat' dir='ltr'><strong>regis</strong></span> <span class='ocrx_word' id='word_1_310' title='bbox 1192 3328 1298 3404; x_wconf 88' lang='lat' dir='ltr'><strong>aperte</strong></span> <span class='ocrx_word' id='word_1_311' title='bbox 1326 3321 1471 3404; x_wconf 86' lang='lat' dir='ltr'><strong>pecunias</strong></span> <span class='ocrx_word' id='word_1_312' title='bbox 1503 3316 1648 3404; x_wconf 90' lang='lat' dir='ltr'><strong>suppedi-</strong></span> 
     </span>
     <span class='ocr_line' id='line_1_32' title="bbox 334 3409 1645 3484; baseline -0.003 -6"><span class='ocrx_word' id='word_1_313' title='bbox 334 3424 400 3481; x_wconf 90' lang='lat' dir='ltr'><strong>tant</strong></span> <span class='ocrx_word' id='word_1_314' title='bbox 425 3423 532 3479; x_wconf 90' lang='lat' dir='ltr'><strong>contra</strong></span> <span class='ocrx_word' id='word_1_315' title='bbox 561 3413 736 3478; x_wconf 90' lang='lat' dir='ltr'><strong>Lentulum.</strong></span> <span class='ocrx_word' id='word_1_316' title='bbox 784 3413 857 3478; x_wconf 89' lang='lat' dir='ltr'><strong>Sine</strong></span> <span class='ocrx_word' id='word_1_317' title='bbox 885 3409 981 3477; x_wconf 93' lang='lat' dir='ltr'><strong>dubio</strong></span> <span class='ocrx_word' id='word_1_318' title='bbox 1009 3431 1061 3476; x_wconf 88' lang='lat' dir='ltr'><strong>res</strong></span> <span class='ocrx_word' id='word_1_319' title='bbox 1082 3432 1099 3475; x_wconf 93' lang='lat' dir='ltr'><strong>a</strong></span> <span class='ocrx_word' id='word_1_320' title='bbox 1121 3413 1251 3478; x_wconf 91' lang='lat' dir='ltr'><strong>Lentulo</strong></span> <span class='ocrx_word' id='word_1_321' title='bbox 1272 3421 1391 3478; x_wconf 86' lang='lat' dir='ltr'><strong>remota</strong></span> <span class='ocrx_word' id='word_1_322' title='bbox 1417 3411 1540 3477; x_wconf 89' lang='lat' dir='ltr'><strong>videtur</strong></span> <span class='ocrx_word' id='word_1_323' title='bbox 1562 3431 1645 3484; x_wconf 88' lang='lat' dir='ltr'><strong>esse,</strong></span> 
     </span>
     <span class='ocr_line' id='line_1_33' title="bbox 335 3504 1646 3593; baseline -0.004 -20"><span class='ocrx_word' id='word_1_324' title='bbox 335 3529 405 3574; x_wconf 90' lang='lat' dir='ltr'><strong>cnm</strong></span> <span class='ocrx_word' id='word_1_325' title='bbox 430 3528 542 3593; x_wconf 91' lang='lat' dir='ltr'><strong>magno</strong></span> <span class='ocrx_word' id='word_1_326' title='bbox 570 3527 642 3572; x_wconf 92' lang='lat' dir='ltr'><strong>meo</strong></span> <span class='ocrx_word' id='word_1_327' title='bbox 670 3505 804 3586; x_wconf 89' lang='lat' dir='ltr'><strong>dolore;</strong></span> <span class='ocrx_word' id='word_1_328' title='bbox 839 3525 1025 3592; x_wconf 88' lang='lat' dir='ltr'><strong>quamquam</strong></span> <span class='ocrx_word' id='word_1_329' title='bbox 1047 3505 1141 3570; x_wconf 89' lang='lat' dir='ltr'><strong>multa</strong></span> <span class='ocrx_word' id='word_1_330' title='bbox 1163 3504 1249 3580; x_wconf 88' lang='lat' dir='ltr'><strong>lecit,</strong></span> <span class='ocrx_word' id='word_1_331' title='bbox 1279 3527 1393 3592; x_wconf 86' lang='lat' dir='ltr'><strong>quare,</strong></span> <span class='ocrx_word' id='word_1_332' title='bbox 1422 3506 1448 3571; x_wconf 90' lang='lat' dir='ltr'><strong>si</strong></span> <span class='ocrx_word' id='word_1_333' title='bbox 1477 3505 1521 3570; x_wconf 87' lang='lat' dir='ltr'><strong>las</strong></span> <span class='ocrx_word' id='word_1_334' title='bbox 1549 3513 1646 3582; x_wconf 89' lang='lat' dir='ltr'><strong>esset,</strong></span> 
     </span>
     <span class='ocr_line' id='line_1_34' title="bbox 335 3597 1648 3686; baseline -0.002 -21"><span class='ocrx_word' id='word_1_335' title='bbox 335 3605 404 3668; x_wconf 92' lang='lat' dir='ltr'><strong>iure</strong></span> <span class='ocrx_word' id='word_1_336' title='bbox 433 3599 462 3666; x_wconf 91' lang='lat' dir='ltr'><strong>ei</strong></span> <span class='ocrx_word' id='word_1_337' title='bbox 491 3619 673 3666; x_wconf 88' lang='lat' dir='ltr'><strong>succensere</strong></span> <span class='ocrx_word' id='word_1_338' title='bbox 700 3618 873 3686; x_wconf 89' lang='lat' dir='ltr'><strong>possemus.</strong></span> <span class='ocrx_word' id='word_1_339' title='bbox 921 3602 952 3666; x_wconf 80' lang='grc'><strong>4.</strong></span> <span class='ocrx_word' id='word_1_340' title='bbox 974 3604 1039 3674; x_wconf 82' lang='grc' dir='ltr'><strong>Τιι,</strong></span> <span class='ocrx_word' id='word_1_341' title='bbox 1069 3599 1096 3664; x_wconf 91' lang='lat' dir='ltr'><strong>si</strong></span> <span class='ocrx_word' id='word_1_342' title='bbox 1117 3599 1159 3664; x_wconf 88' lang='lat' dir='ltr'><strong>ita</strong></span> <span class='ocrx_word' id='word_1_343' title='bbox 1180 3597 1325 3685; x_wconf 85' lang='lat' dir='ltr'><strong>expedit,</strong></span> <span class='ocrx_word' id='word_1_344' title='bbox 1355 3599 1447 3664; x_wconf 87' lang='lat' dir='ltr'><strong>velim</strong></span> <span class='ocrx_word' id='word_1_345' title='bbox 1470 3621 1561 3686; x_wconf 91' lang='lat' dir='ltr'><strong>quam</strong></span> <span class='ocrx_word' id='word_1_346' title='bbox 1583 3599 1648 3685; x_wconf 91' lang='lat' dir='ltr'><strong>pri·</strong></span> 
     </span>
     <span class='ocr_line' id='line_1_35' title="bbox 335 3690 1648 3781; baseline -0.002 -21"><span class='ocrx_word' id='word_1_347' title='bbox 335 3715 420 3760; x_wconf 91' lang='lat' dir='ltr'><strong>mum</strong></span> <span class='ocrx_word' id='word_1_348' title='bbox 447 3692 587 3760; x_wconf 84' lang='lat' dir='ltr'><strong>bonnet</strong></span> <span class='ocrx_word' id='word_1_349' title='bbox 614 3703 697 3759; x_wconf 89' lang='lat' dir='ltr'><strong>certa</strong></span> <span class='ocrx_word' id='word_1_350' title='bbox 725 3701 907 3781; x_wconf 90' lang='lat' dir='ltr'><strong>tempestate</strong></span> <span class='ocrx_word' id='word_1_351' title='bbox 934 3690 1122 3758; x_wconf 89' lang='lat' dir='ltr'><strong>conscendas</strong></span> <span class='ocrx_word' id='word_1_352' title='bbox 1151 3692 1190 3758; x_wconf 91' lang='lat' dir='ltr'><strong>ad</strong></span> <span class='ocrx_word' id='word_1_353' title='bbox 1211 3713 1322 3779; x_wconf 89' lang='lat' dir='ltr'><strong>meque</strong></span> <span class='ocrx_word' id='word_1_354' title='bbox 1343 3691 1462 3758; x_wconf 89' lang='lat' dir='ltr'><strong>venias.</strong></span> <span class='ocrx_word' id='word_1_355' title='bbox 1505 3699 1648 3758; x_wconf 88' lang='lat' dir='ltr'><strong>Innume-</strong></span> 
     </span>
     <span class='ocr_line' id='line_1_36' title="bbox 297 3784 1645 3873; baseline -0.002 -19"><span class='ocrx_word' id='word_1_356' title='bbox 297 3788 449 3854; x_wconf 74' lang='lat' dir='ltr'><strong>ssrabiles</strong></span> <span class='ocrx_word' id='word_1_357' title='bbox 470 3789 552 3858; x_wconf 85' lang='lat' dir='ltr'><strong>enlm</strong></span> <span class='ocrx_word' id='word_1_358' title='bbox 574 3809 627 3854; x_wconf 90' lang='lat' dir='ltr'><strong>res</strong></span> <span class='ocrx_word' id='word_1_359' title='bbox 648 3797 735 3863; x_wconf 88' lang='lat' dir='ltr'><strong>sunt,</strong></span> <span class='ocrx_word' id='word_1_360' title='bbox 764 3786 797 3851; x_wconf 92' lang='lat' dir='ltr'><strong>in</strong></span> <span class='ocrx_word' id='word_1_361' title='bbox 817 3785 930 3873; x_wconf 72' lang='lat' dir='ltr'><strong>quibem</strong></span> <span class='ocrx_word' id='word_1_362' title='bbox 951 3796 981 3852; x_wconf 91' lang='lat' dir='ltr'><strong>te</strong></span> <span class='ocrx_word' id='word_1_363' title='bbox 1003 3784 1143 3872; x_wconf 89' lang='lat' dir='ltr'><strong>quotidie</strong></span> <span class='ocrx_word' id='word_1_364' title='bbox 1165 3787 1302 3853; x_wconf 89' lang='lat' dir='ltr'><strong>inomni</strong></span> <span class='ocrx_word' id='word_1_365' title='bbox 1324 3807 1439 3872; x_wconf 82' lang='lat' dir='ltr'><strong>genere</strong></span> <span class='ocrx_word' id='word_1_366' title='bbox 1461 3786 1645 3853; x_wconf 88' lang='lat' dir='ltr'><strong>desiderem.</strong></span> 
     </span>
     <span class='ocr_line' id='line_1_37' title="bbox 336 3877 1042 3968; baseline -0.006 -20"><span class='ocrx_word' id='word_1_367' title='bbox 336 3881 394 3948; x_wconf 88' lang='lat' dir='ltr'><strong>Tui</strong></span> <span class='ocrx_word' id='word_1_368' title='bbox 415 3881 574 3968; x_wconf 87' lang='lat' dir='ltr'><strong>nostrique</strong></span> <span class='ocrx_word' id='word_1_369' title='bbox 596 3881 709 3947; x_wconf 83' lang='lat' dir='ltr'><strong>valent</strong></span> <span class='ocrx_word' id='word_1_370' title='bbox 750 3899 841 3947; x_wconf 81' lang='lat'><strong>11111.</strong></span> <span class='ocrx_word' id='word_1_371' title='bbox 863 3879 929 3945; x_wconf 87' lang='lat' dir='ltr'><strong>Kal.</strong></span> <span class='ocrx_word' id='word_1_372' title='bbox 950 3877 1042 3945; x_wconf 84' lang='lat' dir='ltr'><strong>Febr.</strong></span> 
     </span>
    </p>
   </div>
   <div class='ocr_carea' id='block_1_7' title="bbox 335 4108 1647 4792">
    <p class='ocr_par' dir='ltr' id='par_1_12' title="bbox 335 4108 1647 4792">
     <span class='ocr_line' id='line_1_38' title="bbox 403 4108 1644 4168; baseline -0.001 -7"><span class='ocrx_word' id='word_1_373' title='bbox 403 4111 431 4161; x_wconf 76' lang='grc'><strong>6.</strong></span> <span class='ocrx_word' id='word_1_374' title='bbox 449 4110 532 4168; x_wconf 70' lang='lat' dir='ltr'><strong>saka,</strong></span> <span class='ocrx_word' id='word_1_375' title='bbox 552 4109 588 4158; x_wconf 88' lang='lat' dir='ltr'><strong>ad</strong></span> <span class='ocrx_word' id='word_1_376' title='bbox 605 4116 629 4160; x_wconf 82' lang='lat' dir='ltr'><strong>ts</strong></span> <span class='ocrx_word' id='word_1_377' title='bbox 647 4111 679 4160; x_wconf 86' lang='lat' dir='ltr'><strong>a.</strong></span> <span class='ocrx_word' id='word_1_378' title='bbox 700 4133 731 4146; x_wconf 91' lang='lat'>-</span> <span class='ocrx_word' id='word_1_379' title='bbox 767 4108 795 4159; x_wconf 89' lang='grc'><strong>6.·</strong></span> <span class='ocrx_word' id='word_1_380' title='bbox 813 4121 887 4160; x_wconf 76' lang='lat' dir='ltr'><strong>nune</strong></span> <span class='ocrx_word' id='word_1_381' title='bbox 904 4109 988 4160; x_wconf 78' lang='lat' dir='ltr'><strong>adduc</strong></span> <span class='ocrx_word' id='word_1_382' title='bbox 1005 4109 1085 4159; x_wconf 78' lang='lat' dir='ltr'><strong>nitu:</strong></span> <span class='ocrx_word' id='word_1_383' title='bbox 1104 4109 1187 4159; x_wconf 84' lang='lat' dir='ltr'><strong>adbuc</strong></span> <span class='ocrx_word' id='word_1_384' title='bbox 1204 4123 1278 4160; x_wconf 82' lang='lat' dir='ltr'><strong>neme</strong></span> <span class='ocrx_word' id='word_1_385' title='bbox 1295 4110 1325 4161; x_wconf 83' lang='grc'><strong>11.</strong></span> <span class='ocrx_word' id='word_1_386' title='bbox 1358 4136 1389 4147; x_wconf 96' lang='grc'><strong>-</strong></span> <span class='ocrx_word' id='word_1_387' title='bbox 1425 4112 1450 4160; x_wconf 82' lang='grc'><strong>7.</strong></span> <span class='ocrx_word' id='word_1_388' title='bbox 1470 4111 1544 4160; x_wconf 81' lang='lat' dir='ltr'><strong>vatim</strong></span> <span class='ocrx_word' id='word_1_389' title='bbox 1562 4109 1644 4160; x_wconf 70' lang='lat' dir='ltr'><strong>uuaz</strong></span> 
     </span>
     <span class='ocr_line' id='line_1_39' title="bbox 335 4178 1645 4244; baseline 0 -14"><span class='ocrx_word' id='word_1_390' title='bbox 335 4181 422 4231; x_wconf 82' lang='lat' dir='ltr'><strong>uellem</strong></span> <span class='ocrx_word' id='word_1_391' title='bbox 441 4180 471 4230; x_wconf 85' lang='grc'><strong>11.</strong></span> <span class='ocrx_word' id='word_1_392' title='bbox 498 4205 533 4215; x_wconf 92' lang='lat'>-</span> <span class='ocrx_word' id='word_1_393' title='bbox 566 4186 631 4243; x_wconf 86' lang='lat' dir='ltr'><strong>puto</strong></span> <span class='ocrx_word' id='word_1_394' title='bbox 649 4181 672 4229; x_wconf 78' lang='lat' dir='ltr'><strong>at</strong></span> <span class='ocrx_word' id='word_1_395' title='bbox 689 4193 743 4229; x_wconf 91' lang='lat' dir='ltr'><strong>non</strong></span> <span class='ocrx_word' id='word_1_396' title='bbox 759 4193 857 4242; x_wconf 77' lang='lat' dir='ltr'><strong>semper</strong></span> <span class='ocrx_word' id='word_1_397' title='bbox 881 4192 957 4244; x_wconf 81' lang='lat' dir='ltr'><strong>saepe</strong></span> <span class='ocrx_word' id='word_1_398' title='bbox 980 4185 1046 4228; x_wconf 81' lang='lat' dir='ltr'><strong>carte</strong></span> <span class='ocrx_word' id='word_1_399' title='bbox 1070 4178 1161 4230; x_wconf 82' lang='lat' dir='ltr'><strong>babere</strong></span> <span class='ocrx_word' id='word_1_400' title='bbox 1179 4181 1211 4229; x_wconf 84' lang='grc'><strong>11.</strong></span> <span class='ocrx_word' id='word_1_401' title='bbox 1242 4205 1276 4215; x_wconf 87' lang='lat'>-</span> <span class='ocrx_word' id='word_1_402' title='bbox 1310 4195 1378 4230; x_wconf 88' lang='lat' dir='ltr'><strong>nune</strong></span> <span class='ocrx_word' id='word_1_403' title='bbox 1400 4181 1462 4244; x_wconf 85' lang='lat' dir='ltr'><strong>quid</strong></span> <span class='ocrx_word' id='word_1_404' title='bbox 1486 4195 1525 4244; x_wconf 88' lang='lat' dir='ltr'><strong>pr.</strong></span> <span class='ocrx_word' id='word_1_405' title='bbox 1545 4179 1581 4230; x_wconf 84' lang='lat' dir='ltr'><strong>bl.</strong></span> <span class='ocrx_word' id='word_1_406' title='bbox 1614 4203 1645 4214; x_wconf 98' lang='lat'>-</span> 
     </span>
     <span class='ocr_line' id='line_1_40' title="bbox 335 4247 1645 4313; baseline -0.002 -13"><span class='ocrx_word' id='word_1_407' title='bbox 335 4251 362 4302; x_wconf 81' lang='lat' dir='ltr'><strong>S.</strong></span> <span class='ocrx_word' id='word_1_408' title='bbox 381 4251 483 4302; x_wconf 67' lang='lat' dir='ltr'><strong>Lentuli</strong></span> <span class='ocrx_word' id='word_1_409' title='bbox 501 4249 581 4300; x_wconf 82' lang='lat' dir='ltr'><strong>libri:</strong></span> <span class='ocrx_word' id='word_1_410' title='bbox 600 4251 631 4300; x_wconf 82' lang='lat' dir='ltr'><strong>de</strong></span> <span class='ocrx_word' id='word_1_411' title='bbox 648 4250 751 4301; x_wconf 81' lang='lat' dir='ltr'><strong>Lentuli</strong></span> <span class='ocrx_word' id='word_1_412' title='bbox 767 4254 877 4300; x_wconf 87' lang='lat' dir='ltr'><strong>auctore</strong></span> <span class='ocrx_word' id='word_1_413' title='bbox 896 4249 1016 4300; x_wconf 77' lang='lat' dir='ltr'><strong>Munatio</strong></span> <span class='ocrx_word' id='word_1_414' title='bbox 1034 4249 1065 4300; x_wconf 81' lang='lat' dir='ltr'><strong>E.</strong></span> <span class='ocrx_word' id='word_1_415' title='bbox 1098 4271 1123 4283; x_wconf 88' lang='lat'><strong>-·</strong></span> <span class='ocrx_word' id='word_1_416' title='bbox 1164 4249 1239 4299; x_wconf 75' lang='lat' dir='ltr'><strong>Sentit</strong></span> <span class='ocrx_word' id='word_1_417' title='bbox 1257 4247 1354 4313; x_wconf 79' lang='lat' dir='ltr'><strong>(Sesti)</strong></span> <span class='ocrx_word' id='word_1_418' title='bbox 1372 4251 1453 4301; x_wconf 78' lang='lat' dir='ltr'><strong>Mat:</strong></span> <span class='ocrx_word' id='word_1_419' title='bbox 1474 4250 1546 4300; x_wconf 74' lang='lat' dir='ltr'><strong>Senti</strong></span> <span class='ocrx_word' id='word_1_420' title='bbox 1564 4249 1594 4298; x_wconf 79' lang='grc'><strong>11.</strong></span> <span class='ocrx_word' id='word_1_421' title='bbox 1614 4272 1645 4285; x_wconf 92' lang='grc'><strong>-</strong></span> 
     </span>
     <span class='ocr_line' id='line_1_41' title="bbox 336 4319 1647 4384; baseline -0.003 -12"><span class='ocrx_word' id='word_1_422' title='bbox 336 4325 362 4372; x_wconf 87' lang='lat' dir='ltr'><strong>n.</strong></span> <span class='ocrx_word' id='word_1_423' title='bbox 383 4321 515 4384; x_wconf 83' lang='lat' dir='ltr'><strong>Qumnedo</strong></span> <span class='ocrx_word' id='word_1_424' title='bbox 534 4320 606 4370; x_wconf 78' lang='lat' dir='ltr'><strong>unt.</strong></span> <span class='ocrx_word' id='word_1_425' title='bbox 635 4343 664 4354; x_wconf 95' lang='lat'><em>-</em></span> <span class='ocrx_word' id='word_1_426' title='bbox 701 4321 825 4384; x_wconf 77' lang='lat' dir='ltr'><strong>quiddam</strong></span> <span class='ocrx_word' id='word_1_427' title='bbox 839 4321 956 4384; x_wconf 72' lang='lat' dir='ltr'><strong>prosecta</strong></span> <span class='ocrx_word' id='word_1_428' title='bbox 975 4319 1014 4378; x_wconf 85' lang='grc'><strong>11,</strong></span> <span class='ocrx_word' id='word_1_429' title='bbox 1038 4320 1155 4382; x_wconf 76' lang='lat' dir='ltr'><strong>prosectu</strong></span> <span class='ocrx_word' id='word_1_430' title='bbox 1173 4321 1305 4383; x_wconf 85' lang='lat' dir='ltr'><strong>quoddam</strong></span> <span class='ocrx_word' id='word_1_431' title='bbox 1323 4320 1344 4369; x_wconf 95' lang='grc' dir='ltr'><strong>Ι.</strong></span> <span class='ocrx_word' id='word_1_432' title='bbox 1372 4345 1405 4356; x_wconf 92' lang='grc'>-</span> <span class='ocrx_word' id='word_1_433' title='bbox 1441 4321 1483 4370; x_wconf 73' lang='grc'><strong>16.</strong></span> <span class='ocrx_word' id='word_1_434' title='bbox 1503 4319 1647 4370; x_wconf 72' lang='lat' dir='ltr'><strong>ementibus</strong></span> 
     </span>
     <span class='ocr_line' id='line_1_42' title="bbox 337 4388 1644 4446; baseline -0.002 -6"><span class='ocrx_word' id='word_1_435' title='bbox 337 4391 440 4443; x_wconf 80' lang='lat' dir='ltr'><strong>iubenti</strong></span> <span class='ocrx_word' id='word_1_436' title='bbox 458 4390 589 4442; x_wconf 75' lang='lat' dir='ltr'><strong>Orelllnsa</strong></span> <span class='ocrx_word' id='word_1_437' title='bbox 609 4390 753 4440; x_wconf 80' lang='lat' dir='ltr'><strong>cenndtbus</strong></span> <span class='ocrx_word' id='word_1_438' title='bbox 771 4390 921 4441; x_wconf 77' lang='lat' dir='ltr'><strong>habentibus</strong></span> <span class='ocrx_word' id='word_1_439' title='bbox 939 4388 1021 4446; x_wconf 77' lang='lat' dir='ltr'><strong>stul,</strong></span> <span class='ocrx_word' id='word_1_440' title='bbox 1040 4389 1172 4438; x_wconf 80' lang='lat' dir='ltr'><strong>cumulum</strong></span> <span class='ocrx_word' id='word_1_441' title='bbox 1188 4390 1292 4441; x_wconf 75' lang='lat' dir='ltr'><strong>babenti</strong></span> <span class='ocrx_word' id='word_1_442' title='bbox 1310 4391 1340 4440; x_wconf 83' lang='grc'><strong>11.</strong></span> <span class='ocrx_word' id='word_1_443' title='bbox 1376 4388 1432 4442; x_wconf 84' lang='lat' dir='ltr'><strong>Cir.</strong></span> <span class='ocrx_word' id='word_1_444' title='bbox 1452 4391 1485 4440; x_wconf 87' lang='lat' dir='ltr'><strong>de</strong></span> <span class='ocrx_word' id='word_1_445' title='bbox 1503 4391 1592 4439; x_wconf 75' lang='lat' dir='ltr'><strong>Dinia.</strong></span> <span class='ocrx_word' id='word_1_446' title='bbox 1613 4390 1644 4446; x_wconf 89' lang='grc'><strong>1,</strong></span> 
     </span>
     <span class='ocr_line' id='line_1_43' title="bbox 338 4459 1645 4522; baseline -0.002 -12"><span class='ocrx_word' id='word_1_447' title='bbox 338 4463 382 4520; x_wconf 81' lang='grc'><strong>17,</strong></span> <span class='ocrx_word' id='word_1_448' title='bbox 412 4461 455 4511; x_wconf 82' lang='grc'><strong>36.</strong></span> <span class='ocrx_word' id='word_1_449' title='bbox 493 4484 524 4496; x_wconf 95' lang='grc'><strong>-</strong></span> <span class='ocrx_word' id='word_1_450' title='bbox 561 4459 603 4510; x_wconf 78' lang='grc'><strong>16.</strong></span> <span class='ocrx_word' id='word_1_451' title='bbox 623 4460 778 4510; x_wconf 79' lang='lat' dir='ltr'><strong>Numisiana</strong></span> <span class='ocrx_word' id='word_1_452' title='bbox 794 4460 852 4510; x_wconf 78' lang='lat' dir='ltr'><strong>blla</strong></span> <span class='ocrx_word' id='word_1_453' title='bbox 883 4461 1035 4513; x_wconf 75' lang='lat' dir='ltr'><strong>liminiana</strong></span> <span class='ocrx_word' id='word_1_454' title='bbox 1053 4459 1094 4518; x_wconf 83' lang='lat' dir='ltr'><strong>li,</strong></span> <span class='ocrx_word' id='word_1_455' title='bbox 1122 4459 1273 4510; x_wconf 70' lang='lat' dir='ltr'><strong>Minuciano</strong></span> <span class='ocrx_word' id='word_1_456' title='bbox 1291 4459 1321 4510; x_wconf 80' lang='lat' dir='ltr'><strong>li.</strong></span> <span class='ocrx_word' id='word_1_457' title='bbox 1361 4485 1388 4497; x_wconf 96' lang='lat'><em>-</em></span> <span class='ocrx_word' id='word_1_458' title='bbox 1426 4460 1476 4512; x_wconf 85' lang='lat' dir='ltr'><strong>Sed</strong></span> <span class='ocrx_word' id='word_1_459' title='bbox 1494 4465 1645 4522; x_wconf 87' lang='lat' dir='ltr'><strong>suspectum</strong></span> 
     </span>
     <span class='ocr_line' id='line_1_44' title="bbox 337 4527 1645 4595; baseline -0.003 -13"><span class='ocrx_word' id='word_1_460' title='bbox 337 4530 448 4584; x_wconf 85' lang='lat' dir='ltr'><strong>Oreliie.</strong></span> <span class='ocrx_word' id='word_1_461' title='bbox 481 4553 509 4566; x_wconf 87' lang='lat'><strong>··</strong></span> <span class='ocrx_word' id='word_1_462' title='bbox 548 4531 591 4580; x_wconf 91' lang='grc'><strong>16.</strong></span> <span class='ocrx_word' id='word_1_463' title='bbox 608 4530 728 4594; x_wconf 73' lang='lat' dir='ltr'><strong>[minuis</strong></span> <span class='ocrx_word' id='word_1_464' title='bbox 746 4530 810 4580; x_wconf 79' lang='lat' dir='ltr'><strong>mu:</strong></span> <span class='ocrx_word' id='word_1_465' title='bbox 841 4527 1012 4595; x_wconf 70' lang='lat' dir='ltr'><strong>[animaelli.</strong></span> <span class='ocrx_word' id='word_1_466' title='bbox 1043 4552 1077 4566; x_wconf 94' lang='lat'><em>-</em></span> <span class='ocrx_word' id='word_1_467' title='bbox 1111 4529 1232 4579; x_wconf 87' lang='lat' dir='ltr'><strong>amittam</strong></span> <span class='ocrx_word' id='word_1_468' title='bbox 1251 4529 1272 4580; x_wconf 94' lang='grc'><strong>1.</strong></span> <span class='ocrx_word' id='word_1_469' title='bbox 1303 4555 1337 4565; x_wconf 92' lang='grc'><strong>-</strong></span> <span class='ocrx_word' id='word_1_470' title='bbox 1371 4530 1414 4582; x_wconf 79' lang='grc'><strong>21.</strong></span> <span class='ocrx_word' id='word_1_471' title='bbox 1434 4539 1544 4581; x_wconf 83' lang='lat' dir='ltr'><strong>estem.</strong></span> <span class='ocrx_word' id='word_1_472' title='bbox 1563 4529 1592 4578; x_wconf 88' lang='lat' dir='ltr'><strong>n.</strong></span> <span class='ocrx_word' id='word_1_473' title='bbox 1612 4549 1645 4564; x_wconf 94' lang='lat'>-</span> 
     </span>
     <span class='ocr_line' id='line_1_45' title="bbox 338 4595 1644 4666; baseline -0.002 -15"><span class='ocrx_word' id='word_1_474' title='bbox 338 4602 380 4651; x_wconf 72' lang='lat'><strong>¹25.</strong></span> <span class='ocrx_word' id='word_1_475' title='bbox 399 4601 530 4650; x_wconf 83' lang='lat' dir='ltr'><strong>calumnia</strong></span> <span class='ocrx_word' id='word_1_476' title='bbox 551 4599 610 4650; x_wconf 78' lang='lat' dir='ltr'><strong>ml:</strong></span> <span class='ocrx_word' id='word_1_477' title='bbox 641 4613 681 4650; x_wconf 81' lang='lat' dir='ltr'><strong>ras</strong></span> <span class='ocrx_word' id='word_1_478' title='bbox 707 4599 837 4649; x_wconf 78' lang='lat' dir='ltr'><strong>calumnia</strong></span> <span class='ocrx_word' id='word_1_479' title='bbox 863 4601 916 4650; x_wconf 81' lang='lat' dir='ltr'><strong>lili.</strong></span> <span class='ocrx_word' id='word_1_480' title='bbox 947 4625 979 4634; x_wconf 94' lang='lat'><em>—</em></span> <span class='ocrx_word' id='word_1_481' title='bbox 1014 4595 1059 4648; x_wconf 78' lang='lat'><strong>28.</strong></span> <span class='ocrx_word' id='word_1_482' title='bbox 1078 4601 1213 4664; x_wconf 74' lang='lat' dir='ltr'><strong>rogatione</strong></span> <span class='ocrx_word' id='word_1_483' title='bbox 1242 4601 1279 4652; x_wconf 84' lang='lat' dir='ltr'><strong>bl.</strong></span> <span class='ocrx_word' id='word_1_484' title='bbox 1310 4622 1344 4635; x_wconf 92' lang='lat'><strong>-·</strong></span> <span class='ocrx_word' id='word_1_485' title='bbox 1389 4601 1432 4651; x_wconf 83' lang='grc'><strong>30.</strong></span> <span class='ocrx_word' id='word_1_486' title='bbox 1461 4602 1525 4666; x_wconf 80' lang='lat' dir='ltr'><strong>regii</strong></span> <span class='ocrx_word' id='word_1_487' title='bbox 1551 4599 1581 4648; x_wconf 80' lang='lat' dir='ltr'><strong>li.</strong></span> <span class='ocrx_word' id='word_1_488' title='bbox 1614 4621 1644 4634; x_wconf 95' lang='lat'>-</span> 
     </span>
     <span class='ocr_line' id='line_1_46' title="bbox 338 4667 1646 4792; baseline 0.001 -73"><span class='ocrx_word' id='word_1_489' title='bbox 338 4671 380 4721; x_wconf 76' lang='grc'><strong>33.</strong></span> <span class='ocrx_word' id='word_1_490' title='bbox 399 4672 451 4722; x_wconf 68' lang='lat' dir='ltr'><strong>bin</strong></span> <span class='ocrx_word' id='word_1_491' title='bbox 470 4684 510 4733; x_wconf 87' lang='lat' dir='ltr'><strong>pr.</strong></span> <span class='ocrx_word' id='word_1_492' title='bbox 530 4670 567 4722; x_wconf 81' lang='lat' dir='ltr'><strong>bl.</strong></span> <span class='ocrx_word' id='word_1_493' title='bbox 595 4693 625 4702; x_wconf 94' lang='lat'>-</span> <span class='ocrx_word' id='word_1_494' title='bbox 664 4667 707 4719; x_wconf 78' lang='grc'><strong>36.</strong></span> <span class='ocrx_word' id='word_1_495' title='bbox 726 4670 886 4792; x_wconf 65' lang='grc' dir='ltr'><strong>οοηῗηωιάω</strong></span> <span class='ocrx_word' id='word_1_496' title='bbox 914 4667 1012 4734; x_wconf 81' lang='lat' dir='ltr'><strong>(supra</strong></span> <span class='ocrx_word' id='word_1_497' title='bbox 1031 4682 1137 4720; x_wconf 78' lang='lat' dir='ltr'><strong>remum</strong></span> <span class='ocrx_word' id='word_1_498' title='bbox 1157 4673 1242 4720; x_wconf 82' lang='lat' dir='ltr'><strong>uenire</strong></span> <span class='ocrx_word' id='word_1_499' title='bbox 1258 4667 1416 4734; x_wconf 76' lang='lat' dir='ltr'><strong>canendas)</strong></span> <span class='ocrx_word' id='word_1_500' title='bbox 1439 4671 1481 4732; x_wconf 83' lang='grc' dir='ltr'><strong>Μ,</strong></span> <span class='ocrx_word' id='word_1_501' title='bbox 1508 4667 1646 4723; x_wconf 72' lang='lat' dir='ltr'><strong>metendae</strong></span> 
     </span>
     <span class='ocr_line' id='line_1_47' title="bbox 339 4738 794 4792; baseline -0.009 -2"><span class='ocrx_word' id='word_1_502' title='bbox 339 4740 382 4790; x_wconf 81' lang='lat' dir='ltr'><strong>ns.</strong></span> <span class='ocrx_word' id='word_1_503' title='bbox 403 4767 433 4778; x_wconf 94' lang='lat'><strong>·-</strong></span> <span class='ocrx_word' id='word_1_504' title='bbox 470 4740 513 4792; x_wconf 82' lang='grc'><strong>36.</strong></span> <span class='ocrx_word' id='word_1_505' title='bbox 532 4739 629 4792; x_wconf 78' lang='lat' dir='ltr'><strong>ment.</strong></span> <span class='ocrx_word' id='word_1_506' title='bbox 665 4738 735 4790; x_wconf 81' lang='lat' dir='ltr'><strong>Fata.</strong></span> <span class='ocrx_word' id='word_1_507' title='bbox 787 4772 794 4786; x_wconf 88' lang='lat'><strong>.</strong></span> 
     </span>
    </p>
   </div>
   <div class='ocr_carea' id='block_1_8' title="bbox 0 0 1838 5924">
    <p class='ocr_par' dir='ltr' id='par_1_13' title="bbox 0 0 1838 5924">
     <span class='ocr_line' id='line_1_48' title="bbox 0 0 1838 5924; baseline 0 1"><span class='ocrx_word' id='word_1_508' title='bbox 0 0 1838 5924; x_wconf 95' lang='lat' dir='ltr'><strong> </strong></span> 
     </span>
    </p>
   </div>
  </div>
 </body>
</html>
