3668 5924
373 410 436 472 d02
870 407 928 470 ΕΡ.
950 407 1002 468 All
1024 405 1195 470 A'f‘l’lCUll

373 583 467 652 quam
495 583 575 650 quae
601 571 771 630 exsecaret.
827 568 915 628 Nunc
942 581 1040 637 varo,
1073 581 1144 628 cum
1173 564 1327 648 equitatus
1354 561 1424 636 ille,
1458 581 1552 648 quem
1573 585 1640 652 ego
1661 569 1694 634 iu

372 658 454 724 clivo
484 657 657 745 Capitolino
689 667 719 722 te
748 656 899 741 signifero
926 676 963 722 ac
983 656 1124 742 principe
1146 656 1350 732 collocaram,
1383 667 1524 744 senatum
1543 658 1697 727 deserue-

372 752 429 826 rit,
459 752 558 818 nostri
585 760 688 816 autem
716 750 871 837 principes
900 750 996 836 digito
1025 770 1060 816 se
1086 751 1205 816 caelum
1227 759 1336 836 putent
1356 756 1524 836 attingere,
1553 753 1695 821 umuli

371 843 494 911 barbati
520 846 553 911 in
579 844 705 932 piscinis
734 849 815 921 sint,
844 845 899 932 qui
925 844 965 909 ad
993 865 1119 910 manum
1148 843 1323 922 accedant3
1357 845 1417 910 alia
1450 854 1554 911 autem
1593 848 1694 934 negli-

346 949 463 1023 sgant:
493 960 596 1005 nonne
626 937 680 1002 tibi
708 937 782 1002 satis
810 937 961 1025 prodesse
987 937 1114 1011 videor,
1144 939 1172 1002 si
1192 937 1338 1024 perficio,
1366 949 1402 1004 ut
1431 939 1530 1007 nolint
1560 941 1690 1014 obesse.

373 1033 427 1119 qui
454 1039 607 1120 possuntt
650 1037 679 1098 8.
701 1037 777 1096 Nam
799 1036 948 1099 Catonem
978 1041 1209 1098 nostrumnon
1239 1041 1273 1098 tu
1300 1053 1385 1098 amas
1405 1033 1475 1118 plus
1495 1055 1592 1121 quam
1613 1056 1692 1121 cgo;

371 1126 427 1193 sed
454 1137 558 1192 tamen
585 1127 657 1200 ille,
693 1125 812 1212 optimo
841 1127 946 1192 animo
975 1136 1065 1192 utens
1095 1133 1128 1191 et
1155 1146 1276 1192 summa
1302 1124 1380 1201 fide,
1414 1137 1506 1193 nocet
1531 1129 1691 1196 interdum

369 1226 418 1286 rei
445 1221 599 1307 publicae.
653 1219 735 1286 Dicit
757 1220 840 1285 enim
862 1229 1018 1306 tamquam
1041 1220 1074 1285 in
1095 1220 1231 1286 Platonis
1253 1228 1416 1302 πολιτείᾳ,
1446 1241 1509 1287 non
1530 1233 1690 1310 umquam

370 1317 403 1382 in
431 1315 556 1383 Romuli
583 1314 686 1390 faece,
717 1314 910 1380 sententiam.
968 1314 1051 1392 Quid
1079 1315 1185 1381 verius
1215 1335 1306 1401 mam
1337 1315 1370 1380 in
1391 1314 1541 1382 iudicium
1562 1318 1689 1392 venire,

335 1410 425 1496 ioqui
454 1409 495 1477 oh
516 1431 585 1476 rem
606 1407 802 1474 iudicandam
823 1407 987 1494 pecuniam
1008 1409 1189 1494 acceperit?
1233 1408 1360 1475 Censuit
1379 1409 1439 1474 boc
1460 1413 1556 1490 Cato;
1584 1431 1690 1476 assen-

371 1507 412 1570 sit
442 1512 575 1570 senatus.
637 1502 765 1588 Equites
797 1501 905 1566 curiae
937 1501 1072 1576 bellum,
1108 1523 1172 1567 non
1209 1501 1306 1580 mihi;
1342 1523 1414 1568 nam
1453 1523 1513 1589 ego
1544 1503 1687 1570 dissensi.

302 1646 304 1650 -
370 1598 455 1676 Quid
479 1597 692 1685 impudentius
718 1594 889 1682 publicanis
918 1595 1189 1662 renuntiantibus?
1230 1596 1301 1662 Fuit
1329 1606 1431 1664 tamen
1459 1597 1617 1664 retinendi
1638 1619 1688 1665 or·

369 1692 448 1759 dinis
476 1714 568 1758 causa
593 1689 734 1756 facienda
764 1689 891 1756 iactura.
948 1689 1070 1756 Restitit
1099 1699 1131 1754 et
1158 1689 1290 1776 pervicit
1319 1694 1405 1761 Ceto.
1454 1695 1565 1779 ltaque
1586 1715 1686 1764 nuuc.

368 1786 495 1852 consule
522 1786 556 1852 in
581 1803 708 1850 carcere
733 1782 877 1858 inclusor,
910 1803 1004 1869 saepe
1031 1783 1106 1848 item
1142 1782 1295 1850 seditione
1323 1793 1503 1862 commota,
1536 1788 1687 1873 aspiravit

334 1902 460 1948 sinemo
493 1900 621 1954 eorum,
655 1897 790 1966 quorum
822 1897 882 1962 ego
914 1897 1069 1942 concursu
1099 1877 1238 1964 itemque
1270 1877 1293 1942 ii
1326 1878 1490 1954 consules,
1526 1881 1585 1966 qni
1616 1890 1686 1966 post

367 1995 418 2040 mc
450 1975 596 2046 fuerunt,
632 1993 701 2038 rem
730 1970 889 2056 publicam
922 1969 1090 2036 defendere
1122 1968 1275 2062 solebant.
1333 1972 1416 2050 Quid
1447 1980 1550 2058 ergot
1587 1974 1684 2048 istos,

367 2069 509 2156 inquies,
542 2064 687 2132 mercede
717 2064 887 2131 conductos
914 2063 1123 2130 habebimus?
1166 2057 1249 2142 Quid
1270 2063 1434 2139 faciemus,
1461 2067 1488 2132 si
1509 2069 1604 2134 ahter
1624 2089 1684 2136 non

366 2166 558 2248 possumus?
593 2180 633 2224 an
661 2157 816 2224 libertinis
846 2168 940 2244 atque
974 2158 1067 2223 etiam
1097 2158 1196 2224 servis
1227 2159 1425 2226 serviemus?
1468 2161 1551 2237 Sed,
1588 2169 1625 2229 nt
1652 2171 1684 2226 tu

366 2255 431 2330 ais,
467 2256 540 2328 ἅλις
568 2257 716 2331 σπουδῆς.
776 2253 806 2315 9.
831 2251 987 2317 Favonius
1015 2271 1118 2316 meam
1146 2249 1263 2317 tribum
1298 2251 1367 2318 tulit
1398 2251 1557 2321 honestius
1591 2276 1682 2342 quam

330 2368 478 2424 aosuam;
516 2345 642 2412 Lucceii
672 2343 817 2431 perdidit.
874 2345 1038 2410 Accusavit
1069 2345 1210 2411 Nasicam
1241 2344 1427 2419 inhoneste,
1473 2367 1510 2412 ac
1540 2347 1682 2414 modeste

367 2449 469 2506 manen
497 2439 599 2515 dixit,
632 2449 666 2504 ut
695 2437 797 2504 Rhodi
830 2437 990 2503 rideretur
1019 2438 1111 2504 molis
1142 2439 1248 2525 potius
1279 2461 1373 2526 quam
1403 2439 1522 2506 Moloni
1553 2461 1681 2527 operam

366 2535 497 2604 dedisse.
551 2532 652 2608 Mihi,
685 2533 773 2620 quod
808 2530 1036 2606 defendissem,
1071 2531 1183 2598 leviter
1217 2533 1403 2600 succensuit.
1457 2537 1546 2600 Nunc
1580 2543 1681 2600 umen

363 2629 443 2715 petit
468 2629 583 2695 iterum
610 2626 656 2693 rei
684 2626 827 2712 publicae
855 2645 957 2690 causa.
1010 2625 1161 2692 Lucceius
1190 2626 1266 2712 quid
1297 2635 1383 2712 agat,
1405 2625 1539 2692 scribam
1567 2628 1610 2693 ad
1637 2635 1679 2697 te,

364 2743 436 2790 cum
464 2726 627 2790 Caesarem
652 2721 783 2795 videro,
816 2719 869 2806 qui
901 2718 1001 2786 aderit
1032 2717 1140 2786 biduo.
1195 2724 1245 2786 10.
1274 2719 1368 2798 Quod
1396 2721 1534 2808 Sicyonii
1561 2730 1594 2787 tc
1621 2723 1680 2788 lae·

326 2815 459 2891 edunt,
488 2815 596 2883 Catoni
630 2822 661 2879 et
689 2815 756 2880 eius
788 2813 973 2880 aemulatori
1006 2813 1150 2880 attribuis
1177 2814 1321 2880 Servilio.
1379 2815 1489 2892 Quidt
1521 2837 1559 2881 ea
1592 2817 1679 2904 plaga

364 2931 467 2978 nonne
488 2908 528 2976 ad
548 2909 662 2976 multos
683 2906 784 2974 bonos
805 2909 891 2973 viros
911 2906 1072 2993 pertinet?
1115 2907 1198 2982 Sed,
1226 2908 1252 2974 si
1273 2908 1317 2974 ita
1337 2908 1470 2994 placuit,
1497 2909 1678 2984 laudemus;

364 3004 477 3070 deinde
502 3005 536 3071 in
563 3000 803 3069 discessionibus
830 3001 889 3067 soli
916 3001 1152 3087 relinquamurt
1197 3006 1246 3067 11.
1280 3001 1439 3069 Amalthea
1467 3023 1537 3068 mea
1565 3012 1599 3070 te
1628 3025 1679 3069 ex·

362 3108 480 3184 spectat
509 3107 541 3164 et
571 3097 690 3181 indiget
722 3095 778 3162 tui.
817 3080 1043 3182 (Tusculanum
1075 3104 1107 3161 et
1137 3094 1362 3181 Pompeianum
1394 3094 1483 3164 valde
1512 3118 1564 3163 ms
1597 3097 1678 3180 dele·

228 3231 264 3269 ,1
361 3183 468 3286 etant)
495 3191 555 3258 nisi
586 3190 672 3278 quod
703 3210 773 3266 me,
806 3187 894 3256 illum
927 3191 1030 3276 ipsum
1062 3188 1218 3257 vindicem
1250 3191 1333 3256 aeris
1364 3189 1478 3266 alieni,
1510 3212 1585 3256 aere
1618 3183 1677 3257 nou

189 3263 229 3306 l'
325 3311 354 3354 aa
363 3281 523 3354 Corinthio
551 3286 607 3368 sed
632 3284 692 3349 hoc
720 3283 969 3350 circumforaneo
996 3281 1180 3350 obruerunt.
1231 3287 1267 3348 ln
1296 3283 1393 3350 Gallia
1420 3303 1583 3369 speramus
1612 3303 1676 3350 csse

305 3423 310 3436 ·
361 3381 469 3447 otium.
531 3379 734 3464 Prognostica
768 3398 838 3444 mea
873 3398 945 3443 cum
979 3377 1181 3448 oratiunculis
1214 3377 1398 3464 propediem
1432 3385 1589 3462 exspecta.
1640 3381 1676 3441 Et

361 3485 484 3546 umen,
521 3473 597 3559 quid
618 3471 735 3556 cogites
756 3470 795 3536 de
817 3470 953 3538 adventu
974 3480 1049 3546 tuo,
1082 3469 1184 3537 scribe
1203 3470 1246 3566 ad
1266 3491 1336 3538 nos.
1391 3475 1468 3536 Nam
1488 3472 1566 3537 mihi
1587 3477 1676 3538 Pom-

359 3567 454 3653 ponia
475 3564 610 3632 nuntiari
632 3565 739 3641 iussit,
762 3573 920 3630 tamense
943 3564 1073 3642 Quintili
1095 3571 1211 3632 Romae
1231 3564 1313 3632 fore.
1368 3563 1405 3630 ld
1426 3585 1444 3629 a
1465 3563 1674 3635 tuislitteris,

361 3681 437 3747 quas
466 3659 507 3724 ad
535 3681 584 3725 me
611 3658 650 3724 de
671 3680 767 3723 censu
787 3668 842 3724 tuo
863 3659 1008 3734 miseras,
1040 3657 1245 3745 discrepabat.
1302 3661 1352 3722 12.
1372 3662 1499 3731 Pactus,
1530 3668 1567 3724 ut
1586 3668 1674 3724 antea

325 3753 399 3822 read
421 3764 451 3819 te
473 3753 599 3838 scripsi,
629 3772 737 3817 omnes
758 3750 874 3825 libros,
906 3772 986 3838 quos
1007 3750 1105 3817 frater
1125 3773 1201 3818 suus
1221 3752 1414 3839 reliquisset,
1441 3751 1519 3818 mihi
1539 3750 1673 3818 donavit

362 3851 428 3913 Hoc
458 3846 541 3910 illius
569 3867 681 3911 munus
709 3846 741 3911 in
763 3854 814 3912 tua
835 3845 994 3930 diligentia
1015 3847 1151 3932 positum
1174 3854 1230 3911 est.
1279 3846 1312 3910 si
1333 3866 1384 3910 me
1405 3865 1505 3920 amas,
1527 3866 1620 3920 uara,
1641 3851 1673 3908 ut

359 3948 583 4005 conserventur
610 3948 642 4004 et
670 3939 709 4004 ad
736 3959 788 4004 me
817 3939 1025 4026 perferantur.
1079 3943 1148 4005 Hoc
1173 3938 1251 4004 mihi
1282 3937 1358 4005 nihil
1389 3945 1492 4026 potest
1515 3957 1585 4004 esse
1607 3957 1673 4024 gra·

436 4141 462 4191 3.
482 4140 558 4189 multi
576 4137 649 4190 11111.
683 4163 710 4174 -
747 4139 774 4190 d.
793 4147 854 4189 sunt
879 4141 937 4190 mit.
971 4164 1002 4176 -
1037 4140 1086 4190 olii
1110 4139 1185 4190 Mill.
1224 4137 1420 4204 (Emendatum
1446 4145 1486 4189 est
1511 4151 1542 4188 en
1560 4139 1612 4202 Y.)
1642 4157 1670 4172 -·

359 4213 386 4262 5.
405 4211 621 4275 siperpicioom.
643 4224 682 4272 pr.
703 4211 739 4262 11.
763 4233 790 4244 -
827 4211 854 4259 7.
875 4213 964 4260 naimo
983 4210 1121 4271 optinet.
1140 4235 1174 4246 ·-
1209 4210 1236 4259 8.
1255 4212 1357 4259 inem.
1377 4223 1417 4273 pr.
1439 4209 1476 4260 11.
1506 4233 1538 4245 -
1573 4210 1599 4258 8.
1618 4209 1671 4273 foca

360 4283 411 4333 111.
442 4305 474 4318 -
511 4281 555 4331 11.
574 4287 688 4330 senatus.
725 4283 814 4345 liquit.
835 4277 911 4343 (sic)
932 4281 1023 4331 Curios
1042 4281 1080 4340 l',
1108 4287 1212 4330 senatus
1230 4281 1319 4343 equiti.
1356 4280 1449 4328 Curios
1466 4277 1540 4328 11111.
1578 4279 1670 4330 limen·

360 4353 432 4402 davit
459 4352 614 4400 Lambinus.
644 4375 675 4384 -
713 4352 756 4402 ta.
775 4351 900 4415 sedanda
919 4351 978 4400 1111.
1009 4373 1036 4385 ·-
1081 4350 1123 4400 15.
1142 4352 1251 4414 itemque
1268 4351 1290 4398 ti
1307 4349 1421 4399 consules
1445 4349 1467 4398 R
1493 4353 1519 4398 et
1538 4361 1609 4400 corr.
1628 4347 1668 4398 ll:

359 4425 468 4485 itenqae
485 4421 599 4471 waniba
617 4419 651 4470 111
669 4427 695 4470 ot
713 4436 753 4483 pr.
772 4421 809 4472 M.
828 4447 862 4457 -
898 4420 941 4471 18.
960 4422 1102 4470 acciuntur
1119 4419 1194 4471 mat.
1227 4444 1252 4456 -
1289 4421 1333 4468 20.
1352 4419 1512 4469 commota
1530 4425 1618 4470 tomen
1633 4419 1669 4467 di·

358 4496 414 4554 eit„
434 4501 463 4541 ut
482 4491 516 4542 Rl
536 4497 562 4540 et
580 4504 650 4540 corr.
669 4491 714 4541 hl:
734 4505 765 4539 oc
782 4493 893 4541 modam
912 4499 998 4540 tomen
1015 4491 1084 4540 dicit
1101 4497 1149 4539 out
1169 4503 1209 4552 pr.
1229 4489 1275 4548 11,
1294 4503 1326 4538 uc
1343 4487 1472 4550 (medaria
1491 4495 1579 4538 teman
1594 4483 1668 4548 dicit)

359 4567 462 4618 tacut,
483 4575 544 4611 coru
563 4562 643 4611 Roslo
662 4561 691 4609 11.
725 4583 748 4594 -
790 4562 833 4610 22.
852 4563 992 4610 mosomii
1010 4560 1046 4609 11.
1078 4583 1108 4594 -
1145 4561 1189 4610 81.
1208 4555 1275 4620 cum]
1296 4573 1373 4622 quom
1391 4571 1445 4620 mg.
1466 4558 1502 4608 llf.
1533 4583 1560 4594 -
1599 4555 1669 4621 Quod

359 4637 395 4683 ric
413 4633 494 4681 Romo
512 4639 536 4682 te
554 4631 659 4681 laedant
676 4630 718 4689 11,
750 4631 825 4692 Qnsod
842 4631 997 4693 Sicyonntua
1014 4631 1130 4680 madunt.
1159 4630 1197 4680 el.
1230 4630 1305 4692 Quod
1322 4629 1436 4692 &monii
1454 4634 1479 4677 te
1497 4641 1551 4691 mg.
1570 4627 1607 4680 11.
1640 4649 1664 4660 -

359 4705 403 4754 25.
422 4700 544 4754 attributa
561 4701 642 4751 MRl:
661 4700 793 4750 attribues
811 4701 840 4749 Ε.
862 4723 892 4736 -
928 4701 1041 4750 serotilio
1059 4700 1096 4750 11.
1118 4723 1148 4736 -
1178 4699 1223 4749 27.
1243 4699 1435 4756 decurionibus
1453 4697 1603 4749 Manutius:
1621 4699 1668 4748 dia·

359 4773 516 4824 aemionibus
532 4771 627 4820 1111111.
647 4791 681 4807 ·-
715 4769 759 4819 28.
778 4770 950 4820 menoidel.
971 4793 999 4806 -
1037 4770 1298 4820 RRotssdiccmom.
1318 4782 1359 4831 pr.
1378 4767 1423 4828 11,
1444 4771 1667 4830 antoipsusnpo·

361 4842 558 4892 concernit.
584 4865 616 4876 -
654 4840 697 4891 31.
717 4842 801 4890 odam
817 4853 886 4888 corr.
906 4841 948 4899 M,
974 4855 1031 4890 cum
1049 4854 1089 4904 pr.
1110 4839 1146 4890 11.
1179 4865 1208 4878 -
1246 4836 1321 4901 cum]
1348 4843 1411 4902 pen
1428 4851 1469 4900 pr.
1488 4837 1526 4889 11.
1559 4861 1591 4874 -
1625 4836 1665 4886 81.

361 4913 484 4974 Quintitei
500 4913 594 4961 Romae
612 4909 653 4966 11.
683 4909 794 4974 Quintili
811 4910 834 4956 ei
851 4911 946 4959 Remos
963 4910 984 4960 1.
1016 4935 1043 4946 -
1080 4909 1124 4960 31.
1143 4923 1219 4960 censu
1236 4909 1269 4958 Ze
1296 4921 1365 4958 cmm
1384 4908 1420 4966 1,
1444 4905 1664 4972 cosmopeia,

359 4991 464 5031 sacceus⁴
477 4981 521 5030 1111
540 4993 601 5030 cnm
620 4994 690 5032 corr.
709 4981 751 5036 m.
777 4991 875 5028 recessu
894 4980 914 5028 1.
946 5001 974 5012 -
1016 4979 1059 5029 87.
1078 4986 1104 5030 at
1121 4979 1157 5029 od
1174 4980 1396 5044 suspectarentur
1413 4991 1468 5028 om.
1489 4978 1510 5028 R
1528 4986 1555 5029 et
1573 4991 1612 5043 pr.
1629 4975 1663 5026 11.

361 5046 538 5114 (tranctans.
557 5050 612 5109 M.)
633 5074 663 5088 -··
697 5051 737 5101 nti
755 5049 775 5098 1.
