3662 5892
266 488 329 552 778
768 487 828 550 ΕΡ.
848 490 900 553 AD
921 487 1078 553 BRUTUbl

266 645 417 713 Cicerone
438 663 509 711 meo
532 655 576 719 et,
598 644 764 710 sitantum
786 653 832 710 est
853 644 885 711 in
906 665 963 719 eo,
985 652 1134 731 qnantum
1155 642 1281 720 scribis,
1308 653 1426 711 tantum
1448 644 1589 718 scilicet,

266 747 415 826 quantum
435 737 554 814 debeo,
583 737 722 826 gaudem
752 747 798 812 et,
828 739 872 816 si,
895 738 981 826 qnod
1001 759 1087 802 amns
1111 759 1200 812 enm,
1229 759 1268 804 eo
1290 738 1410 804 maiora
1431 738 1526 814 lacis,
1550 737 1590 804 id

264 833 368 920 ipsum
389 831 614 899 incredibiliter
634 831 772 919 gaudeo,
795 853 813 897 a
835 841 865 898 to
887 853 960 900 enm
982 831 1077 917 diligi.

696 976 759 1038 VII.
802 974 945 1040 CICERO
965 974 1095 1038 BRUTO
1123 975 1155 1037 S.

243 1123 257 1161 s
351 1099 379 1161 1.
409 1098 498 1173 Quae
523 1094 645 1160 litterae
672 1104 728 1160 tuo
756 1093 882 1159 nomine
903 1093 1050 1159 recitatae
1071 1093 1133 1159 sint
1153 1093 1198 1160 ld.
1220 1094 1317 1180 April.
1344 1094 1506 1163 incenato
1527 1117 1585 1164 eo-

265 1189 399 1277 demque
427 1199 569 1276 tempore
590 1189 729 1264 Antonii,
759 1186 854 1254 credo
875 1186 915 1253 ad
936 1197 966 1254 te
989 1189 1150 1274 scripsisse
1172 1199 1259 1268 tuos;
1289 1210 1424 1275 quornm
1446 1211 1506 1276 ego
1527 1212 1585 1255 ne-

263 1285 341 1350 mini
366 1282 515 1350 concedo.
558 1281 620 1348 Sed
647 1283 724 1348 nibil
751 1303 878 1348 necesse
900 1292 967 1348 erat
988 1280 1097 1348 eadem
1121 1303 1245 1362 omnes;
1274 1281 1352 1349 illud
1373 1303 1500 1348 necesse
1530 1305 1582 1348 me

263 1379 303 1446 ad
324 1388 355 1444 te
378 1376 532 1454 scribere,
563 1376 638 1463 quid
662 1377 811 1443 sentirem
839 1386 904 1442 tota
932 1376 971 1442 de
993 1376 1214 1444 constitutione
1241 1374 1333 1444 buius
1361 1375 1437 1443 belli
1465 1387 1496 1443 et
1517 1400 1582 1465 quo

264 1472 381 1539 iudicio
402 1491 503 1537 essem
524 1491 648 1558 quaque
670 1471 830 1536 sententia.
866 1471 1016 1539 Voluntas
1037 1492 1121 1545 mea,
1144 1476 1254 1546 Brute,
1277 1469 1316 1536 de
1331 1491 1452 1536 summa
1472 1493 1508 1537 re
1524 1493 1583 1558 pu-

230 1565 344 1632 roblica
372 1586 497 1652 semper
523 1564 632 1630 eadem
661 1563 734 1641 luit,
763 1587 841 1652 quae
868 1575 935 1644 tua;
962 1564 1042 1630 ratio
1070 1563 1255 1651 quibusdam
1284 1564 1318 1628 in
1338 1563 1434 1629 rebus
1454 1601 1494 1611 -
1516 1587 1581 1630 non

264 1661 346 1726 enim
361 1657 506 1726 omnibus
520 1695 560 1706 -
575 1658 680 1745 paullo
701 1658 835 1726 lortasse
857 1658 1081 1723 vehementior.
1118 1659 1184 1724 Scis
1199 1657 1275 1724 milri
1291 1679 1415 1744 semper
1428 1658 1581 1744 placuisse

262 1776 327 1820 non
347 1774 423 1840 rege
445 1753 547 1819 solum
568 1752 624 1819 sed
644 1774 743 1839 regno
765 1752 893 1819 liberari
915 1775 981 1818 rem
996 1751 1162 1839 publicam.
1206 1757 1253 1818 Tu
1274 1752 1390 1824 lenius,
1413 1752 1581 1818 immortali

263 1848 392 1914 omnino
414 1867 484 1912 cum
508 1854 560 1913 tua
582 1847 687 1927 laude;
710 1847 765 1914 sed
787 1847 863 1936 qnid
884 1847 995 1913 melius
1017 1845 1126 1923 luerit,
1148 1866 1261 1931 magno
1284 1843 1396 1910 dolore
1416 1847 1579 1920 sensimus,

263 1962 376 2028 magno
390 1941 531 2027 periculo
553 1941 713 2007 sentimus.
748 1942 876 2009 Recenti
889 1941 943 2008 illo
959 1951 1101 2027 tempore
1122 1951 1156 2006 tu
1177 1939 1282 2005 omnia
1303 1939 1342 2004 ad
1356 1960 1478 2025 pacem,
1500 1961 1581 2028 quae

229 2035 407 2102 moratione
436 2033 545 2100 confici
567 2057 630 2101 non
651 2046 790 2122 poterat;
821 2056 880 2122 ego
903 2035 1009 2102 omnia
1030 2034 1069 2100 ad
1090 2032 1281 2109 libertatem,
1312 2055 1391 2120 quae
1416 2035 1483 2100 sine
1504 2054 1580 2121 pace

262 2129 347 2194 nulla
369 2138 430 2207 est;
453 2149 561 2215 pacem
583 2130 682 2215 ipsam
702 2130 787 2195 bello
808 2141 901 2218 atque
923 2130 1019 2195 armis
1040 2130 1120 2194 ellici
1141 2150 1233 2215 posse
1254 2127 1439 2194 arbitrabar.
1471 2128 1581 2194 Studia

263 2243 326 2288 non
355 2223 484 2288 deerant
510 2244 597 2290 arma
618 2225 830 2310 poscentium,
860 2246 995 2311 quorum
1017 2224 1224 2312 repressimus
1248 2225 1399 2312 impetum
1420 2221 1581 2289 ardorem-

262 2339 325 2403 que
346 2317 558 2384 restinximus.
601 2323 631 2385 2.
653 2324 761 2404 ltaque
782 2341 834 2385 res
855 2320 888 2384 in
910 2341 980 2386 eum
1003 2320 1106 2386 locum
1128 2328 1273 2393 venerat,
1295 2328 1342 2395 nt,
1374 2317 1434 2384 nisi
1456 2318 1580 2385 Caesari

264 2415 434 2476 Octaviano
455 2410 534 2476 deus
555 2412 682 2495 quidam
697 2413 783 2478 illam
796 2426 933 2478 mentem
955 2412 1105 2487 dedisset,
1127 2412 1162 2477 in
1178 2421 1364 2500 potestatem
1378 2411 1580 2498 perditissimi

226 2521 254 2566 ao
264 2503 398 2569 bominis
427 2513 458 2568 ot
479 2504 650 2589 turpissimi
677 2511 719 2572 ld.
740 2505 867 2571 Antonii
895 2506 1083 2572 veniendum
1109 2506 1221 2584 luerit:
1251 2528 1387 2593 quocum
1411 2507 1499 2572 vides
1520 2507 1581 2572 boc

264 2606 406 2682 tempore
426 2597 495 2684 ipso
517 2598 603 2684 quod
624 2599 665 2665 sit
685 2609 897 2687 quantumque
919 2611 1086 2667 certamen.
1129 2599 1164 2666 ld
1182 2601 1325 2686 prolecto
1346 2600 1464 2666 nullum
1488 2611 1579 2676 esset,

262 2692 323 2757 nisi
351 2701 416 2757 tum
438 2702 639 2760 conservatus
662 2705 744 2762 esset
767 2700 930 2761 Antonius.
973 2694 1034 2761 Sed
1063 2694 1139 2759 baec
1161 2695 1281 2760 omitto.
1323 2700 1384 2760 lles
1405 2696 1488 2761 eninr
1510 2693 1529 2760 A
1550 2704 1580 2760 te

263 2794 348 2870 gesta
362 2785 574 2853 memorabilis
589 2797 620 2854 et
633 2809 732 2874 paene
749 2789 888 2855 caelestis
904 2788 1026 2875 repellit
1043 2809 1152 2854 omnes
1166 2788 1440 2873 reprehensiones;
1463 2789 1580 2877 qnippe

264 2901 344 2967 quae
372 2902 412 2946 ne
434 2881 524 2948 laude
545 2882 672 2969 quidem
700 2885 774 2949 satis
803 2883 915 2950 idonea
936 2884 1015 2948 allici
1041 2885 1149 2969 possit.
1193 2883 1345 2948 Exstitisti
1366 2904 1468 2970 nuper
1493 2883 1580 2950 vultu

226 2989 392 3054 atserero;
414 2977 603 3052 exercitum,
626 2979 749 3063 copias,
776 2977 916 3063 legiones
937 2977 1067 3043 idoneas
1087 2999 1147 3062 per
1167 2987 1197 3042 te
1220 2976 1309 3042 brevi
1331 2986 1483 3063 tempore,
1496 2999 1581 3042 com-

262 3071 388 3156 parasti.
430 3070 482 3136 Dii
503 3070 709 3137 immortalesl
738 3071 794 3158 qui
814 3072 867 3136 ille
888 3077 1031 3146 nuntius,
1060 3092 1141 3156 quae
1162 3072 1234 3137 illae
1254 3070 1391 3147 litterae,
1418 3093 1498 3157 quae
1518 3071 1582 3137 lae·

262 3163 329 3228 titia
344 3172 484 3238 senatus,
506 3186 586 3250 quae
608 3165 749 3232 alacritas
764 3166 896 3231 civitatis
917 3169 999 3230 eratl
1022 3166 1103 3231 Nihil
1125 3187 1261 3253 unquam
1283 3165 1347 3232 vidi
1362 3175 1424 3231 tam
1439 3165 1580 3231 omnium

263 3257 468 3323 consensione
490 3258 658 3325 laudatum.
690 3263 765 3324 Erat
786 3259 976 3344 exspectatio
997 3259 1200 3345 reliquiarum
1220 3259 1356 3342 Antonii,
1379 3280 1472 3346 quem
1493 3259 1582 3346 equi-

263 3360 329 3417 tatu
350 3351 589 3439 legionibusque
611 3375 722 3440 magna
745 3375 786 3420 ex
806 3364 895 3439 parte
916 3352 1077 3438 spoliaras.
1120 3357 1164 3418 Ea
1185 3373 1311 3441 quoque
1333 3351 1441 3418 babuit
1461 3355 1580 3419 exitum

227 3442 443 3530 aoptahitem.
482 3451 559 3511 Nam
581 3455 652 3512 tuae
673 3446 809 3522 litterae,
831 3469 912 3533 quae
933 3451 1081 3512 recitatae
1103 3451 1134 3512 in
1156 3458 1265 3513 senatu
1287 3457 1374 3523 sunt,
1397 3457 1429 3514 et
1447 3448 1582 3534 impera-

264 3543 342 3604 toris
363 3549 394 3605 et
415 3539 546 3606 militum
562 3546 708 3607 virtutem
731 3551 762 3607 et
782 3541 966 3606 industriam
988 3551 1130 3616 tuorum,
1153 3541 1313 3626 inquibus
1329 3543 1486 3608 Ciceronis
1507 3543 1579 3616 mci,

263 3631 431 3699 declarant.
476 3633 595 3712 Quodsi
617 3636 678 3701 tuis
700 3635 866 3721 placuisset
890 3633 930 3700 de
951 3634 999 3700 bis
1020 3635 1131 3700 litteris
1152 3634 1282 3711 referri,
1310 3643 1341 3701 et
1361 3635 1421 3701 nisi
1449 3636 1481 3701 in
1503 3644 1582 3701 tem-

262 3747 322 3812 pus
343 3726 644 3794 turbulentissimum
674 3740 745 3815 post
766 3729 936 3796 discessum
957 3733 1074 3794 Pansae
1096 3729 1231 3795 consulis
1254 3729 1450 3805 incidissent,
1481 3729 1581 3796 bonos

263 3841 391 3908 qnoque
412 3822 511 3888 iustus
533 3832 565 3889 et
586 3821 708 3889 debitus
730 3823 790 3889 diis
810 3821 1039 3888 immortalibus
1064 3822 1208 3888 decretus
1231 3833 1321 3890 esset.
1364 3829 1395 3890 3.
1423 3830 1504 3891 Ecce
1523 3824 1580 3890 tibi

227 3915 343 3982 ³³ldib.
363 3916 461 4003 April.
490 3916 615 3982 advolat
640 3939 731 3983 mane
759 3917 845 3982 celer
864 3917 962 3990 Pilus,
991 3917 1046 4002 qui
1066 3917 1131 3982 virl
1161 3917 1206 3982 dii
1226 3915 1318 3993 boni,
1345 3939 1437 4004 quam
1459 3917 1579 4002 gravisi

263 4031 357 4097 quam
379 4014 537 4078 constansl
561 4032 655 4098 quam
675 4009 829 4076 bonarum
850 4011 883 4076 in
904 4032 940 4076 re
961 4010 1085 4098 publica
1107 4012 1257 4097 partiuml
1289 4013 1348 4077 llic
1368 4013 1515 4097 epistolas
1536 4012 1580 4076 al-

263 4103 325 4170 lert
345 4105 437 4180 duas,
460 4125 553 4170 unam
574 4115 629 4170 tuo
652 4105 796 4178 nornine,
824 4105 952 4171 alteram
973 4105 1112 4183 Antonii;
1134 4106 1187 4172 dat
1208 4106 1344 4173 Servilio
1365 4106 1493 4172 tribuno
1514 4106 1581 4192 ple-

265 4197 328 4278 bis;
351 4197 403 4264 ille
425 4201 580 4266 Cornuto:
610 4198 783 4264 recitantur
802 4199 836 4265 in
857 4208 975 4266 senatu.
1017 4205 1189 4267 Auromvs
1212 4220 1354 4268 rnocos.
1395 4205 1506 4286 Magna
1528 4199 1582 4265 ad-

265 4292 406 4366 miratio,
436 4303 472 4358 nt
499 4293 524 4358 si
547 4302 630 4358 esset
649 4298 829 4368 recitatum,
859 4299 1063 4360 Donannnna
1088 4313 1300 4370 rmrnnaron,
1329 4314 1433 4379 aquo
1455 4290 1581 4375 quidem

227 4397 414 4452 invenerant
436 4385 602 4465 tabellarii;
632 4387 689 4452 sed
708 4409 801 4454 nemo
823 4387 880 4454 Pili
909 4389 1034 4464 similis,
1064 4393 1117 4476 qui
1139 4389 1283 4474 prolerre
1305 4387 1423 4454 litteras
1451 4385 1582 4454 auderet

264 4491 319 4546 aut
339 4480 569 4565 magistratibus
590 4481 735 4548 reddere.
777 4487 862 4548 Tuae
884 4483 1071 4559 recitantur,
1097 4482 1211 4548 breves
1232 4483 1302 4548 illae
1323 4482 1451 4569 quidem
1473 4481 1581 4548 sedin

266 4575 435 4640 Antonium
456 4574 624 4642 admodum
647 4576 743 4643 lenes.
785 4575 995 4645 Vehementer
1015 4576 1184 4643 admiratus
1205 4586 1339 4642 senatus.
1380 4574 1456 4642 Mihi
1477 4583 1581 4641 antem

266 4688 330 4732 non
349 4679 415 4733 orat
436 4670 641 4757 explicatum,
664 4669 740 4758 quid
760 4691 897 4757 agerem.
933 4672 1037 4738 Falsas
1057 4669 1214 4737 dicerent
1238 4670 1336 4748 Quid,
1358 4670 1385 4735 si
1406 4678 1440 4735 tu
1462 4691 1514 4736 cas
1528 4689 1582 4754 ap-

266 4758 454 4846 probasses?
492 4763 737 4830 Conlirmareml
772 4769 841 4832 Non
864 4775 931 4832 erat
952 4766 1108 4851 dignitatis
1128 4775 1211 4832 tuae.
1252 4770 1359 4850 ltaqnc
1378 4763 1431 4829 ille
1452 4762 1519 4829 dies
1540 4762 1583 4827 si·

270 4902 659 4915 .....-...-..-.-....-........-.

186 5033 189 5038 ,
334 4982 361 5030 2.
382 4981 454 5034 debet
472 4985 589 5036 malebat
608 4987 755 5038 Ernestlus.
785 5012 817 5025 -
853 4989 881 5038 5.
900 4993 963 5038 sicot
980 4987 1024 5038 Cr.
1050 5012 1086 5023 -
1120 4987 1147 5036 8.
1166 4992 1226 5036 toto
1242 4984 1353 5036 docnt
1373 4983 1480 5034 dstote
1498 4981 1529 5032 ll.
1548 5006 1581 5018 -

267 5050 310 5101 15.
327 5055 514 5114 poterontCr.
536 5081 566 5092 —-
593 5057 638 5106 17.
657 5059 765 5108 deerant
784 5057 846 5109 Cet
865 5059 972 5112 deerunt
990 5059 1019 5108 li.
1043 5083 1070 5096 —
1098 5058 1142 5108 2⁰.
1161 5055 1212 5118 fult
1232 5055 1276 5107 Cr.
1297 5081 1325 5094 -
1351 5054 1396 5106 30.
1413 5053 1582 5117 tmpsrotorts

265 5128 291 5172 et
308 5119 368 5172 Cn:
389 5123 558 5186 imperatoris
577 5128 715 5177 consitium
734 5135 758 5178 et
776 5129 806 5179 ll.
