3662 5908
706 425 983 490 uelsaotantm
1004 427 1057 490 ab
1078 426 1170 490 bel.

754 587 822 649 nn·
852 585 902 668 (A.
928 585 961 648 o.
983 585 1016 649 c.
1038 582 1125 664 roa.)

708 706 851 772 CICERO
879 706 1108 771 CRASSIPEDI
1137 707 1169 772 S.

364 826 392 887 1.
414 822 610 906 Quamquam
642 817 700 885 tibi
735 837 883 904 praesens
908 814 1143 891 commendavi,
1171 824 1206 882 ut
1227 821 1315 904 potul
1345 819 1604 908 diligentissime,

277 915 379 983 socios
401 913 580 1002 Bithyniae,
617 921 711 1000 teque
732 933 803 977 cum
830 932 899 976 mea
922 909 1193 976 commendatione
1214 918 1279 976 tum
1302 912 1395 980 etiam
1417 925 1468 980 tua
1491 928 1604 1002 sponte

250 1007 417 1075 siutettexi
448 1027 564 1093 cupere
600 1005 630 1072 ei
656 1005 796 1072 societati
830 1003 1068 1092 quibuscunque
1103 1003 1199 1070 rebus
1234 1025 1343 1091 posses
1379 1009 1602 1085 commodare,

276 1115 400 1176 tamen,
435 1123 507 1167 cum
536 1101 573 1176 ii,
607 1122 743 1189 quorum
770 1121 823 1166 res
844 1099 962 1185 agitur,
996 1099 1100 1184 magni
1122 1121 1178 1165 sua
1200 1097 1351 1166 interesse
1373 1101 1603 1170 arbitrarentur

275 1218 326 1264 me
348 1195 441 1260 etiam
468 1217 526 1282 per
549 1195 667 1262 litteras
684 1194 845 1261 declarare
866 1192 943 1267 tibi,
980 1214 1041 1280 qua
1074 1214 1175 1259 essem
1210 1215 1285 1281 erga
1309 1193 1395 1282 ipsos
1424 1198 1601 1276 voluntate,

277 1313 340 1359 non
359 1289 498 1355 dubitavi
520 1289 597 1355 baec
618 1287 658 1354 ad
680 1297 710 1354 te
731 1288 881 1356 scribere.
925 1291 955 1353 2.
977 1286 1058 1354 Volo
1080 1287 1163 1352 enim
1187 1295 1217 1353 tc
1243 1288 1424 1358 existimare
1446 1315 1506 1368 me,
1529 1315 1600 1361 cum

277 1384 423 1452 universo
445 1383 549 1448 ordini
570 1381 808 1469 publicanorum
830 1403 956 1468 semper
982 1380 1185 1448 libentissime
1207 1382 1391 1460 tribuerim,
1418 1385 1514 1474 idque
1536 1409 1600 1453 ma·

238 1484 344 1564 regnis
366 1476 433 1543 eius
455 1476 575 1542 ordinis
597 1498 672 1563 erga
696 1498 744 1542 me
766 1476 887 1542 meritis
910 1476 1014 1540 lacere
1036 1474 1219 1552 debuerim,
1250 1486 1317 1542 tum
1339 1475 1372 1542 in
1394 1480 1503 1566 primis
1524 1481 1601 1546 ami-

274 1592 345 1638 cum
367 1591 436 1636 esse
459 1570 532 1635 buic
552 1570 730 1658 Bithynicae
751 1569 908 1636 societati:
931 1590 1013 1656 quae
1035 1569 1168 1635 societas
1190 1569 1322 1645 ordine,
1344 1571 1415 1658 ipso
1438 1573 1601 1640 bominum

275 1685 405 1750 genere,
428 1685 501 1751 pars
522 1675 569 1730 est
591 1665 725 1730 maxima
747 1663 894 1741 civitatis;
930 1672 1051 1729 constat
1072 1663 1155 1728 enim
1179 1685 1220 1729 ex
1242 1663 1354 1729 ceteris
1375 1665 1599 1734 societatibus:

274 1767 306 1822 et
327 1779 401 1824 casu
433 1758 580 1844 permulti
611 1766 683 1822 sunt
710 1761 742 1824 in
771 1779 808 1822 ea
829 1758 978 1824 societate
1001 1754 1090 1822 valde
1119 1755 1194 1822 mibi
1217 1756 1399 1831 familiares,
1422 1760 1455 1824 in
1477 1760 1601 1845 primis-

274 1873 336 1940 que
367 1853 411 1927 is,
445 1855 533 1917 cuius
557 1851 761 1938 praecipuum
782 1850 919 1917 officium
943 1850 1047 1936 agitur
1067 1850 1127 1916 boc
1153 1858 1313 1937 tempore,
1347 1855 1380 1916 Ρ.
1403 1854 1544 1939 Rupilius
1565 1858 1599 1922 P.

117 1936 127 1974 ·’
169 1973 173 1985 =
237 1965 262 2008 aa
275 1950 306 2012 F.
328 1949 490 2020 Menenia,
513 1945 566 2036 qui
590 1956 637 2010 est
658 1949 805 2030 magister
827 1944 859 2010 in
882 1965 919 2010 ea
944 1944 1103 2010 societate.
1146 1948 1176 2009 3.
1200 1948 1288 2023 Quae
1309 1965 1380 2011 cnm
1402 1945 1444 2011 ita
1465 1939 1544 2022 sint,
1565 1947 1599 2014 in

274 2039 426 2105 maiorem
448 2037 577 2104 modum
599 2060 617 2103 a
640 2049 670 2104 te
692 2050 784 2126 peto,
822 2041 878 2104 Cn.
899 2037 1052 2124 Pupium,
1081 2037 1135 2123 qui
1158 2037 1258 2103 estin
1279 2038 1386 2124 operis
1408 2039 1477 2106 eius
1499 2042 1598 2106 socie-

275 2132 359 2206 tatis,
382 2131 529 2198 omnibns
546 2132 607 2198 tuis
622 2132 732 2198 officiis
755 2143 847 2219 atque
862 2133 947 2197 omni
963 2129 1146 2197 liberalitate
1160 2139 1268 2196 tueare
1282 2151 1451 2218 curesque,
1474 2143 1509 2200 ut
1530 2139 1599 2201 eius

186 2285 194 2298 ‚
273 2246 407 2312 operae,
430 2224 516 2312 quod
540 2224 595 2290 tibi
618 2227 706 2292 lacile
728 2225 811 2292 lactu
833 2235 899 2300 est,
922 2246 1016 2312 quam
1038 2224 1232 2309 gratissimae
1251 2225 1311 2290 sint
1332 2227 1444 2303 sociis,
1466 2249 1599 2314 remque

273 2328 305 2382 et
325 2318 490 2382 utilitatem
514 2323 673 2383 sociorum
696 2353 735 2366 -
758 2319 846 2384 cuius
867 2319 915 2383 rei
936 2327 1083 2405 quantam
1103 2327 1288 2403 potestatem
1310 2329 1458 2406 quaestor
1473 2320 1597 2396 babeat,

234 2431 337 2475 sitnon
369 2432 438 2475 sum
465 2412 591 2495 ignarus
621 2447 661 2458 —
697 2432 754 2498 per
788 2421 817 2476 te
842 2433 935 2498 quam
975 2411 1110 2488 maxime
1133 2410 1293 2478 defensam
1314 2421 1345 2478 et
1365 2426 1487 2480 auctam
1511 2415 1597 2481 velis.

275 2503 309 2569 ld
331 2525 402 2569 cum
424 2504 501 2569 mibi
522 2503 733 2591 gratissimum
756 2505 889 2581 leceris,
927 2515 990 2571 tum
1021 2503 1097 2569 illud
1128 2503 1185 2570 tibi
1223 2515 1371 2592 expertus
1399 2506 1549 2593 promitto
1567 2516 1599 2572 et

276 2597 437 2683 spondeo,
474 2608 505 2663 te
541 2598 645 2663 socios
673 2598 853 2690 Bitbyniae,
891 2598 917 2665 si
949 2597 987 2664 iis
1008 2597 1234 2677 commodaris,
1269 2621 1426 2667 memores
1460 2621 1529 2667 esse
1565 2611 1598 2667 et

275 2697 381 2776 gratos
405 2691 615 2778 cogniturum.

751 2837 789 2900 a.
840 2832 889 2919 (s.
915 2837 947 2900 u
970 2837 1002 2901 c.
1024 2831 1110 2920 ros.)

158 3037 170 3064 f
233 2965 263 3010 a
758 2958 900 3025 cranao
922 2957 1052 3022 nanno
1075 2959 1107 3022 a.

357 3069 385 3133 1.
408 3069 487 3133 Cum
508 3066 546 3132 ad
569 3077 599 3133 te
626 3077 697 3135 tuus
719 3078 884 3156 quaestor,
921 3074 961 3135 bl.
984 3074 1101 3143 Varro,
1131 3066 1402 3155 proficisceretur,
1438 3091 1597 3137 commen-

271 3156 397 3225 datione
425 3181 519 3246 egere
548 3183 620 3228 eum
648 3183 711 3228 non
742 3163 899 3250 putabam.
957 3163 1038 3228 Satis
1067 3162 1150 3227 enim
1172 3162 1420 3230 commendatum
1443 3162 1499 3230 tibi
1522 3186 1594 3232 eum

270 3251 447 3319 arbitrabar
479 3254 518 3320 ab
551 3256 620 3342 ipso
648 3279 738 3323 more
766 3258 940 3331 maiorum,
979 3256 1048 3343 qui,
1082 3265 1118 3323 ut
1139 3264 1170 3321 te
1193 3276 1257 3320 non
1278 3255 1376 3342 fugit,
1399 3257 1479 3323 banc
1500 3280 1596 3345 quae·

270 3355 375 3412 sturae
405 3349 657 3415 coniunctionem
692 3350 868 3417 liberorum
905 3347 1127 3415 necessitudini
1167 3348 1345 3435 proximam
1380 3352 1480 3418 voluit
1515 3373 1594 3424 esse.

231 3439 332 3506 cased
354 3461 425 3506 cum
447 3439 507 3506 sibi
528 3441 571 3507 ita
593 3444 798 3528 persuasisset
829 3445 898 3531 ipse
930 3463 1015 3508 meas
1036 3442 1076 3508 de
1098 3463 1131 3508 se
1158 3453 1302 3509 accurate
1323 3443 1454 3530 scriptas
1475 3445 1594 3512 litteras

271 3533 441 3599 maximum
461 3534 544 3620 apud
566 3543 596 3600 te
618 3536 742 3622 pondus
764 3537 922 3604 habituras
944 3557 962 3601 a
983 3556 1096 3623 meque
1112 3537 1330 3613 contenderet,
1352 3548 1502 3626 utquam
1523 3539 1595 3606 dili·

270 3628 450 3714 gentissime
471 3629 664 3707 scriberem,
701 3631 796 3697 malui
818 3631 942 3706 lacere,
965 3630 1051 3718 quod
1075 3651 1163 3696 meus
1183 3629 1346 3698 familiaris
1365 3635 1441 3700 tanti
1467 3657 1523 3702 sua
1547 3635 1596 3700 in·

270 3730 388 3786 teresse
420 3720 638 3791 arbitraretur.
688 3728 719 3790 2.
741 3728 778 3791 Ut
799 3725 895 3811 igitur
916 3723 1032 3790 debere
1058 3745 1107 3789 me
1129 3724 1232 3790 facere
1255 3723 1315 3790 hoc
1329 3726 1498 3814 intelligas,
1521 3749 1592 3794 cum

269 3815 407 3901 primum
430 3821 472 3882 M.
501 3818 665 3884 Terentius
684 3819 716 3884 in
740 3817 845 3884 lorum
876 3823 979 3894 venit,
1016 3815 1056 3884 ad
1077 3817 1244 3883 amicitiam
1269 3839 1303 3884 se
1325 3841 1428 3887 meam
1452 3821 1591 3888 contulit.

230 3909 406 3985 salleinde,
439 3918 475 3976 ut
506 3931 540 3975 se
568 3911 802 3988 corroboravit,
835 3911 915 3978 duae
941 3932 1053 3977 causae
1074 3921 1296 3989 accesserunt,
1333 3935 1415 4001 quae
1436 3935 1537 3980 meam
1559 3915 1592 3982 in

270 4003 358 4069 illum
375 4002 624 4070 benevolentiam
647 4015 814 4092 angerent:
851 4027 929 4080 una,
959 4005 1045 4092 qnod
1066 4004 1251 4072 versabatur
1271 4010 1304 4071 in
1327 4007 1387 4074 boc
1406 4007 1510 4073 studio
1536 4030 1593 4074 no-

268 4105 352 4171 stro,
374 4119 438 4186 quo
454 4097 630 4164 etiamnunc
645 4099 781 4166 maxime
802 4099 1013 4175 delectamur,
1037 4107 1068 4165 et
1092 4119 1163 4164 cum
1189 4099 1332 4185 ingenio,
1355 4109 1390 4164 ut
1414 4102 1512 4176 nosti,
1534 4123 1591 4167 nec

268 4191 337 4257 sine
360 4191 526 4270 industria;
549 4193 676 4268 deinde,
709 4193 795 4280 qnod
816 4203 938 4259 mature
961 4213 995 4258 se
1017 4193 1147 4259 contulit
1170 4194 1203 4258 in
1224 4193 1388 4260 societates
1410 4195 1591 4281 publicano-

269 4305 357 4361 rum,
390 4285 478 4374 quod
513 4288 640 4374 quidem
669 4289 800 4366 nollem;
827 4288 972 4355 maximis
999 4287 1083 4356 enim
1109 4287 1229 4354 damnis
1262 4288 1392 4355 allectus
1414 4302 1471 4356 est
1528 4291 1590 4356 Sed

229 4387 371 4444 *tumen
399 4401 493 4446 causa
521 4383 696 4449 communis
728 4383 847 4450 ordinis
879 4383 956 4449 mibi
990 4381 1285 4448 commendatissimi
1318 4382 1393 4448 lecit
1423 4383 1590 4448 amicitiam

270 4483 411 4539 nostram
438 4473 621 4542 firmiorem.
674 4477 795 4543 Deinde
820 4488 963 4544 versatus
995 4481 1028 4542 in
1055 4477 1198 4564 utrisque
1230 4476 1387 4543 subselliis
1419 4475 1537 4564 optima
1559 4487 1591 4542 et

269 4564 332 4631 fide
353 4577 386 4632 et
411 4566 492 4634 lama
524 4569 586 4635 iam
620 4579 691 4636 ante
719 4569 798 4636 banc
825 4561 1100 4638 commutationem
1123 4569 1333 4657 reipublicae
1358 4569 1501 4656 petitioni
1522 4591 1590 4636 sese

268 4658 354 4726 dedit
367 4658 584 4750 honoremque
605 4662 858 4732 honestissimum
878 4665 1066 4732 existimavit
1083 4663 1220 4731 lructum
1239 4663 1357 4731 laboris
1377 4663 1436 4730 sui.
1479 4668 1510 4730 3.
1531 4662 1590 4729 Ilia

335 4878 363 4930 b.
379 4891 455 4941 poue
472 4879 510 4931 at.
532 4903 562 4917 -
599 4881 626 4932 c.
645 4882 673 4934 bt
690 4881 727 4935 m.
746 4909 779 4920 -
815 4885 843 4936 9.
861 4884 1022 4948 semperne
1042 4881 1174 4948 (mutum)
1192 4897 1291 4948 semper
1308 4882 1386 4935 E.-
1424 4883 1467 4934 11.
1487 4883 1589 4940 mdiu,

263 4948 322 5010 tpso
339 4949 473 5000 bominum
491 4950 546 5002 Vas
565 4953 659 5004 ordina
675 4955 748 5018 tpso,
768 4955 901 5006 botrosum
919 4955 949 5005 ll.
969 4979 1003 4991 -
1039 4954 1083 5006 18.
1101 4956 1187 5020 {actua
1205 4961 1242 5006 sat
1260 4953 1298 5005 Μ.
1318 4977 1346 4991 ·-
1376 4955 1418 5004 22.
1439 4954 1479 5003 hta
1498 4954 1536 5004 11.
1557 4977 1589 4990 -

264 5017 500 5140 {tripqppqqqm
528 5021 567 5074 td.
599 5047 629 5061 -
671 5022 716 5075 10.
754 5027 841 5078 tomen
866 5025 1008 5078 communic
1032 5025 1080 5087 at,
1110 5032 1198 5077 tumea
1226 5025 1373 5077 communio
1399 5023 1533 5076 Victorius
1561 5023 1591 5076 tn
