3628 5876
669 386 742 450 LIB.
764 386 804 450 X.
846 388 904 450 ΕΡ.
925 388 956 451 l.
979 376 1008 449 5.
1030 385 1060 450 e.
1453 379 1521 450 '1⁶7

200 537 379 604 accedebat
437 544 545 626 ltaque
572 549 692 608 tenen
719 542 831 609 hortor
851 542 972 618 solum,
1008 541 1053 606 mi
1074 543 1205 615 Plance,
1238 540 1293 606 sed
1314 541 1404 627 plane
1426 543 1520 610 etiarn

200 653 281 707 cro,
314 633 400 720 quod
421 633 481 698 leci
510 633 548 698 iis
570 634 698 711 litteris,
735 635 849 724 quibus
871 644 904 701 ln
926 635 1147 701 humanissime
1171 635 1378 722 respondisti,
1401 645 1435 701 ul
1457 645 1519 702 tota

201 736 308 792 mente
335 727 484 814 omnique
517 728 612 793 animi
640 730 759 816 impetu
789 730 821 795 iu
849 751 917 794 rem
951 728 1108 815 publicam
1134 727 1304 794 incumbas.
1357 730 1437 796 Nlbil
1459 739 1520 806 est,

201 819 288 907 quod
311 819 367 886 tibi
389 822 501 887 maiori
522 821 638 889 fructui
660 823 840 911 gloriaeque
861 845 929 890 esse
950 823 1063 910 possin
1087 843 1144 886 nec
1166 822 1336 910 quidquam
1359 843 1399 886 ex
1421 821 1521 890 omni-

201 913 261 978 bus
282 914 379 980 rebus
400 915 544 982 humanis
565 925 612 981 est
640 918 830 1004 praeclarius
847 926 912 983 aut
932 918 1138 1004 praestantius
1162 939 1255 1003 quam
1278 915 1317 981 de
1338 935 1374 978 re
1395 915 1544 1001 publicas

202 1007 281 1074 bene
303 1009 430 1074 mereri.
473 1013 503 1074 3.
526 1009 633 1076 Adbuc
654 1011 737 1076 enim
753 1009 923 1102 {patitur
945 1019 997 1076 lua
1019 1031 1137 1075 summa
1153 1009 1326 1074 humanitas
1348 1016 1380 1072 et
1400 1009 1521 1095 sapien·
1594 1021 1671 1104 „sak

202 1097 338 1198 tia)me,
372 1103 457 1190 quod
479 1105 626 1180 sentiam,
663 1103 761 1170 libere
783 1104 887 1171 dicere
909 1142 949 1154 -
971 1105 1095 1170 lortuna
1124 1103 1312 1188 suffragante
1333 1101 1448 1168 videris
1469 1126 1520 1170 res

202 1196 355 1262 maximas
376 1207 577 1273 consecutus:
600 1197 685 1285 quod
705 1220 894 1286 quamquam
915 1199 982 1264 sine
1004 1197 1118 1263 virlute
1139 1219 1203 1261 non
1226 1202 1395 1282 potuisses,
1419 1209 1520 1264 tamen

200 1311 240 1354 cx
264 1290 400 1355 maxima
422 1300 511 1376 parte
532 1313 584 1366 ea,
608 1313 688 1378 quae
710 1313 743 1356 es
765 1291 910 1378 adeptus,
933 1291 1076 1357 fortunae
1097 1290 1353 1377 temporibusque
1377 1291 1521 1359 tribuun-

200 1395 268 1450 tur:
292 1384 341 1450 bis
363 1385 559 1471 temporibus
580 1385 769 1452 difficillimis
791 1386 839 1451 rei
860 1385 1002 1472 publicae
1017 1385 1167 1473 quidquid
1183 1383 1382 1459 subveneris,
1406 1386 1438 1450 id
1459 1387 1520 1452 erit
1533 1409 1558 1445 n

200 1485 301 1543 tolum
336 1489 368 1543 el
399 1481 562 1566 proprium
596 1489 693 1545 tuum.
746 1479 932 1544 Incredibile
965 1489 1012 1545 est
1033 1479 1172 1544 omnium
1194 1479 1324 1552 civium,
1347 1479 1520 1547 latronibus

199 1571 356 1656 exeeptis,
387 1572 495 1639 odium
524 1575 555 1639 in
588 1574 774 1651 Antonium3
810 1595 921 1658 magna
953 1595 1024 1660 spes
1058 1573 1089 1637 iu
1116 1582 1146 1637 lc
1176 1583 1208 1637 et
1229 1573 1261 1637 in
1283 1583 1338 1638 luo
1361 1573 1519 1648 exercitu,

201 1683 313 1748 magna
342 1668 544 1752 exspectatio.
602 1668 714 1741 Cuius,
751 1689 810 1754 per
830 1666 920 1733 dcesl
957 1667 1074 1752 gratiae
1095 1666 1277 1754 gloriaeque
1299 1688 1374 1731 cave
1397 1675 1520 1752 tempus

200 1757 332 1823 amittas.
383 1761 434 1824 Sic
455 1783 586 1834 moneo,
623 1760 793 1836 millium:
827 1761 872 1826 sie
892 1760 999 1836 laveo,
1027 1771 1061 1828 ut
1083 1760 1179 1837 mibi;
1213 1760 1257 1824 sic
1279 1757 1410 1834 bortor,
1433 1771 1468 1827 ut
1489 1769 1520 1826 el

200 1871 260 1937 pro
282 1853 382 1938 patria
405 1862 437 1919 et
457 1854 691 1920 amicissimum.
1532 1873 1557 1911 ¹³

687 2082 733 2144 n.
763 2077 812 2162 (a,
837 2081 870 2144 c.
893 2081 924 2144 c.
947 2075 1032 2162 ⁷11.)

695 2221 837 2287 CICERO
860 2220 1023 2285 PLANCO.

289 2341 316 2402 l.
340 2340 428 2414 Quae
449 2338 571 2404 loeutus
593 2350 640 2406 est
661 2340 795 2406 Furnius
816 2349 923 2406 noster
944 2339 984 2405 de
1005 2339 1110 2406 animo
1132 2347 1186 2405 luo
1208 2339 1239 2404 in
1263 2361 1330 2406 rem
1352 2339 1518 2428 publicam,

199 2453 236 2497 ea
269 2433 445 2516 gratissima
474 2432 600 2498 luerunt
631 2434 751 2500 senatui
783 2434 963 2521 populoque
995 2440 1135 2500 llomano
1169 2433 1404 2519 probatissima;
1438 2455 1535 2520 quae

199 2535 304 2591 aulem
327 2526 473 2590 recitatae
494 2526 618 2593 litterae
637 2540 708 2595 sunl
736 2527 768 2592 in
782 2539 906 2602 senatu,
929 2548 1124 2614 nequaquam
1141 2529 1317 2594 consentire
1331 2549 1402 2594 cum
1412 2528 1556 2595 Furniiu

199 2619 344 2684 oratione
366 2625 450 2684 visae
472 2631 552 2687 sunl.
594 2621 681 2686 Pacis
703 2631 786 2687 enim
807 2631 1027 2695 auctorem,
1049 2642 1121 2687 cum
1142 2622 1261 2706 collega
1282 2632 1367 2696 tuus,
1390 2623 1439 2686 vir
1459 2625 1520 2688 cla·
1619 2627 1644 2715 ζ

198 2713 362 2788 sissimus,
390 2735 409 2778 a
430 2714 618 2781 foedissimis
639 2713 812 2782 latronibus
834 2713 1047 2790 obsideretur;
1070 2714 1124 2800 qui
1145 2723 1198 2779 aul
1218 2715 1329 2800 positis
1350 2703 1447 2779 armss
1466 2737 1519 2800 pa·

199 2829 268 2872 cem
290 2816 398 2893 petere
420 2807 550 2880 debent,
573 2819 641 2884 aul,
677 2809 704 2874 si
726 2816 897 2895 pugnantes
919 2829 989 2872 eam
1010 2807 1183 2893 postulant,
1205 2807 1337 2873 victoria
1357 2830 1433 2896 pax,
1456 2829 1519 2874 non

200 2899 343 2988 pactione
371 2899 520 2987 parienda
548 2911 605 2968 est.
663 2903 725 2968 Sed
751 2901 790 2966 de
812 2922 887 2987 paee
908 2900 1029 2966 litterae
1057 2900 1106 2964 vel
1128 2900 1238 2986 Lepidi
1259 2901 1309 2966 vel
1332 2911 1402 2967 luae
1423 2924 1518 2989 quam

200 2994 233 3058 in
254 3002 375 3080 partem
397 3004 541 3081 acceptae
570 2996 647 3070 sint,
679 3016 719 3059 ex
741 2995 811 3059 viro
833 2995 968 3080 optimo,
1002 2993 1097 3076 fratre
1128 3001 1201 3066 tuo,
1232 3001 1326 3058 etex
1348 2999 1380 3061 C.
1402 2995 1556 3060 Furnius
1622 2994 1645 3088 ζ

199 3087 318 3173 poteris
340 3107 539 3173 cognoscere.
582 3094 613 3154 2.
635 3095 685 3154 lde
706 3097 811 3152 autem
827 3087 949 3173 impulit
963 3087 1008 3151 tui
1028 3087 1154 3160 caritas,
1176 3094 1227 3160 ut,
1250 3107 1439 3174 quamquam
1462 3109 1520 3152 nee

201 3180 257 3245 libi
284 3181 344 3268 ipsi
373 3183 537 3250 consilium
572 3184 696 3248 deesset
721 3191 752 3246 et
783 3181 891 3246 lralris
921 3180 1090 3266 Furniique
1118 3179 1335 3244 benevolentia
1358 3178 1519 3270 fidelisque

200 3275 365 3362 prudentia
388 3275 444 3340 libi
466 3287 591 3364 praesto
613 3287 694 3342 esset
722 3275 841 3348 futura,
875 3273 987 3339 vellem
1018 3283 1120 3340 tamen
1148 3295 1236 3338 meae
1265 3294 1391 3360 quoque
1413 3281 1520 3338 auclo-

200 3375 302 3443 ritalis
335 3397 395 3462 pro
436 3378 580 3464 plurimis
618 3378 733 3445 nostris
783 3376 1061 3443 necessitudinibus
1089 3385 1291 3462 praeceptum
1324 3374 1364 3440 ad
1398 3384 1427 3441 tc
1463 3376 1519 3441 ali·

200 3469 286 3555 quod
307 3472 485 3557 pervenire.
529 3472 629 3540 Crede
651 3474 746 3558 igitur
766 3469 860 3545 mibi,
886 3471 1006 3544 Plance,
1028 3490 1152 3542 omnes,
1174 3491 1255 3557 quos
1276 3470 1379 3536 adbuc
1403 3471 1557 3556 medusae

200 3563 358 3648 dignitatis
381 3577 565 3633 consecutus
586 3567 630 3632 sis
652 3603 690 3616 -
714 3587 748 3632 es
769 3575 873 3632 autem
895 3563 1024 3650 adeptus
1043 3563 1250 3650 amplissimos
1273 3595 1328 3636 -,
1351 3586 1405 3648 eps
1420 3565 1520 3632 bono-

201 3679 271 3722 rum
299 3660 451 3726 vocabula
480 3661 659 3736 habituros,
693 3682 755 3726 non
787 3659 946 3744 dignitatis
967 3657 1116 3744 insignia,
1150 3657 1210 3722 nisi
1232 3667 1262 3723 te
1284 3679 1354 3722 cum
1376 3658 1520 3724 libertate
1628 3679 1631 3686 ⁴

200 3750 309 3838 populi
345 3754 477 3819 Romani
506 3765 537 3820 et
568 3775 639 3820 cum
672 3763 796 3820 senalus
826 3752 1011 3819 anctoritate
1043 3750 1254 3817 coniunxeris.
1311 3752 1446 3838 Seiunge
1472 3765 1518 3828 te,

200 3865 335 3930 quaeso,
358 3846 525 3934 aliquando
547 3848 586 3914 ab
608 3847 663 3923 iis,
696 3869 767 3913 eum
789 3847 905 3934 quibus
928 3858 1043 3913 tenen
1066 3853 1153 3911 luum
1176 3844 1341 3913 iudicium.
1364 3843 1420 3910 sed
1441 3853 1520 3910 tem·

199 3959 315 4023 porum
337 3941 436 4006 vincla
457 3943 699 4008 coniunxerunt.
743 3945 773 4006 3.
796 3941 979 4028 Complures
994 3940 1026 4004 in
1047 3937 1285 4025 perturbatione
1306 3938 1354 4003 rei
1376 3938 1557 4024 publicaesa

200 4032 344 4099 consules
366 4033 453 4110 dicti,
484 4057 620 4124 quorum
642 4056 736 4100 nemo
757 4034 931 4100 consularis
954 4033 1097 4108 babitus,
1119 4031 1179 4098 nisi
1201 4031 1254 4117 qui
1276 4032 1380 4098 animo
1403 4035 1520 4100 exstitit

201 4124 233 4190 in
255 4147 324 4192 rem
351 4127 504 4213 publicam
534 4128 701 4194 consulari.
749 4129 854 4194 Talem
877 4126 973 4211 igitur
994 4135 1025 4192 te
1047 4147 1116 4190 esse
1137 4133 1279 4210 oportet,
1307 4126 1360 4213 qui
1380 4127 1519 4214 primum

200 4227 231 4282 te
262 4217 302 4282 ab
331 4219 500 4307 impiorum
536 4222 652 4288 civium
686 4221 731 4287 lui
754 4219 1033 4286 dissimillimorum
1056 4219 1203 4285 societate
1225 4219 1384 4304 seiungas;
1407 4221 1520 4287 deinde

200 4318 230 4375 te
263 4313 383 4378 senatui
417 4314 572 4403 bonisque
607 4314 751 4382 omnibus
787 4323 969 4388 auctorem,
998 4312 1188 4399 principem,
1217 4311 1328 4377 ducem
1350 4313 1519 4399 praebeas;

201 4415 377 4489 postremo,
406 4419 441 4476 ut
469 4430 577 4496 pacem
609 4430 677 4475 esse
709 4406 829 4475 iudices
858 4427 920 4472 non
942 4406 975 4470 in
996 4406 1091 4472 armis
1113 4405 1238 4493 posilis,
1266 4404 1374 4472 sedin
1397 4402 1557 4473 abieclom

200 4517 360 4570 armorum
383 4511 415 4568 el
435 4503 594 4570 servitutis
615 4512 710 4569 metu.
763 4506 848 4567 llaec
868 4500 895 4567 si
917 4509 949 4564 et
969 4520 1042 4585 ages
1064 4507 1096 4564 et
1116 4497 1247 4572 senties,
1284 4506 1350 4562 tum
1371 4498 1435 4564 eris
1456 4521 1519 4566 nou

271 4749 299 4800 2.
317 4751 351 4799 lla
379 4752 420 4803 ll:
448 4753 488 4801 bic
512 4749 571 4802 ME.
598 4777 627 4789 -
665 4749 692 4801 ³.
719 4763 776 4812 rep.
796 4747 833 4798 Μ.
866 4771 897 4782 -
941 4745 969 4797 ll.
995 4745 1041 4796 Sic
1058 4745 1230 4795 distinximus
1251 4749 1362 4794 auctore
1381 4745 1517 4798 Victoria:

200 4819 288 4873 Adbuc
314 4821 383 4870 eam
407 4824 512 4884 patitur
529 4847 539 4858 ·
557 4847 567 4858 ·
586 4823 679 4872 dicos.
724 4821 845 4871 Fortunio
871 4817 901 4866 ll.
931 4841 959 4853 -
1006 4817 1048 4868 ll.
1067 4816 1205 4878 proprium
1222 4815 1265 4864 bl:
1284 4815 1390 4877 propria
1408 4823 1518 4868 auclore

201 4891 333 4942 Lamblno
352 4891 382 4940 ll.
404 4915 433 4928 -
470 4891 735 4957 campaneola
752 4890 834 4939 anne
851 4887 888 4936 Μ.
908 4911 941 4920 -
976 4887 1019 4936 ao.
1039 4887 1123 4942 mibi,
1142 4887 1179 4934 ml
1198 4885 1294 4934 Plance
1313 4883 1516 4938 canelaus.-

200 4963 244 5013 3‘2.
264 4967 345 5011 lecara
363 4959 507 5013 ubertatem
525 4961 562 5012 Μ.
590 4985 620 4999 -
656 4961 700 5012 dl.
720 4957 764 5022 lla]
782 4958 821 5007 bia
839 4957 877 5008 Μ.
903 4981 935 4992 -
972 4957 1016 5008 37.
1035 4955 1246 5007 concausam
1265 4955 1349 5006 Codd.
1368 4955 1435 5022 aliq.
1454 4957 1517 5012 Cra·

202 5032 310 5084 lauder:
328 5031 473 5083 casuacio
489 5031 549 5084 ΜΕ.
568 5058 601 5068 -
638 5031 682 5084 89.
701 5038 727 5082 te
744 5028 896 5082 Manutius:
916 5033 941 5077 cl
959 5024 1020 5078 ΜΕ.
