3656 5868
727 427 801 492 ΜΒ.
823 429 875 492 Vl.
917 429 976 492 ΕΡ.
997 429 1028 492 d.
1494 435 1534 500 at

214 581 324 647 levare
345 577 493 654 debeam,
528 579 631 646 fateor
657 601 709 648 me
740 583 952 650 communium
978 583 1133 650 malorum
1154 587 1399 656 consolationem
1420 589 1538 658 nullam

213 675 360 740 invenire
380 682 505 759 praeter
528 675 627 748 illam,
665 697 745 763 quae
767 687 887 750 tamen,
922 677 949 744 si
971 678 1072 764 possis
1099 700 1166 744 eam
1195 682 1372 768 suscipere,
1401 684 1538 750 maxima

216 780 264 834 est
285 791 410 856 quaque
432 789 492 853 ego
515 768 655 855 quotidie
684 770 782 855 magis
801 780 889 838 utor:
912 771 1132 836 conscientiam
1155 782 1260 839 rectae
1285 776 1450 842 voluntatis
1472 800 1539 843 ma·

214 862 336 926 ximnm
351 861 596 927 consolationem
614 882 683 927 esse
702 884 809 929 rerum
827 864 1097 930 incommodarum
1117 887 1175 930 nec
1189 887 1259 932 esse
1277 869 1376 934 ullum
1391 891 1538 954 magnum

215 956 333 1020 malurn
345 963 471 1039 praeter
488 954 621 1040 crrlparn.
664 961 766 1042 Aqua
780 957 929 1045 quoniam
943 967 1060 1023 tuntum
1076 957 1238 1032 absumus,
1261 971 1297 1025 ut
1315 963 1409 1027 etiam
1419 965 1562 1051 optimes

215 1047 423 1123 senserimus,
436 1037 649 1134 (eventusque
671 1052 768 1136 magis
800 1051 900 1117 nostri
923 1051 1045 1116 consilii
1066 1072 1160 1137 quam
1181 1053 1346 1119 eonsilium
1368 1056 1538 1142 repreben-

215 1143 328 1244 datur),
352 1153 383 1209 et
405 1144 552 1230 quoniam
572 1145 797 1230 praestitimus,
819 1145 903 1232 quod
918 1144 1097 1217 debuimus,
1120 1145 1297 1220 moderate,
1321 1149 1406 1234 quod
1421 1151 1535 1224 evenit,
1610 1145 1692 1222 sala

218 1237 368 1302 ieramus.
412 1236 474 1301 Sed
492 1237 552 1302 boc
570 1238 647 1303 mibi
668 1247 853 1305 tamennon
873 1260 984 1312 sumo,
1021 1248 1056 1305 ut
1079 1249 1109 1305 te
1138 1242 1284 1308 consoler
1304 1241 1344 1307 de
1365 1242 1539 1307 communi·

215 1331 276 1397 bus
301 1331 451 1404 miseriis,
474 1351 555 1418 quae
573 1332 613 1397 ad
631 1332 854 1398 consolandum
877 1333 1004 1398 maioris
1022 1333 1139 1418 ingenii
1162 1342 1193 1399 et
1217 1335 1256 1400 ad
1277 1335 1442 1400 terendum
1472 1336 1537 1400 siu·

215 1424 334 1510 gularis
352 1424 476 1490 virtutis
499 1424 646 1510 indigent.
689 1427 767 1491 Illud
790 1426 888 1492 cuivis
907 1426 996 1491 lacile
1011 1437 1058 1492 est
1079 1427 1214 1502 dooere,
1237 1451 1294 1494 cur
1313 1429 1481 1516 praecipue
1501 1437 1536 1494 tu
1550 1450 1577 1490 ro

215 1519 325 1583 dolere
345 1518 420 1583 nibil
447 1517 571 1584 debeas.
625 1519 700 1585 Eius
726 1520 822 1594 euim,
854 1519 909 1606 qui
929 1519 1049 1584 tardior
1069 1521 1101 1585 in
1124 1531 1154 1586 te
1174 1522 1308 1587 levando
1340 1522 1412 1596 fuit,
1443 1543 1536 1609 quam

215 1611 286 1676 lore
313 1621 510 1699 puturamus,
544 1622 677 1680 nonest
701 1614 778 1679 mibi
806 1612 900 1679 dubia
931 1613 970 1678 de
996 1624 1048 1679 tua
1070 1615 1169 1680 salute
1200 1615 1369 1693 senteutia;
1406 1615 1445 1680 de
1476 1615 1537 1680 illis

215 1716 319 1771 autern
345 1727 408 1771 non
428 1706 566 1774 arbitror
587 1715 617 1772 te
642 1716 826 1794 exspectare
847 1706 923 1794 quid
942 1709 1082 1773 seutiam.
1126 1713 1156 1774 3.
1178 1707 1344 1795 Reliquum
1367 1717 1429 1781 est,
1453 1719 1487 1774 ut
1507 1718 1538 1774 te

215 1809 323 1882 angat,
346 1800 432 1886 quod
449 1800 533 1865 absis
555 1822 572 1865 a
594 1801 654 1867 tuis
673 1801 801 1866 tamdiu.
843 1808 904 1868 Res
926 1801 1072 1874 molesta,
1095 1802 1279 1887 praesertim
1298 1801 1337 1867 ab
1358 1803 1396 1866 iis
1419 1803 1536 1887 pueris,

216 1893 330 1980 quibus
352 1894 429 1958 nibil
450 1903 639 1979 potestesse
660 1895 811 1960 festivius.
864 1893 940 1967 Sed,
970 1903 1006 1960 ut
1031 1895 1070 1960 ad
1093 1905 1123 1961 te
1143 1895 1254 1982 scripsi
1273 1904 1378 1969 autea,
1413 1906 1536 1982 tempus
1549 1917 1575 1957 u

215 1995 263 2052 est
283 1987 479 2061 huiusmodi,
501 1998 538 2054 ut
558 2010 645 2055 suam
667 1989 800 2076 quisque
818 1987 1032 2053 condicionem
1053 1989 1263 2055 miserrimam
1284 1998 1386 2074 putet,
1410 1999 1456 2065 et,
1478 1987 1535 2054 ubi

216 2081 350 2168 quisque
369 2080 425 2156 sit,
453 2080 499 2147 ibi
518 2103 587 2147 esse
606 2083 734 2147 minime
757 2081 841 2147 velit.
884 2082 1053 2168 Equidem,
1083 2103 1142 2148 uos
1161 2084 1247 2170 quod
1270 2091 1388 2150 Romae
1412 2103 1535 2158 sumus,

215 2174 428 2239 miserrimum
452 2197 521 2241 esse
542 2174 640 2249 duco,
669 2198 732 2242 non
755 2176 857 2240 solum
878 2174 965 2262 quod
981 2176 1014 2240 in
1034 2175 1124 2240 malis
1145 2176 1292 2242 omuibus
1319 2174 1462 2241 acerbius
1489 2185 1537 2242 est

215 2269 323 2333 videre
345 2289 438 2356 wem
461 2270 589 2345 audire,
613 2269 780 2335 sedetiam
800 2269 885 2355 quod
910 2268 949 2333 ad
969 2289 1078 2334 omnes
1100 2290 1190 2335 casus
1216 2269 1393 2335 subitorum
1412 2269 1538 2357 pericu·

215 2360 319 2426 lorrun
341 2361 442 2447 magis
462 2361 579 2428 obiecti
600 2384 722 2436 sumus,
745 2362 885 2448 quamsi
909 2361 1102 2441 abessemus;
1126 2361 1257 2447 etsilrne
1279 2360 1574 2457 ipsum‚)c0uso·¹o

216 2453 348 2519 latorem
368 2429 561 2540 tuum,(u0u
581 2465 702 2522 tantum
723 2441 863 2530 litterae)
883 2455 997 2542 quibus
1012 2477 1137 2543 semper
1161 2457 1266 2523 studui
1274 2459 1454 2556 (quamum
1468 2457 1537 2522 lon-
1569 2431 1670 2591 nl(

216 2541 371 2635 ginffuitas
392 2550 544 2636 temporis
569 2529 750 2648 mitigavit.)
784 2554 814 2615 t.
838 2553 962 2628 Quanto
985 2550 1099 2617 luerim
1121 2551 1248 2624 dolore,
1272 2550 1450 2616 meministi.
1500 2553 1536 2615 lu

217 2662 280 2727 quo
300 2643 403 2728 prima
424 2644 476 2708 illa
498 2645 670 2709 consolatio
693 2651 756 2717 est,
778 2643 894 2709 vidisse
909 2666 958 2710 me
980 2645 1160 2732 plusquam
1175 2655 1316 2718 ceteros,
1339 2665 1409 2709 cum
1430 2643 1535 2729 cupie-

216 2735 288 2800 bam
305 2737 447 2824 quamvis
462 2737 569 2825 iniqua
587 2737 772 2803 condicione
788 2758 906 2824 pacem.
951 2739 1044 2816 Quod
1066 2740 1124 2804 etsi
1148 2761 1236 2814 casu,
1262 2759 1326 2804 uon
1344 2736 1536 2802 divinatione

215 2829 411 2896 mealactum
438 2839 498 2906 est,
522 2841 624 2898 tamen
645 2831 677 2896 in
699 2831 756 2896 bac
777 2832 861 2897 inaui
882 2833 1068 2920 prudentiae
1096 2833 1188 2900 laude
1212 2833 1361 2898 delector.
1403 2829 1535 2904 Deinde,
1545 2849 1575 2888 aa

216 2924 301 3010 quod
323 2923 398 2988 mibi
415 2924 455 2989 ad
479 2925 723 2991 consolationem
753 2945 918 2991 commune
940 2934 1042 2992 tecum
1063 2935 1127 3000 est,
1151 2927 1177 2992 si
1203 2927 1267 2991 iam
1292 2943 1389 2990 vocer
1410 2922 1449 2987 ad
1470 2921 1538 2986 exi·

216 3029 282 3083 turn
305 3018 407 3091 vitue,
444 3040 508 3084 nou
528 3018 567 3084 ab
592 3041 629 3084 ea
649 3041 685 3084 re
707 3018 832 3105 publica
855 3019 988 3093 avellar,
1024 3041 1085 3107 qua
1108 3019 1276 3085 carendum
1300 3038 1368 3082 esse
1395 3015 1535 3088 doleam,

216 3112 400 3198 praesertim
432 3133 503 3176 cum
537 3113 570 3178 id
600 3114 667 3178 sine
690 3113 755 3178 ullo
786 3133 879 3177 sensu
908 3111 1049 3177 futurum
1076 3113 1125 3178 sit.
1162 3096 1311 3200 (Adiuvat
1334 3111 1427 3176 etiam
1452 3117 1536 3174 aetas
1614 3107 1686 3186 O*

216 3214 247 3269 et
277 3213 344 3269 acta
371 3205 433 3270 iam
457 3199 549 3297 vita)
568 3227 648 3294 quae
671 3226 743 3271 cum
771 3227 864 3270 cursu
892 3227 950 3271 suo
974 3205 1056 3271 bene
1078 3205 1221 3272 conlecto
1241 3204 1432 3280 delectatur,
1469 3212 1536 3268 tum

216 3307 299 3362 vetat
329 3299 360 3362 iu
389 3319 428 3364 eo
456 3300 520 3365 vim
549 3301 683 3373 timere,
720 3319 783 3386 quo
812 3319 869 3364 uos
897 3297 960 3363 iam
986 3307 1097 3370 natura
1130 3300 1198 3386 ipsa
1218 3319 1318 3385 paene
1339 3295 1574 3384 perduxeritw

207 3365 426 3464 d'ostremois
455 3393 505 3458 vir
526 3395 577 3460 vel
605 3395 698 3458 etiarn
719 3393 743 3458 ii
774 3391 835 3458 viri
859 3393 919 3457 boc
948 3393 1031 3459 bebo
1054 3393 1258 3486 occidegunt)
1286 3402 1320 3456 ut
1341 3389 1535 3477 impudentia
1593 3394 1666 3470 sq*-

214 3485 359 3551 videatur
380 3487 510 3552 eandem
531 3488 707 3562 fortunam,
730 3487 756 3552 si
777 3507 828 3551 res
844 3494 953 3570 cogat,
976 3507 1133 3552 recusare.
1155 3486 1307 3573 Equidem
1332 3485 1408 3550 mibi
1430 3483 1536 3549 omnia

214 3599 376 3666 propono,
408 3601 467 3645 nec
494 3581 594 3647 ullum
627 3590 674 3645 est
698 3588 816 3644 tautum
843 3579 979 3655 malurn,
1013 3581 1097 3667 quod
1120 3601 1182 3645 non
1210 3588 1317 3665 putem
1342 3577 1536 3663 impendere.

216 3672 277 3736 Sed
305 3693 377 3738 cum
404 3673 474 3758 plus
506 3674 538 3738 in
565 3673 734 3738 metuendo
766 3671 838 3737 mali
861 3673 901 3738 sit
929 3695 1023 3793 puam
1046 3674 1079 3739 in
1101 3674 1171 3760 ipso
1193 3673 1268 3748 illo,
1285 3673 1370 3760 quod
1393 3671 1534 3743 timetun

215 3765 342 3841 desino,
369 3767 556 3853 praesertim
578 3788 650 3831 cum
671 3766 704 3831 id
722 3764 977 3851 impendeat,rin
1000 3789 1063 3855 quo
1093 3789 1156 3833 non
1179 3766 1274 3833 modo
1296 3766 1388 3831 dolor
1414 3764 1574 3838 nullus,³³

214 3881 324 3924 verum
346 3858 416 3925 finis
437 3860 531 3926 etiam
563 3861 682 3927 doloris
704 3859 827 3939 futurus
857 3849 915 3946 sit)
965 3861 1025 3926 Sed
1049 3861 1124 3925 baec
1145 3861 1219 3926 satis
1241 3855 1351 3932 multa,
1374 3858 1424 3923 vel
1445 3857 1537 3943 plura
1604 3849 1715 3920 *ml-²

216 3954 332 4038 potius,
355 3976 449 4040 quam
471 3976 599 4020 necesse
620 3954 695 4034 luit3
719 3953 793 4018 lacit
813 3962 917 4020 autem
939 3976 1001 4019 uon
1018 3955 1187 4040 loquacitas
1209 3975 1298 4028 mea,
1322 3950 1377 4017 sed
1399 3951 1537 4016 benero-

215 4046 307 4111 lentia
328 4047 488 4133 longiores
511 4049 667 4143 epistolas.
725 4053 754 4112 5.
787 4049 929 4113 Servium
952 4049 1132 4114 discessisse
1154 4048 1281 4112 Athenis
1303 4046 1434 4110 moleste
1455 4043 1535 4114 tulis

216 4161 276 4204 nou
298 4141 381 4206 euim
403 4141 529 4216 dubito,
544 4141 631 4231 {quin
653 4162 783 4227 maguae
804 4140 860 4206 tibi
882 4141 1027 4208 levationi
1050 4141 1160 4208 solitus
1182 4141 1221 4210 sit
1242 4162 1311 4206 esse
1333 4139 1534 4227 quotidianus
1591 4151 1687 4220 »1252

215 4253 399 4318 congressus
421 4245 453 4300 et
473 4237 670 4319 sermolcum
691 4235 924 4300 familiarissimi
945 4235 1096 4308 bominis,
1128 4245 1195 4300 turn
1216 4234 1326 4319 optimi
1347 4243 1379 4298 ot
1399 4232 1573 4319 prudens

216 4327 326 4392 tissimi
347 4329 418 4394 viri.
462 4336 509 4395 Tu
531 4329 626 4394 velim
648 4337 692 4405 te,
714 4338 749 4395 ut
771 4327 866 4394 debes
888 4339 920 4393 et
940 4329 1042 4401 soles,
1066 4336 1118 4395 tua
1139 4329 1255 4394 virtute
1269 4336 1432 4405 sustentes.
1454 4330 1532 4410 Ego,

216 4443 294 4507 quae
316 4431 346 4487 te
367 4423 447 4489 velle
468 4445 611 4512 quaeque
633 4423 672 4488 ad
693 4433 723 4489 te
744 4432 775 4489 et
796 4422 833 4487 ad
856 4431 926 4488 tuos
948 4423 1106 4508 pertinere
1128 4421 1321 4498 arbitrabor,
1343 4419 1449 4487 omnia
1471 4430 1536 4484 stu·

284 4642 309 4691 t.
328 4642 450 4704 debebam
467 4644 498 4694 ll.
522 4668 551 4677 -
575 4645 591 4695 5
611 4650 637 4694 et
654 4643 680 4693 7.
700 4645 823 4708 quonium
841 4643 886 4694 ll:
907 4657 986 4706 quum
1004 4641 1035 4693 Ε.
1057 4666 1088 4677 -
1112 4641 1139 4692 8.
1159 4642 1200 4692 bn
1220 4647 1324 4690 tontum
1342 4633 1535 4705 (τοσοῦτονᾙ

215 4707 264 4759 Oa.
286 4736 316 4746 -
352 4713 395 4762 12.
414 4719 571 4776 poteramus
588 4714 754 4764 Lambinus:
773 4722 925 4776 putaremus
943 4707 1002 4762 ΜΕ.
1026 4735 1053 4746 -
1089 4713 1143 4762 tlta'a
1159 4712 1205 4762 M:
1225 4711 1286 4761 ota'ta
1304 4711 1335 4762 e.
1356 4735 1388 4746 -
1419 4709 1462 4758 1³.
1481 4709 1536 4758 sct-

214 4787 329 4840 rpectora
358 4783 396 4834 Μ.
429 4808 459 4818 -
497 4784 540 4833 aa.
569 4785 608 4832 tta
627 4784 664 4834 Μ.
702 4808 733 4821 -
769 4784 813 4835 13.
845 4783 969 4832 atrrrmodt
1003 4781 1162 4832 Cratander.
1195 4805 1226 4818 -
1264 4782 1308 4831 17.
1334 4781 1410 4830 cettan
1437 4779 1474 4829 Μ.
1504 4805 1531 4816 -

215 4849 258 4897 2¹2·
276 4853 415 4914 [manto
433 4854 521 4903 dolore
541 4853 696 4904 Lambinus.
732 4875 762 4888 -·
796 4853 840 4902 23.
859 4849 928 4914 plus]
955 4853 1030 4916 pasus
1058 4852 1096 4903 Μ.
1121 4875 1152 4886 -
1187 4852 1232 4901 25.
1252 4857 1341 4902 tameo
1358 4851 1407 4900 troc
1424 4850 1535 4900 Cratan-

215 4919 272 4968 der.
306 4946 337 4957 -
372 4923 417 4973 28.
436 4925 546 4973 micum
564 4925 619 4974 tom
636 4932 710 4974 octos
727 4924 765 4975 Μ.
793 4947 825 4959 -
859 4923 904 4973 31.
922 4923 951 4972 tu·
968 4923 1006 4972 Μ.
1026 4945 1058 4958 -·
1094 4922 1138 4974 35.
1157 4923 1186 4972 td
1203 4922 1352 4984 impendeat
1370 4921 1416 4972 lta
1435 4921 1535 4984 tarpan-

215 4988 327 5043 matu.
348 5017 379 5029 -
414 4993 460 5044 41.
480 5001 504 5044 ra
521 4995 564 5046 tt:
584 5001 633 5045 aare
653 4994 683 5046 u.
