3628 5876
105 2073 190 2182 l‘lll‘

338 399 397 460 161
760 399 1033 468 anteponuntur
1054 403 1106 466 AD
1128 403 1218 466 del.

878 733 1030 794 samma
1051 734 1104 796 X·

511 924 590 998 Al)
629 925 673 998 L.
721 923 1016 1002 PLANCUM
1054 926 1132 1002 ΕΤ
1174 925 1468 1006 CETEROS.

903 1115 1068 1126 ——--—

818 1243 1165 1324 amodum

821 1364 963 1430 crunno
985 1365 1149 1429 eunuco.

330 1500 358 1563 1.
401 1477 457 1564 Et
478 1493 543 1560 alui
564 1492 765 1580 proficiscens
786 1493 819 1559 iu
842 1493 1020 1569 Graeciam,
1052 1501 1083 1558 et
1104 1490 1305 1582 posteaquam
1327 1496 1367 1562 de
1388 1519 1460 1565 meo
1482 1522 1578 1567 cursu
1599 1502 1647 1568 rei

327 1599 470 1688 publicae
499 1620 568 1664 sum
596 1620 674 1664 voce
702 1607 883 1672 revocatus,
921 1619 1077 1683 uunquam
1100 1618 1159 1683 per
1179 1604 1220 1664 ld.
1241 1600 1410 1666 Antonium
1432 1604 1557 1688 quietus
1580 1606 1646 1684 tui;

303 1695 416 1764 scuius
438 1702 519 1759 unta
541 1700 604 1768 est,
627 1714 691 1758 nou
712 1693 929 1758 insolentia-
947 1713 1018 1757 nam
1040 1690 1073 1756 id
1094 1691 1222 1779 quidem
1244 1692 1373 1778 vulgare
1395 1695 1503 1763 vitium
1525 1711 1572 1766 est
1594 1735 1644 1771 ·-,

325 1788 382 1855 sed
406 1786 596 1861 immanitas,
627 1808 690 1852 non
719 1786 815 1853 m'odo
841 1797 875 1852 ut
904 1805 1031 1857 vocem,
1066 1785 1119 1850 sed
1153 1805 1193 1850 ue
1221 1786 1340 1853 vultum
1363 1788 1489 1875 quidem
1511 1791 1645 1858 liberum

324 1881 423 1969 possit
450 1881 534 1946 lerrc
564 1885 758 1968 cuiusquam.
809 1886 918 1967 ltaque
940 1878 1017 1944 mibi
1038 1879 1195 1944 maximae
1216 1901 1310 1945 curae
1332 1893 1393 1957 cst,
1431 1904 1494 1948 nou
1515 1886 1554 1951 de
1576 1907 1646 1952 mea

324 1975 451 2064 quidem
473 1975 552 2048 vita,
583 1975 634 2040 cui
656 1973 791 2040 satisfeci
813 1975 863 2039 vel
884 1982 984 2038 aetate
1007 1973 1057 2038 vel
1078 1972 1167 2038 lactis
1188 1973 1239 2038 vel
1262 2009 1301 2022 -
1324 1975 1447 2062 siquid
1469 1979 1562 2044 etiam
1586 1980 1647 2045 boc

323 2069 363 2134 ad
390 2090 458 2134 rem
486 2068 622 2154 pertinet
643 2103 684 2114 -
706 2067 821 2153 gloria;
844 2067 899 2132 scd
913 2059 985 2140 (me
1012 2066 1111 2152 patria
1144 2065 1290 2146 sollieilat
1322 2068 1562 2159 inprimisque,
1599 2073 1644 2138 mi

288 2163 450 2236 suPlanoe,
473 2161 666 2248 exspectatio
688 2161 866 2226 consulatus
888 2157 957 2254 tui)
977 2181 1057 2247 quae
1079 2159 1121 2224 ita
1143 2160 1235 2245 longa
1257 2171 1321 2236 cst,
1344 2173 1379 2228 ut
1399 2165 1569 2250 optandum
1593 2165 1643 2241 sit,

322 2267 358 2323 ut
388 2255 544 2343 possimus
574 2254 613 2319 ad
640 2255 673 2318 id
699 2264 822 2339 tempus
848 2259 895 2319 rei
917 2252 1058 2339 publicae
1080 2253 1224 2338 spiritum
1245 2253 1371 2321 ducere.
1430 2263 1520 2338 Quae
1541 2269 1644 2345 potest

324 2349 406 2415 cuim
430 2370 500 2434 spes
522 2369 590 2413 esse
611 2347 645 2413 in
675 2368 711 2412 ea
740 2368 775 2412 re
807 2346 945 2434 publica,
982 2347 1014 2410 iu
1036 2367 1097 2433 qua
1119 2346 1255 2412 hominis
1277 2348 1530 2435 impotentissimi
1551 2366 1646 2440 atque

323 2441 631 2528 intemperantissimi
663 2440 758 2505 armis
786 2461 936 2526 oppressa
965 2448 1036 2505 sunt
1065 2439 1193 2505 omnia?
1227 2437 1315 2516 elliu
1345 2465 1405 2530 qua
1433 2467 1490 2511 nec
1519 2456 1646 2512 senatus

200 2550 204 2558 ’
324 2558 381 2603 nec
409 2537 544 2623 populus
572 2535 637 2599 vim
666 2533 903 2636 babet)ullaml
932 2554 990 2598 uec
1022 2532 1107 2619 leges
1142 2533 1222 2598 ullae
1244 2543 1316 2600 sunt
1336 2559 1394 2602 nec
1415 2539 1550 2613 iudicia,
1587 2561 1645 2606 uec

151 2593 202 2636 l*
290 2631 452 2699 momnino
475 2629 675 2695 simulacrum
693 2627 820 2714 aliquod
842 2649 878 2692 ac
898 2626 1063 2712 vestigium
1078 2627 1233 2692 civitatis?
1276 2633 1306 2694 2.
1329 2630 1389 2696 Sed
1412 2633 1561 2720 quoniam
1577 2643 1643 2698 acta

324 2725 427 2791 onmia
448 2723 528 2789 mitti
549 2722 588 2788 ad
611 2732 640 2787 te
662 2719 852 2794 arbitrabar,
874 2720 950 2785 nibil
973 2730 1056 2794 erat,
1090 2720 1174 2806 quod
1197 2720 1326 2806 singulis
1348 2725 1504 2791 derebus
1526 2725 1644 2791 scribe-

322 2841 400 2885 rem.
443 2816 522 2883 lllud
543 2826 647 2882 aulem
668 2821 734 2881 eral
756 2815 872 2881 amoris
893 2815 971 2888 mei,
994 2836 1088 2901 quem
1110 2835 1127 2878 a
1150 2823 1201 2880 lua
1223 2816 1358 2902 puerilia
1380 2831 1557 2905 susceptum
1580 2841 1642 2885 nou

322 2912 445 2980 servavi
460 2912 577 2986 solum,
600 2909 654 2975 sed
670 2910 763 2974 etiam
779 2908 871 2984 auri,
894 2931 1025 2974 monere
1047 2918 1077 2974 te
1091 2918 1184 2996 atque
1206 2909 1342 2982 hortari,
1365 2920 1398 2976 ut
1413 2912 1523 2978 iurem
1538 2913 1638 2999 publi·

322 3029 389 3073 cam
420 3005 505 3070 omni
534 3004 721 3089 cogitatione
749 3024 888 3090 curaque
915 3002 1123 3068 incumberes.
1178 3007 1267 3082 Quae
1299 3004 1326 3069 si
1348 3006 1387 3069 ad
1409 3017 1496 3071 tuum
1520 3017 1642 3094 tempus

285 3100 520 3188 superducitur,
551 3097 649 3164 facilis
678 3098 864 3184 gubernatio
892 3108 957 3175 est;
993 3105 1029 3162 ut
1048 3096 1240 3183 perducatur
1261 3109 1382 3173 autem,
1418 3121 1548 3184 maguae
1570 3121 1640 3166 cum

323 3196 500 3281 diligentiae
530 3204 591 3268 est,
629 3204 695 3260 tum
724 3199 817 3259 etiam
851 3192 1007 3258 lortunae.
1061 3197 1091 3257 3.
1122 3190 1183 3256 Sed
1205 3201 1236 3255 et
1257 3200 1288 3256 le
1309 3191 1467 3279 aliquantu
1490 3205 1576 3266 astte,
1608 3206 1641 3261 ut

322 3310 438 3377 spero,
469 3288 671 3364 babebimus,
701 3297 748 3362 et,
777 3298 997 3373 praeterquam
1020 3283 1103 3371 quod
1126 3284 1338 3369 reipublicae
1360 3287 1525 3351 consulere
1547 3285 1640 3352 debe·

322 3405 409 3456 mus,
446 3391 549 3447 tamen
581 3392 653 3448 tuac
688 3381 827 3467 dignitati
858 3380 899 3443 ita
930 3378 1088 3452 lavemus,
1123 3387 1157 3442 ut
1178 3398 1271 3443 omne
1293 3389 1434 3445 nostrum
1457 3380 1638 3451 consilium,

322 3477 476 3550 studium,
499 3477 657 3551 officium,
680 3496 827 3560 operam,
850 3471 1006 3544 laborem,
1030 3471 1221 3556 diligentiam
1243 3472 1281 3536 ad
1301 3472 1534 3558 amplitudinem
1557 3485 1639 3540 tuam

286 3570 531 3636 ascouleramus.
583 3574 626 3634 lta
648 3568 794 3634 facillime
817 3575 849 3632 ct
868 3566 917 3631 rei
938 3565 1095 3651 publicae,
1133 3587 1214 3652 quae
1236 3565 1312 3630 mibi
1334 3565 1491 3632 carissima
1514 3577 1576 3642 cst,
1609 3578 1640 3635 et

322 3662 476 3729 amicitiae
497 3673 638 3738 nostrae,
674 3683 769 3748 quam
791 3659 983 3726 sanctissime
1006 3659 1095 3724 nobis
1118 3659 1279 3724 colendam
1301 3669 1398 3746 puto,
1427 3683 1478 3726 me
1500 3663 1639 3748 intelligo

322 3757 561 3824 satisfacturum.
604 3762 635 3823 l.
657 3756 808 3822 Furnium
830 3763 972 3818 nostrum
995 3754 1070 3818 tanti
1092 3776 1109 3819 a
1132 3763 1161 3818 te
1184 3754 1441 3846 sreri,[quantum
1463 3755 1561 3841 ipsius
1583 3756 1638 3822 bu·

321 3851 453 3917 manitas
474 3861 506 3917 et
527 3850 661 3935 dignitas
682 3843 835 3936 postulat]
857 3869 914 3913 uec
935 3847 1035 3913 miror
1056 3859 1087 3912 et
1104 3847 1244 3933 gaudeo;
1267 3858 1360 3935 teque
1376 3848 1435 3913 boc
1457 3850 1637 3914 existimare

321 3945 412 4015 volo,
448 3943 600 4030 quidquid
622 3943 655 4008 in
676 3965 748 4009 eum
770 3941 877 4008 iudicii
899 3941 1055 4028 ciliciique
1076 3941 1267 4016 contuleris,
1291 3941 1322 4007 id
1344 3945 1386 4008 ita
1408 3963 1458 4007 mc
1480 3944 1637 4030 accipere,

284 4047 356 4104 aaut
380 4043 411 4103 in
432 4059 483 4102 me
504 4037 607 4124 ipsum
628 4046 659 4103 te
680 4047 786 4123 putem
808 4034 987 4100 contulisse.

717 4161 718 4164 ‘
796 4180 839 4243 11.
884 4177 934 4254 (l.
960 4179 992 4242 o.
1015 4179 1047 4242 c.
1069 4175 1154 4261 uo.)

793 4298 935 4365 crosno
957 4301 1109 4364 amuco
1135 4303 1167 4365 s.

407 4428 436 4490 1.
469 4429 573 4490 Meum
603 4420 738 4488 studium
761 4418 875 4484 honori
902 4427 957 4483 tuo
978 4439 1037 4504 pro
1058 4419 1287 4486 necessitudine
1309 4430 1415 4487 nostra
1436 4443 1499 4488 non
1522 4421 1636 4488 deliris·

320 4527 377 4594 set,
400 4518 426 4584 si
448 4527 500 4582 aut
522 4527 590 4582 tuto
612 4517 643 4581 in
666 4525 807 4580 senatum
828 4523 882 4578 aut
901 4511 1030 4577 honeste
1054 4514 1163 4579 venire
1184 4515 1366 4601 potuissem.
1410 4515 1471 4581 Sed
1493 4537 1551 4581 nec
1570 4516 1637 4580 siue

284 4612 462 4698 „periculo
485 4612 649 4698 quisquam
672 4607 772 4675 libere
793 4607 832 4673 de
853 4605 1024 4691 republica
1048 4609 1182 4674 sentiens
1202 4609 1320 4674 versari
1341 4619 1442 4696 potest
1462 4609 1493 4673 iu
1516 4627 1636 4673 summa

321 4705 504 4792 impunitate
533 4702 708 4790 gladiorum
740 4723 813 4778 nec,
850 4707 975 4767 nostrae
1002 4699 1158 4787 dignitatis
1187 4703 1312 4768 videtur
1341 4724 1409 4768 esse
1440 4701 1485 4768 ibi
1515 4710 1637 4766 seuten-

334 4839 370 4852 -q

391 4916 417 4966 ³.
444 4912 512 4979 maol
539 4916 624 4967 meuse
650 4913 735 4965 codd.
766 4914 879 4979 aliquot.
911 4945 939 4956 -
979 4909 1006 4970 ’1.
1026 4923 1140 4971 muaime
1157 4920 1195 4972 M.
1227 4947 1261 4956 -
1296 4922 1327 4972 de
1348 4921 1402 4972 del.
1422 4921 1578 4972 Lambinus.
1605 4945 1636 4956 -

320 4987 348 5038 ll.
367 4984 414 5048 mil
442 5000 481 5035 me
506 4986 543 5036 bl.
571 5009 602 5020 -
639 4985 682 5034 12.
701 4986 916 5047 impatientissimi
942 4990 1099 5041 Cratander.
1126 5014 1161 5030 -
1196 4991 1239 5043 13.
1258 4991 1577 5055 compescuissemus
1597 4991 1636 5041 iss·

322 5056 536 5119 temperatissimi
553 5055 584 5106 ll.
605 5077 636 5091 -
674 5055 716 5106 15.
736 5057 860 5119 quonium
877 5058 923 5109 bl:
942 5062 1047 5124 quaudo
1065 5061 1096 5111 ll.
