3656 5868
696 402 770 466 LIB.
792 406 829 467 V.
872 403 931 466 ΕΡ.
955 403 1005 466 12.
1499 409 1543 472 77

218 563 274 654 qui
294 560 436 634 laudent,
465 565 673 624 assentatores
693 557 861 624 arbitrere:
900 563 1006 646 Neque
1030 569 1132 626 autem
1162 581 1222 647 ego
1242 583 1312 628 sum
1334 567 1378 630 lta
1398 563 1544 643 demens,

218 669 253 726 ut
270 679 321 723 me
343 654 550 740 sempiternae
568 653 688 739 gloriae
699 674 757 740 per
770 674 841 718 eum
860 653 1073 720 commendari
1094 655 1205 732 velim,
1227 656 1283 745 qui
1298 678 1362 723 uon
1382 656 1449 744 ipse
1466 680 1544 746 quo·

218 751 336 841 quein
353 770 405 815 me
426 745 674 814 commendando
696 747 859 833 propriam
881 747 998 832 ingenii
1015 747 1147 833 gloriam
1171 761 1394 837 consequatur.
1435 755 1466 818 7.
1486 757 1546 816 Ne-

219 867 281 933 que
302 845 389 908 euim
410 840 588 908 Alexander
609 841 660 905 ille
683 841 801 925 gratiae
822 859 915 904 causa
937 838 976 904 ab
998 840 1105 925 Apelle
1133 843 1330 927 potissimum
1360 845 1447 932 pingi
1474 855 1544 912 eta

217 941 356 1028 Lysippo
379 935 454 1022 tingi
474 933 615 1008 volebat,
638 934 695 998 sed
716 933 800 1020 quod
823 933 949 998 illorum
971 943 1070 998 artem
1092 956 1163 1000 cum
1185 937 1261 1022 ipsis
1284 947 1350 1003 tum
1372 939 1464 1004 etiam
1482 939 1568 1016 sihi,

218 1034 338 1119 gloriae
356 1031 426 1096 fore
449 1028 585 1116 putabat.
628 1033 728 1115 Atque
751 1027 797 1092 illi
818 1027 952 1092 artifices
977 1029 1121 1113 corporis
1143 1030 1310 1096 simulacra
1333 1032 1448 1119 ignotis
1470 1045 1544 1102 nota

218 1124 389 1192 iaciebant:
412 1145 493 1210 quae
514 1123 563 1187 vel
585 1120 612 1186 si
634 1121 719 1186 nulla
740 1121 816 1197 sint,
839 1120 937 1186 nihilo
960 1121 1021 1186 sint
1042 1130 1146 1188 tamen
1164 1123 1365 1191 obscuriores
1380 1127 1456 1192 clari
1471 1128 1543 1194 viri.

218 1227 282 1286 Nec
306 1219 410 1283 minus
432 1226 479 1282 est
497 1209 667 1302 Spartiates
689 1215 850 1301 Agesilaus
874 1215 925 1280 ille
952 1213 1180 1301 perhibendus,
1214 1217 1269 1304 qui
1299 1240 1401 1306 neque
1430 1221 1545 1307 pictam

219 1335 322 1402 neque
344 1313 446 1377 hetam
466 1311 635 1396 imaginem
657 1331 745 1375 suam
766 1330 874 1395 passus
905 1319 952 1372 est
980 1330 1067 1384 esse,
1105 1331 1199 1397 mam
1228 1311 1283 1398 qui
1311 1313 1344 1377 in
1366 1335 1405 1379 eo
1428 1336 1544 1400 genere

219 1407 423 1474 lahoranmt:
459 1426 540 1469 unus
562 1403 645 1468 enim
667 1403 884 1489 Xenophontis
916 1400 1040 1468 libellus
1062 1403 1095 1468 in
1117 1425 1156 1468 eo
1179 1426 1254 1490 rege
1276 1406 1431 1472 laudando
1453 1408 1544 1474 facile
1556 1441 1583 1482 ω

219 1523 330 1567 omnes
351 1497 503 1584 imagines
528 1497 670 1562 omnium
699 1505 877 1583 statuasque
898 1497 1067 1582 superavit.
1121 1505 1222 1585 Atque
1250 1498 1309 1564 hoc
1336 1502 1545 1586 praestantius

220 1594 297 1660 mihi
324 1593 422 1658 fuerit
451 1600 482 1657 et
502 1590 541 1656 ad
563 1590 711 1656 laetitiam
732 1589 828 1654 animi
850 1598 880 1653 et
902 1587 941 1653 ad
964 1590 1136 1655 memoriae
1166 1588 1365 1676 dignitatem,
1389 1594 1415 1660 si
1438 1595 1545 1662 intua

220 1689 336 1776 scripta
353 1707 544 1774 pervenero,
568 1705 662 1772 Qum
677 1683 704 1749 si
720 1683 752 1748 iu
767 1691 961 1756 ceterorum,
985 1682 1070 1769 quod
1085 1704 1149 1748 non
1166 1683 1327 1769 ingenium
1347 1687 1424 1753 mihi
1442 1690 1545 1756 solum

223 1782 454 1870 suppeditatum
478 1777 576 1844 fuerit
596 1787 698 1853 tuum,
734 1776 814 1842 sicut
834 1775 1022 1841 Timoleonti
1047 1797 1065 1840 a
1088 1775 1216 1842 Timaeo
1245 1787 1298 1843 aut
1319 1779 1358 1844 ab
1381 1783 1546 1850 Herodoto

220 1875 435 1948 Themistocli,
459 1872 514 1938 sed
535 1873 630 1937 etiam
651 1870 821 1936 auctoritas
842 1868 1006 1934 clarissimi
1029 1877 1060 1933 ct
1081 1871 1299 1956 spectatissimi
1317 1873 1376 1938 viri
1395 1884 1427 1940 et
1446 1877 1479 1943 in
1499 1877 1547 1942 rei
1557 1910 1584 1950 n

221 1969 365 2058 publicae
385 1965 531 2032 maximis
559 1964 813 2050 gravissimisque
835 1963 937 2027 causis
958 1960 1075 2046 cogniti
1096 1971 1190 2050 atque
1211 1963 1244 2029 in
1265 1965 1378 2051 primis
1400 1968 1545 2054 probati:

196 2065 256 2150 (ut
276 2063 354 2128 mihi
375 2083 439 2127 non
461 2061 562 2126 solum
584 2055 813 2144 praeconiuml
829 2055 932 2142 quod,
955 2075 1026 2119 eum
1047 2055 1080 2120 in
1097 2057 1224 2141 Sigeum
1238 2058 1390 2136 venisset,
1411 2063 1547 2128 Alexan-
1584 2091 1598 2132 r

222 2157 279 2223 der
299 2155 339 2222 ab
360 2160 501 2221 Homero
523 2152 634 2218 Achilli
656 2151 807 2217 tributum
829 2170 898 2213 esse
923 2147 1098 2236 dinit,.ssed
1114 2150 1207 2214 etiam
1223 2172 1318 2238 grave
1333 2155 1546 2222 testimonium

222 2251 431 2338 impertitum)
446 2247 521 2314 clari
554 2247 689 2312 hominis
720 2243 885 2330 magnique
909 2231 1084 2336 hideatur)
1113 2245 1218 2310 Placet
1243 2246 1326 2310 euim
1354 2251 1471 2314 Hector
1492 2249 1546 2316 ille
1616 2241 1692 2334 εἰ,

222 2345 299 2410 mihi
320 2343 509 2416 Naevianus,
532 2339 586 2428 qui
609 2361 672 2405 non
693 2349 812 2405 tantum
834 2337 1006 2414 „laudari”
1027 2359 1060 2404 se
1084 2338 1234 2415 laetatur,
1258 2343 1315 2408 sed
1335 2341 1421 2408 addit
1442 2343 1583 2419 etiam„

222 2463 265 2516 „a
293 2437 418 2504 laudato
446 2435 544 2500 viro.”
597 2437 627 2500 8.
658 2433 752 2513 Quod
772 2433 798 2498 si
821 2454 839 2498 a
860 2441 891 2497 te
913 2453 977 2498 non
998 2431 1150 2518 impetro,
1181 2435 1241 2502 hoe
1263 2445 1323 2512 est,
1358 2437 1487 2524 siquae
1510 2447 1541 2502 te

222 2555 272 2600 res
293 2529 472 2618 impedierit
493 2561 533 2572 -
556 2548 658 2613 neque
689 2527 772 2592 enim
794 2527 841 2591 fas
863 2547 932 2591 esse
953 2525 1092 2593 arbitror
1113 2530 1283 2617 quidquam
1305 2552 1356 2596 me
1378 2542 1542 2616 rogantem

222 2627 330 2692 abste
359 2645 422 2690 non
448 2623 619 2708 impetrare
653 2656 710 2696 -,
743 2640 840 2706 cogar
866 2621 1144 2698 fontanensem,
1181 2625 1266 2711 quod
1288 2625 1429 2691 nonnulli
1450 2647 1544 2710 saepe

223 2719 475 2808 reprehendunt:
509 2715 644 2782 scribam
667 2715 734 2800 ipse
755 2714 794 2780 de
816 2735 883 2788 me,
905 2714 1077 2780 multorum
1099 2725 1203 2782 tamen
1225 2721 1371 2805 exemplo
1394 2730 1424 2785 et
1446 2721 1546 2785 claro·

222 2837 294 2882 rum
315 2814 467 2880 virorum.
522 2811 599 2884 Sed,
628 2807 714 2896 quod
736 2818 765 2874 te
787 2829 851 2874 non
872 2807 968 2894 fugit,
991 2809 1067 2874 haec
1089 2811 1213 2876 suntin
1235 2811 1295 2877 hoc
1317 2834 1432 2898 genere
1454 2813 1584 2888 vitia„

224 2919 255 2975 et
285 2905 494 2975 verecundius
521 2903 583 2990 ipsi
610 2902 649 2970 de
681 2924 749 2969 sese
777 2902 913 2967 scribant
943 2923 1071 2968 necesse
1104 2911 1167 2980 est,
1204 2905 1230 2970 si
1253 2906 1330 2994 quid
1351 2914 1398 2972 est
1419 2905 1546 2972 laudan-

224 3005 313 3079 dum,
346 3009 377 3067 et
397 3008 615 3086 praetereant,
644 2995 769 3086 siquid
792 2994 1084 3081 reprehendendum
1107 3005 1162 3062 est
1216 2997 1344 3063 Accedit
1365 3000 1479 3074 edam,
1512 3006 1548 3064 ut

223 3097 329 3163 minor
349 3095 390 3160 sit
414 3094 509 3168 fides,
531 3093 638 3159 minor
659 3089 845 3163 auctoritas,
869 3088 958 3153 multi
982 3087 1116 3174 denique
1137 3090 1369 3177 reprehendant
1390 3101 1421 3156 et
1443 3091 1547 3156 dicant

224 3188 466 3257 verecundiores
483 3209 552 3252 esse
562 3206 734 3273 praecones
749 3184 895 3250 ludorum
912 3181 1144 3270 gymnicorum,
1169 3185 1225 3270 qui
1240 3207 1311 3250 cum
1326 3187 1440 3251 ceteris
1455 3207 1547 3251 eoro-

223 3308 279 3350 nas
295 3281 504 3367 imposuerint
525 3278 698 3346 victoribus
716 3298 890 3364 eorumque
913 3275 1041 3341 nomina
1061 3297 1172 3361 magna
1196 3299 1275 3344 voce
1296 3279 1584 3365 pronuntiarintm

224 3399 296 3444 cum
327 3375 388 3461 ipsi
410 3385 480 3440 ante
508 3373 656 3440 ludorum
680 3371 863 3438 missionem
888 3390 1006 3435 corona
1033 3369 1208 3448 donentur,
1240 3371 1337 3437 alium
1358 3394 1546 3459 praeconem

224 3468 403 3545 adhibeant,
440 3490 479 3533 ue
498 3489 554 3533 sua
582 3488 660 3533 voce
679 3487 713 3530 se
733 3465 794 3552 ipsi
815 3465 951 3531 victores
972 3484 1041 3528 esse
1064 3463 1256 3550 praedicent.
1306 3470 1337 3532 9.
1368 3470 1453 3531 Haec
1486 3488 1544 3533 nos

223 3567 323 3631 vitare
345 3562 487 3647 cupimus
507 3568 554 3636 et,
577 3561 604 3626 si
618 3559 732 3645 recipis
747 3578 872 3624 causam
890 3564 1044 3632 nostram,
1066 3556 1251 3637 vitabimus;
1274 3558 1370 3646 idque
1385 3569 1420 3625 ut
1439 3559 1546 3636 iacias,

224 3677 381 3743 rogamus.
433 3661 477 3720 Ac
496 3675 536 3719 ne
557 3653 640 3720 forte
659 3653 793 3726 mirere,
829 3673 904 3726 cur,
940 3672 1011 3716 cum
1032 3649 1110 3715 mihi
1132 3673 1225 3737 saepe
1247 3652 1421 3718 ostenderis
1443 3662 1473 3719 te
1497 3675 1547 3719 ac·

223 3750 418 3818 curatissime
440 3758 620 3814 nostrorum
643 3756 820 3832 temporum
842 3744 973 3810 consilia
1000 3753 1094 3832 atque
1121 3752 1251 3812 eventus
1279 3746 1392 3812 litteris
1420 3748 1585 3822 manda-u

224 3855 350 3919 turum,
373 3865 391 3910 a
414 3853 444 3908 te
466 3843 498 3908 id
520 3862 602 3907 nunc
623 3850 709 3906 tanto
731 3859 828 3925 opere
850 3846 965 3903 ettam
986 3837 1091 3902 multis
1114 3837 1220 3903 verbis
1238 3849 1398 3925 petamus:
1421 3841 1473 3906 illa
1489 3864 1546 3907 nos

224 3938 377 4027 cupiditas
396 3935 548 4008 incendit,
571 3936 610 4000 de
625 3956 686 4022 qua
700 3932 792 3998 initio
807 3930 939 4016 scripsi,
962 3929 1185 4006 festinationis,
1208 3930 1294 4018 quod
1308 3933 1426 4000 alacres
1440 3935 1546 4000 animo

225 4055 350 4110 sumus3
386 4039 422 4097 ut
453 4041 484 4095 et
506 4031 603 4095 ceteri
631 4026 807 4094 viventibus
839 4025 930 4090 nobis
954 4046 995 4090 ex
1026 4023 1115 4089 libris
1140 4024 1200 4089 luis
1226 4045 1283 4090 nos
1305 4037 1494 4112 cognoscant
1515 4037 1547 4093 et

225 4133 348 4192 nosmet
372 4123 433 4211 ipsi
464 4123 528 4188 vivi
559 4121 692 4208 gloriola
722 4127 829 4183 nostra
859 4117 1069 4204 perfruamur.
1126 4123 1175 4184 10.
1204 4119 1259 4184 His
1287 4119 1326 4183 de
1352 4121 1447 4186 rebus
1468 4121 1546 4208 quid

225 4228 351 4286 acturus
372 4217 434 4291 sis,
465 4215 491 4282 si
511 4215 570 4281 tibi
592 4235 656 4279 uon
677 4221 723 4278 est
744 4212 926 4287 molestum,
953 4210 1109 4277 rescribas
1140 4211 1217 4278 mihi
1245 4212 1349 4278 velim.
1407 4214 1441 4279 Si
1461 4212 1584 4290 enimn

225 4312 357 4399 suscipis
382 4331 522 4384 causam,
546 4307 708 4374 conficiam
728 4304 969 4371 commentarios
989 4327 1098 4372 rerum
1119 4307 1277 4384 omnium;
1300 4307 1468 4372 sinautem
1487 4305 1547 4371 dil-

226 4406 289 4471 fers
310 4426 360 4469 me
383 4404 414 4469 in
437 4413 559 4490 tempus
580 4400 682 4474 aliud,
704 4420 812 4466 coram
834 4409 936 4464 tecum
962 4398 1084 4485 loquar.
1132 4404 1179 4465 Tu
1209 4399 1329 4464 interea
1353 4421 1418 4465 nou
1444 4420 1546 4464 cessa-

226 4499 275 4565 bis
297 4509 328 4564 et
348 4519 401 4572 ea,
424 4517 503 4584 quae
525 4494 623 4562 babes
644 4492 801 4568 instituta,
823 4492 983 4580 perpolies
1004 4514 1125 4580 nosque
1147 4493 1269 4578 diliges.

295 4709 322 4759 8.
340 4708 493 4772 probandus
511 4719 566 4771 mg.
585 4705 711 4769 arpenn.
730 4703 825 4754 Lamb.
846 4726 875 4737 -
912 4703 940 4754 a
958 4702 1047 4768 &lom
1064 4709 1120 4754 tam
1137 4705 1277 4769 insomnem
1294 4704 1332 4758 bl.
1353 4727 1383 4740 -
1411 4703 1456 4755 22.
1476 4703 1542 4754 orht-

228 4785 284 4830 tror
300 4781 346 4844 qut
363 4794 421 4829 cum
438 4792 477 4828 me
494 4778 532 4829 bt.
557 4801 586 4814 -
624 4775 669 4826 ab.
688 4773 877 4838 repetendum
894 4772 938 4826 bl:
964 4773 1231 4836 reprobandorum.
1254 4799 1280 4810 -
1318 4773 1363 4824 26.
1382 4775 1491 4840 siquod
1508 4781 1545 4826 ert

227 4849 316 4902 hb·
354 4843 791 4911 ae.arpnnt:tprtun.-
827 4841 1188 4896 blidthrtrMattetertrlb
1388 4843 1391 4850 ’
