3656 5868
708 385 982 452 EPISTOLARUM
1003 385 1055 448 ΑΙ)
1077 385 1168 448 FAM.

748 546 836 608 mn.
865 540 913 626 (a.
940 545 974 608 u.
996 544 1028 609 c.
1051 540 1135 624 ros.)

595 663 636 724 u.
659 657 802 724 cresso
825 659 857 721 e.
878 659 916 720 n.
938 658 973 720 n.
995 653 1162 721 ausono
1187 655 1226 732 Q.
1247 657 1280 718 s.

365 786 392 847 1.
420 783 616 866 Quamquam
650 778 717 865 ipsa
745 775 916 843 consolatio
951 774 1125 866 litterarum
1156 785 1280 841 tuarum
1311 775 1386 840 mibi
1424 778 1601 864 gratissima
1720 847 1726 860 ,

277 885 325 942 est
339 913 378 926 —
394 874 530 941 declarat
545 876 629 941 enim
644 895 795 940 summam
810 869 1060 937 benevolentiam
1072 869 1269 935 coniunctam
1287 870 1356 956 pari
1370 872 1536 957 prudentia
1548 913 1600 950 -‚

254 979 380 1036 stanno
402 970 489 1035 illum
507 967 644 1034 fructum
663 989 704 1032 ex
728 966 767 1030 iis
787 963 897 1031 litteris
914 964 964 1029 vel
982 963 1156 1029 maximum
1177 967 1264 1048 cepi,
1287 964 1373 1050 quod
1388 973 1418 1029 te
1440 968 1600 1052 praeclare

277 1085 329 1130 res
350 1063 500 1129 humanas
514 1068 763 1127 contemnentem
779 1069 811 1125 et
831 1057 948 1146 optime
969 1066 1078 1123 contra
1093 1057 1251 1122 fortunam
1272 1068 1416 1144 paratum
1431 1071 1600 1127 armatum-

277 1178 339 1246 que
370 1156 523 1241 cognovi:
559 1177 653 1243 mam
682 1154 809 1241 quidem
838 1150 962 1219 landem
991 1153 1160 1239 sapientiae
1185 1161 1288 1217 statuo
1319 1172 1387 1218 esse
1410 1153 1599 1228 maximam,

277 1273 340 1316 non
361 1248 487 1315 aliunde
505 1249 644 1336 pendere
664 1269 722 1313 nec
747 1247 943 1312 extrinsecus
959 1256 1012 1311 aut
1034 1245 1115 1312 bene
1137 1257 1189 1312 ant
1212 1247 1292 1311 male
1319 1246 1445 1314 vivendi
1470 1270 1601 1335 suspen-

277 1366 326 1410 sas
340 1341 458 1409 babere
473 1342 621 1408 rationes.
664 1346 695 1407 2.
723 1344 811 1420 Quae
833 1339 980 1426 cogitatio
1002 1361 1074 1406 cum
1095 1341 1173 1407 mibi
1195 1363 1258 1406 non
1280 1342 1409 1407 omnino
1431 1342 1600 1408 excidisset

241 1449 318 1503 ro-
340 1437 455 1502 etenim
476 1435 599 1524 penitus
613 1434 771 1500 insederat
792 1470 847 1510 -,
869 1434 902 1500 vi
923 1444 1026 1499 tamen
1048 1443 1265 1521 tempestatum
1288 1445 1320 1500 et
1341 1456 1497 1500 concursu
1518 1436 1599 1500 cala-

276 1531 417 1596 mitatum
445 1539 512 1595 erat
533 1529 725 1615 aliquantum
747 1526 928 1593 labefactata
948 1537 1041 1615 atque
1064 1530 1234 1608 convulsa;
1266 1529 1318 1595 cui
1342 1537 1373 1594 te
1396 1527 1544 1614 opitulari
1568 1536 1600 1592 et

276 1625 369 1691 video
391 1633 423 1690 et
450 1623 483 1689 id
510 1621 622 1688 fecisse
652 1621 745 1687 etiam
765 1621 920 1708 proximis
941 1622 1054 1688 litteris
1075 1624 1271 1710 multumque
1293 1622 1464 1710 profecisse
1487 1623 1598 1688 sentio.

275 1724 382 1806 ltaque
403 1718 464 1783 boc
484 1717 609 1804 saepius
630 1714 796 1781 dicendum
817 1714 938 1803 tibique
960 1739 1023 1783 non
1045 1715 1280 1802 significandum
1303 1717 1405 1782 solum
1427 1715 1482 1781 sed
1505 1717 1598 1781 etiam

276 1811 497 1878 declarandum
528 1810 688 1886 arbitror,
729 1808 807 1875 nihil
839 1808 916 1874 mihi
950 1831 1018 1876 esse
1056 1810 1195 1897 potuisse
1226 1810 1288 1876 tnis
1324 1809 1434 1875 litteris
1470 1810 1598 1896 gratius.

240 1931 266 1974 as
276 1911 306 1973 3.
340 1905 386 1972 Ad
410 1905 634 1972 consolandum
658 1915 762 1971 antem
795 1924 866 1969 cum
887 1903 940 1968 illa
970 1904 1088 1979 valent,
1127 1925 1206 1991 quae
1229 1905 1388 1990 eleganter
1408 1905 1598 1991 copioseque

275 1998 445 2086 collegisti,
478 2009 544 2065 tum
572 1998 649 2063 nibil
670 1997 740 2086 plus
761 2018 855 2083 mam
878 1998 963 2083 quod
984 1996 1209 2063 firmitudinem
1236 1999 1481 2084 gravitatemque
1503 1997 1597 2062 animi

275 2095 320 2160 tui
342 2093 504 2182 perspexi,
528 2115 621 2180 qnam
641 2114 704 2158 non
726 2090 842 2158 imitari
863 2091 1078 2178 turpissimum
1100 2091 1256 2158 existimo.
1300 2096 1407 2178 Itaque
1428 2093 1489 2159 boc
1504 2093 1597 2158 etiam

276 2187 439 2255 fortiorem
461 2209 512 2252 me
540 2196 616 2273 puto
638 2207 732 2274 quam
753 2194 784 2250 te
805 2184 926 2270 ipsum,
962 2195 1199 2272 praeceptorem
1221 2185 1432 2264 fortitudinis,
1455 2187 1541 2274 quod
1563 2197 1596 2252 tu

274 2281 352 2347 mibi
376 2281 485 2348 videre
521 2301 608 2366 spem
640 2278 820 2344 nonnullam
854 2277 970 2344 babere
1007 2279 1084 2344 baec
1112 2280 1280 2367 aliquando
1313 2279 1419 2345 futura
1454 2280 1595 2346 meliora.

238 2381 371 2442 roCasus
393 2375 476 2439 enim
497 2370 673 2458 gladiatorii
695 2372 975 2458 similitudinesque
997 2394 1070 2447 eae,
1099 2383 1165 2439 tum
1186 2373 1323 2439 rationes
1344 2373 1378 2438 in
1400 2395 1436 2438 ea
1458 2373 1596 2460 disputa-

166 2485 193 2566 ’ὃ
277 2469 362 2534 tione
389 2489 407 2531 a
436 2476 467 2531 te
497 2467 644 2532 collectae
666 2465 811 2556 vetabant
831 2486 883 2530 me
906 2465 953 2530 rei
974 2464 1117 2553 publicae
1139 2467 1262 2553 penitus
1284 2465 1435 2534 diffidere.
1489 2473 1595 2555 ltaque

276 2562 407 2626 alterum
430 2561 532 2625 minus
553 2560 685 2635 mirum,
717 2559 883 2625 fortiorem
904 2568 935 2623 te
957 2581 1040 2635 esse,
1074 2580 1145 2625 cum
1167 2559 1286 2647 aliquid
1309 2581 1431 2646 speres,
1464 2562 1595 2627 alterum

275 2655 408 2730 mirum,
441 2675 496 2740 spe
517 2652 582 2719 ulla
607 2653 717 2718 teneri.
776 2650 859 2732 Quid
887 2661 933 2717 est
964 2651 1048 2717 enim
1078 2653 1205 2718 nonita
1226 2653 1388 2728 affectum,
1422 2665 1457 2720 nt
1479 2653 1510 2720 id
1532 2678 1595 2721 non

276 2748 412 2814 deletum
434 2748 683 2834 exstinctumque
705 2769 774 2813 esse
795 2746 935 2812 fateare?
958 2747 1167 2832 Circumspice
1189 2749 1293 2813 omnia
1311 2747 1451 2813 membra
1470 2749 1516 2813 rei
1539 2771 1597 2835 pn-

237 2842 389 2917 sublicae,
422 2863 502 2928 quae
524 2841 686 2907 notissima
707 2849 778 2906 sunt
804 2840 882 2906 tibi:
919 2840 1039 2906 nullum
1060 2841 1201 2928 reperies
1229 2842 1386 2929 profecto,
1424 2843 1509 2930 qnod
1532 2864 1595 2908 non

274 2937 407 3003 fractum
427 2934 660 3001 debilitatumve
679 2935 728 3001 sit.
772 2937 861 3014 Quae
876 2955 1101 3021 persequerer,
1125 2936 1151 3000 si
1173 2946 1227 3002 aut
1247 2936 1358 3002 melius
1382 2958 1418 3000 ea
1442 2936 1594 3010 viderem,

274 3051 368 3118 quam
389 3037 424 3095 tn
445 3029 549 3105 vides,
586 3037 640 3094 ant
660 3049 908 3094 commemorare
929 3049 1054 3114 possem
1076 3029 1143 3093 sine
1165 3028 1289 3095 dolore:
1323 3051 1510 3118 quamquam
1533 3029 1594 3095 tuis

274 3123 401 3190 monitis
421 3122 659 3210 praeceptisque
681 3122 782 3188 omnis
804 3132 851 3188 est
869 3120 1061 3188 abiiciendus
1076 3123 1178 3188 dolor.
1220 3127 1250 3189 d.
1273 3128 1357 3209 Ergo
1379 3135 1411 3189 et
1424 3124 1593 3190 domestica

274 3219 425 3292 feremus,
446 3225 482 3283 ut
503 3237 627 3292 censes,
650 3224 682 3280 et
702 3215 827 3303 publica
847 3216 952 3302 paullo
974 3215 1067 3280 etiam
1082 3215 1194 3282 fortius
1212 3217 1344 3283 fortasse
1359 3240 1452 3305 quam
1467 3229 1500 3283 tu
1515 3218 1592 3303 ipse,

237 3313 328 3399 aoqrn
349 3311 514 3398 praecipis.
557 3315 600 3376 Te
622 3309 706 3375 enim
727 3310 830 3398 aliqua
852 3330 924 3394 spes
945 3309 1138 3385 consolatur,
1172 3320 1207 3375 ut
1228 3311 1358 3377 scribis:
1396 3334 1453 3378 nos
1476 3311 1593 3377 erimus

274 3407 367 3472 etiam
395 3407 428 3471 in
454 3403 595 3470 omnium
623 3402 841 3494 desperatione
863 3402 978 3477 fortes,
1011 3411 1047 3468 nt
1068 3411 1101 3467 tu
1122 3412 1225 3468 tamen
1247 3405 1329 3470 idem
1353 3415 1384 3471 et
1405 3406 1540 3472 hortaris
1562 3413 1594 3470 et

274 3499 438 3586 praecipis.
493 3503 557 3563 Das
589 3496 673 3562 enim
705 3495 782 3561 mibi
809 3495 959 3560 iucundas
981 3496 1215 3563 recordationes
1237 3499 1444 3566 conscientiae
1467 3508 1593 3564 nostrae

272 3613 444 3679 rerumque
466 3612 589 3666 earum,
612 3611 689 3677 quas
711 3599 741 3654 te
762 3589 795 3654 in
813 3588 924 3675 primis
936 3597 1065 3655 auctore
1078 3591 1240 3675 gessimus.
1283 3594 1496 3658 Praestitimus
1509 3593 1592 3658 enim

273 3686 393 3772 patriae
426 3707 489 3750 non
513 3684 615 3750 vuinus
648 3693 732 3749 certe
765 3705 859 3770 quam
894 3681 1077 3759 debuimus,
1113 3685 1184 3771 plus
1204 3686 1346 3771 profecto
1369 3709 1462 3773 quam
1484 3699 1532 3752 est
1552 3685 1592 3751 ab

236 3780 378 3844 asanimo
401 3779 585 3866 cuiusquam
607 3787 659 3843 ant
680 3776 812 3844 oonsilio
831 3776 965 3842 bominis
986 3779 1185 3863 postulatum.
1236 3785 1265 3845 5.
1288 3785 1432 3865 ignosces
1455 3781 1532 3846 mibi
1552 3781 1592 3847 de

273 3895 323 3938 me
353 3873 423 3958 ipso
447 3872 566 3960 aliquid
594 3870 806 3958 praedicanti;
841 3891 974 3957 quarum
1003 3871 1086 3937 onim
1116 3882 1149 3938 tu
1179 3893 1285 3938 rerum
1317 3874 1505 3959 cogitatione
1535 3897 1592 3940 nos

274 3969 378 4034 levare
400 3965 595 4053 aegritudine
614 3964 756 4040 voluisti,
780 3985 889 4029 earum
909 3964 1004 4030 etiam
1025 3967 1323 4033 commemoratione
1345 3968 1490 4034 lenimur.
1533 3974 1594 4035 Ita·

273 4083 351 4149 que,
374 4070 409 4127 ut
434 4082 560 4136 mones,
588 4067 737 4147 quantum
759 4067 871 4145 potero
893 4080 944 4123 me
966 4057 1006 4123 ab
1028 4058 1173 4126 omnibns
1194 4061 1347 4127 molestiis
1369 4071 1401 4127 et
1421 4061 1590 4148 angoribus

272 4154 423 4220 abducam
446 4155 695 4249 transferamque
724 4153 862 4217 animum
894 4152 934 4218 ad
955 4173 1008 4229 ea,
1045 4153 1159 4242 quibus
1181 4155 1334 4221 secundae
1356 4178 1408 4221 res
1429 4167 1590 4231 ornantur,

80 4306 84 4319 .
124 4263 138 4292 ¹¹
153 4289 170 4318 .‹
234 4248 421 4314 madversae
444 4248 646 4326 adiuvantur3
661 4243 843 4332 lteonmque
872 4254 904 4310 et
932 4267 988 4311 ero
1010 4255 1128 4312 tantum
1150 4256 1299 4334 qnantum
1320 4250 1456 4336 patietur
1477 4249 1592 4314 uuius-

272 4364 333 4430 que
355 4350 439 4408 aetas
462 4351 493 4407 ct
514 4341 680 4427 valetudo)
700 4349 748 4414 et,
774 4339 800 4404 si
822 4358 891 4404 esse
913 4361 974 4405 una
996 4340 1099 4405 minus
1120 4342 1293 4427 poterimus
1316 4363 1408 4428 qnam
1431 4343 1589 4416 volemus,

272 4438 448 4502 animorum
469 4445 573 4501 tamen
593 4433 813 4501 coniunctione
827 4432 1002 4521 iisdemque
1016 4433 1127 4499 studiis
1140 4433 1184 4499 ita
1198 4434 1359 4512 fruemur,
1383 4445 1416 4500 ut
1432 4457 1588 4522 nunqnam

272 4551 335 4597 non
356 4552 419 4596 nna
441 4551 510 4596 esse
532 4528 704 4594 videamur.

340 4694 367 4744 5.
387 4689 543 4756 tlantsbl.
574 4715 608 4730 -
644 4691 687 4741 17.
706 4691 788 4755 Atque
805 4691 852 4742 bor
870 4691 935 4742 Cod.
957 4691 1055 4742 Ursini.
1074 4715 1105 4730 -
1139 4693 1183 4743 21.
1202 4693 1325 4743 astabunt
1343 4693 1381 4744 M.
1403 4716 1433 4729 -
1469 4693 1514 4744 28.
1534 4707 1588 4743 me·
1695 4733 1711 4756 ,

270 4764 392 4814 mnata
416 4763 532 4813 Ernestii
557 4763 702 4827 typotheta.
735 4784 765 4795 -
802 4761 845 4812 30.
865 4763 955 4826 aliquo
972 4775 1029 4825 aper
1046 4761 1091 4813 bl:
1118 4775 1175 4826 apes
1191 4763 1282 4828 ntique
1306 4763 1336 4814 B.
1363 4786 1393 4799 -
1429 4777 1477 4814 noa
1494 4766 1589 4814 eumue

271 4832 317 4882 bl:
336 4846 386 4883 nor
403 4841 489 4883 autem
507 4834 601 4883 ammos
619 4831 650 4882 ll.
678 4854 708 4867 -
745 4831 789 4881 ³1.
809 4833 926 4882 omntbau
943 4833 990 4893 Μ,
1020 4835 1092 4882 omni
1108 4833 1147 4892 N,
1167 4835 1283 4884 omnium
1300 4846 1388 4882 rernm
1406 4847 1461 4896 mg.
1482 4834 1586 4896 ltepett.

271 4901 365 4952 Lamb.
386 4927 417 4938 -
435 4903 479 4954 35.
499 4903 571 4953 Fert.
585 4903 736 4966 enumquam
747 4909 932 4964 mutuat.
951 4902 1001 4953 On.
1022 4926 1053 4938 -
1070 4903 1290 4965 postulatumbl:
1308 4903 1494 4966 postulandum
1514 4905 1583 4952 R.-

270 4971 314 5022 37.
334 4973 417 5023 loom
433 4972 683 5038 iderunt-bagnae.
705 4995 735 5008 -
761 4973 925 5036 aspritudine
942 4971 1051 5023 seclusit
1071 4973 1100 5024 ll.
1123 4997 1153 5010 -
1190 4973 1233 5024 ll.
1253 4976 1393 5022 unanimus
1411 4973 1448 5025 bl.
1470 4997 1500 5008 -
1519 4971 1587 5022 oola·

269 5055 326 5092 mur
343 5042 386 5095 bl:
404 5043 521 5095 notamus
541 5043 571 5092 u.
594 5067 625 5078 -
661 5041 706 5094 ta.
724 5041 861 5105 tuumque
878 5043 919 5094 bl:
939 5043 1029 5094 tradem
1047 5043 1078 5094 ll.
