3656 5868
673 407 748 470 ΜΒ.
770 406 823 472 111.
866 407 926 474 ΕΡ.
950 409 1000 472 1⁰.
1482 413 1525 476 47

191 585 289 633 mone
318 563 415 632 mrrlta
442 563 559 648 scripta
586 573 658 630 sunt
693 560 750 630 abs
781 575 822 631 ts.
878 569 946 651 Ego
968 573 1072 632 autem
1094 565 1187 634 eitius
1208 587 1280 634 cnm
1301 589 1356 647 eo.
1379 571 1434 658 qui
1456 579 1525 638 tuas

192 661 373 730 inimicitias
394 659 599 745 suscepisset,
621 669 763 726 veterem
785 659 1037 728 coniunctionem
1059 659 1272 738 diremissem,
1295 685 1389 751 mam
1410 685 1525 732 novam

191 757 427 834 conciliassem3
457 773 560 840 neque
582 754 667 820 enim
689 755 728 820 de
750 775 823 820 meo
845 775 922 840 erga
943 763 973 820 te
995 754 1100 822 studio
1122 754 1267 823 dubitare
1287 756 1400 834 debes,
1421 779 1526 845 neque

192 852 298 918 idest
329 847 501 915 obscurum
532 849 679 936 cuiquam
707 849 741 915 in
762 849 925 936 provincia
946 869 1004 914 nec
1026 854 1144 918 nomae
1164 849 1235 916 luit.
1284 856 1315 918 6.
1338 850 1400 918 Sed
1422 861 1526 920 tamen

177 933 388 1038 (signier
416 943 450 1008 in
478 943 540 1010 tuis
567 944 679 1009 litteris
712 944 851 1030 suspicio
873 943 1027 1030 quaedam
1055 953 1087 1010 et
1113 941 1267 1011 dubitatio
1299 938 1381 1044 tua.)
1403 946 1443 1013 de
1464 969 1550 1036 quas
1585 959 1681 1046 ,φ

191 1040 332 1106 alienum
353 1047 476 1124 tempus
494 1045 542 1102 est
562 1037 640 1103 mihi
654 1047 757 1104 tecum
773 1037 1009 1124 expostulandi,
1031 1037 1187 1125 purgandi
1208 1048 1313 1104 autem
1334 1040 1397 1106 moi
1418 1063 1528 1110 neces·

191 1133 324 1198 sarium.
368 1128 426 1198 Ubi
458 1129 542 1196 onim
571 1151 631 1216 ego
654 1131 799 1218 cuiquam
821 1131 970 1217 legationi
991 1131 1038 1198 lui
1059 1131 1300 1218 impedimento,
1337 1155 1402 1222 quo
1423 1137 1527 1204 minus

192 1232 326 1292 ltomam
348 1224 388 1290 ad
408 1224 533 1291 laudem
555 1234 641 1290 tuam
662 1226 862 1292 mitteretur?
885 1233 938 1292 ant
960 1226 993 1290 in
1014 1247 1078 1312 quo
1100 1226 1205 1312 potui,
1229 1226 1256 1292 si
1277 1235 1308 1292 te
1325 1229 1427 1316 palam
1442 1231 1528 1298 odis·

192 1341 276 1394 sem,
307 1320 412 1384 minus
443 1319 529 1406 quod
550 1319 608 1384 tibi
629 1318 769 1394 obesset,
805 1320 931 1386 iaceret
957 1319 991 1385 'si
1012 1320 1109 1396 claim
1131 1321 1230 1406 megs
1252 1333 1361 1408 aperte
1382 1323 1527 1392 inimicus

192 1420 283 1482 eme?
316 1413 439 1491 Quodsi
469 1433 587 1480 esssem
609 1435 647 1480 ee
668 1413 814 1499 perfidia,
838 1435 900 1501 qua
930 1422 1003 1480 sunt
1028 1412 1068 1489 ii,
1100 1415 1157 1501 qui
1182 1415 1216 1481 in
1237 1436 1295 1482 nos
1323 1415 1401 1482 baec
1421 1417 1565 1484 coniers

192 1517 285 1582 runt,
317 1517 421 1574 umen
442 1528 480 1572 ea
502 1507 632 1574 stultitia
653 1515 739 1574 certo
761 1528 824 1574 non
845 1507 993 1582 fuissem,
1015 1516 1050 1573 ut
1065 1517 1119 1575 aut
1138 1509 1171 1574 in
1185 1508 1323 1576 obscuro
1343 1510 1419 1578 odio
1436 1531 1529 1598 aper-

191 1611 238 1670 tas
259 1601 458 1677 inimicitias,
482 1609 550 1676 aut,
572 1601 606 1667 in
626 1622 691 1689 quo
713 1599 771 1668 tibi
791 1601 869 1668 nibil
891 1621 1056 1678 nocerem,
1078 1623 1232 1670 summam
1254 1604 1454 1672 ostenderem
1471 1628 1529 1676 vo-

192 1697 346 1764 luntatem
367 1694 511 1762 nocendi.
554 1695 603 1762 ld
623 1715 675 1761 ma
695 1693 786 1761 adire
808 1695 961 1783 quosdam
979 1695 1123 1771 memini.
1146 1697 1297 1764 nimirum
1319 1721 1361 1765 ex
1374 1702 1526 1788 Epicteto,

193 1791 247 1876 qui
268 1787 415 1858 dicerent
434 1788 528 1854 nimis
550 1809 680 1875 magnos
701 1793 843 1877 sumptus
864 1791 975 1876 legatis
996 1790 1140 1857 decerni:
1165 1790 1281 1878 quibus
1302 1813 1364 1878 ego
1384 1815 1449 1862 non
1463 1806 1527 1864 tam

193 1883 350 1970 imperavi
378 1903 472 1970 mam
501 1884 609 1950 censui
637 1891 780 1971 sumptus
805 1883 916 1968 legatis
945 1905 1039 1971 wem
1066 1885 1204 1950 maxime
1225 1886 1266 1952 ad
1285 1887 1388 1972 legem
1409 1893 1566 1956 Corne-ts

194 1979 267 2046 liam
290 1976 519 2045 decernendos.
575 1982 677 2063 Atque
703 1977 737 2044 in
765 1997 805 2044 eo
834 1978 905 2064 ipso
932 1999 984 2044 me
1011 1999 1075 2044 non
1096 1999 1317 2065 perseverasse
1339 1991 1434 2048 testes
1455 1994 1528 2052 sunt

193 2073 335 2139 rationes
346 2072 521 2146 civitatum,
542 2071 576 2136 in
590 2069 723 2158 quibus,
745 2077 895 2158 quautam
913 2091 1058 2159 quaeque
1078 2070 1193 2150 voluit,
1215 2074 1326 2160 legetis
1344 2077 1406 2142 tuis
1421 2076 1528 2145 datum

194 2166 330 2234 induxit
380 2169 411 2231 7.
438 2170 483 2232 Te
511 2174 616 2231 autem
644 2163 760 2252 quibus
787 2163 958 2232 mendaciis
985 2166 1128 2232 homines
1156 2166 1308 2236 levissimi
1339 2176 1526 2238 onerarunt!

194 2279 257 2326 non
278 2258 378 2326 mmo
399 2258 538 2326 sublatos
559 2267 716 2345 sumptus,
739 2257 796 2324 sod
817 2259 912 2326 etiam
933 2259 1226 2346 aprocuratoribns
1245 2281 1373 2339 corum.
1396 2265 1451 2352 qui
1464 2267 1528 2334 iam

195 2353 331 2442 proiecti
354 2362 472 2430 essent,
495 2353 647 2438 repetitos
669 2361 701 2418 et
722 2352 860 2432 ablatos;
883 2373 1017 2441 eamque
1039 2374 1164 2422 causam
1185 2354 1292 2422 multis
1313 2357 1442 2425 omnino
1463 2381 1566 2427 none·

195 2447 291 2514 eundi
315 2446 422 2512 irrisae.
467 2449 630 2525 Quererer
651 2455 756 2513 tecum
777 2455 871 2533 atque
893 2447 1146 2534 expostularem,
1168 2449 1217 2525 ni,
1240 2458 1276 2517 ut
1296 2471 1392 2537 supra
1406 2454 1527 2540 scripsi,

195 2561 335 2628 purgare
357 2561 407 2606 me
429 2539 487 2606 tibi
509 2540 570 2606 boc
592 2549 646 2606 tuo
668 2551 813 2628 ternpore
835 2561 928 2629 quam
951 2563 1098 2610 accusare
1120 2550 1150 2607 te
1174 2543 1300 2610 mallem
1321 2543 1416 2633 idque
1438 2556 1528 2633 puta-

195 2656 262 2702 rem
285 2656 357 2702 csse
377 2633 506 2700 rectius.
548 2639 656 2720 ltaque
677 2634 755 2701 nibil
771 2633 811 2702 de
832 2642 882 2710 te,
905 2635 992 2722 quod
1012 2635 1202 2715 crediderim
1225 2637 1266 2702 de
1287 2659 1353 2713 me,
1375 2640 1529 2725 quamob-

195 2750 263 2796 rem
297 2751 363 2794 non
395 2727 545 2796 debueris
573 2727 720 2806 medere,
750 2749 850 2814 pauca
879 2729 990 2796 dicam
1045 2735 1123 2796 Nam
1144 2730 1172 2798 si
1193 2751 1244 2796 me
1265 2730 1370 2798 mum
1390 2732 1527 2809 bonum,

195 2823 376 2910 sidignum
404 2822 444 2888 iis
476 2821 588 2888 studiis
616 2841 716 2911 eaque
748 2821 908 2900 doctrina,
942 2823 994 2890 cni
1014 2845 1066 2890 me
1088 2844 1106 2889 a
1127 2825 1264 2910 pueritie
1285 2824 1371 2902 dedi,
1405 2827 1433 2892 si
1453 2829 1567 2894 sadsss

196 2917 301 3003 magni
324 2916 441 2992 animi,
476 2935 540 2982 non
560 2916 684 2982 minimi
704 2916 830 2984 consilii
849 2918 883 2983 in
904 2916 1049 2984 maximis
1071 2916 1168 2984 rebus
1189 2927 1388 3005 perspectum
1409 2918 1527 2988 hebes:

196 3011 274 3078 nibil
303 3011 337 3076 in
367 3031 417 3076 me
446 3031 510 3077 non
538 3009 635 3078 modo
663 3008 869 3096 perfidiosum
891 3021 922 3076 et
942 3009 1129 3077 insidiosum
1151 3020 1183 3077 et
1204 3011 1299 3076 fallax
1320 3012 1354 3077 in
1375 3012 1527 3090 amicitia,

194 3107 249 3174 sed
273 3127 316 3172 ne
337 3105 455 3170 humile
469 3103 604 3192 quidem
626 3113 681 3170 aut
700 3103 843 3170 ieiunum
864 3101 961 3170 debes
981 3125 1164 3188 agnoscere.
1222 3109 1252 3170 8.
1275 3105 1329 3171 Sin
1351 3116 1456 3172 autem
1477 3129 1528 3176 me

195 3207 335 3268 astutum
357 3207 389 3264 et
410 3199 567 3266 cocullum
587 3195 676 3263 lubet
696 3195 832 3283 lingeret
855 3195 932 3283 quid
953 3205 1017 3272 est,
1039 3197 1127 3283 quod
1147 3198 1251 3264 minus
1264 3198 1378 3266 cadere
1391 3200 1425 3266 in
1445 3203 1531 3270 eius-

196 3294 286 3364 modi
307 3301 451 3360 naturam
472 3291 591 3379 possit,
625 3311 720 3378 quam
740 3298 795 3357 aut
815 3289 1030 3356 florentissimi
1051 3289 1187 3358 bominis
1208 3293 1370 3378 aspernari
1390 3293 1567 3363 beneio-rs

197 3388 328 3456 lentiam
347 3395 402 3452 aut
423 3385 493 3452 eius
520 3384 785 3452 existimationem
807 3403 990 3471 oppugnare
1021 3383 1054 3450 in
1074 3384 1258 3470 provincia,
1294 3386 1383 3454 cuius
1404 3388 1530 3458 laudem
1573 3397 1575 3402 ’

196 3481 286 3548 domi
308 3478 503 3558 delenderis;
526 3488 582 3545 aut
602 3479 634 3544 in
656 3499 694 3544 ea
715 3499 751 3544 re
773 3478 911 3544 animum
933 3477 1100 3544 ostendere
1118 3477 1295 3555 inimicum,
1317 3479 1350 3545 in
1372 3503 1434 3570 qua
1451 3484 1529 3554 nihil

197 3574 311 3654 obsis,
348 3572 455 3639 antid
477 3573 595 3658 eligere
617 3571 655 3638 sd
677 3570 857 3658 perfidiam,
880 3571 966 3659 qnod
987 3571 1247 3638 adiudicandum
1270 3573 1378 3640 odium
1399 3578 1533 3662 apertis-

198 3669 312 3736 simum
334 3669 391 3743 sit,
426 3665 466 3732 ad
486 3664 664 3732 nocendum
686 3664 902 3732 levissimum?
946 3664 1032 3744 Quid
1054 3674 1122 3731 erat
1141 3675 1261 3744 autem,
1283 3687 1341 3734 cur
1363 3689 1423 3755 ego
1443 3671 1478 3736 in
1499 3681 1530 3738 ta

198 3772 261 3829 tam
283 3759 490 3849 implacabilis
512 3779 632 3834 essem
655 3779 727 3826 cum
748 3767 779 3826 te
801 3781 844 3826 ex
864 3760 962 3826 fratre
984 3780 1056 3825 meo
1079 3781 1119 3826 ne
1135 3769 1208 3826 tunc
1222 3760 1365 3847 quidem,
1388 3784 1458 3830 cum
1473 3763 1570 3832 tibias

198 3876 301 3945 prope
322 3875 449 3922 necesse
471 3862 554 3920 esset
575 3874 628 3920 ces
649 3873 744 3938 agere
766 3861 885 3939 partes,
919 3853 1081 3920 mimicum
1102 3853 1179 3919 mibi
1199 3855 1297 3922 luisse
1318 3864 1530 3941 cognossem?

200 3955 279 4016 Cum
300 3970 379 4016 roro
401 3947 538 4014 reditum
559 3956 703 4012 nostrum
724 3947 757 4013 in
778 3947 909 4032 gratiam
931 3955 1065 4034 uterque
1087 3949 1273 4034 expetisset,
1304 3948 1381 4036 quid
1401 3949 1435 4015 in
1456 3971 1532 4018 con-

200 4043 303 4109 sulatu
326 4052 381 4109 tuo
401 4042 519 4108 frustra
540 4061 664 4106 mecum
686 4040 793 4126 egisti,
817 4041 903 4129 quod
924 4062 975 4107 me
997 4051 1051 4106 aut
1071 4040 1176 4107 lacere
1198 4051 1252 4108 aut
1274 4043 1393 4108 sentire
1413 4045 1531 4111 voluis-

201 4143 274 4203 ses?
319 4135 403 4215 Quid
434 4134 511 4200 mibi
540 4133 708 4211 mandasti,
745 4155 818 4200 cum
845 4145 875 4200 te
904 4135 1042 4205 Puteolis
1063 4155 1293 4223 prosequerer,
1326 4137 1359 4202 in
1380 4158 1445 4226 quo
1467 4157 1531 4204 non

201 4231 471 4317 exspectationem
492 4237 578 4296 tuam
600 4228 760 4314 diligentia
780 4249 851 4296 mea
872 4229 1026 4296 vicerimt
1069 4235 1099 4296 s.
1122 4229 1245 4308 Quodsi
1266 4229 1300 4297 id
1321 4240 1369 4299 est
1394 4233 1570 4298 maximeo

201 4324 314 4399 astuti.
337 4324 444 4390 omnia
464 4323 505 4391 ad
526 4343 615 4390 mam
635 4323 801 4389 utilitatem
822 4322 963 4399 relerre,
984 4322 1061 4410 quid
1082 4322 1160 4389 mibi
1178 4323 1302 4390 tandem
1324 4333 1392 4392 erat
1412 4324 1530 4402 utilius,

201 4417 278 4506 quid
300 4418 474 4488 commodis
496 4418 575 4484 meis
596 4418 715 4506 aptius,
750 4439 845 4506 mam
866 4418 1002 4484 bominis
1032 4416 1220 4484 nobilissimi
1241 4428 1335 4506 atque
1356 4417 1534 4484 honoratis·

202 4513 274 4578 simi
295 4511 491 4580 coniunctio:
508 4503 615 4620 (orius
637 4532 729 4599 opes,
762 4511 944 4598 ingenium,
966 4510 1077 4588 liberi,
1099 4510 1225 4588 affines,
1247 4513 1433 4601 propinqui,
1454 4512 1532 4580 mibi

202 4627 316 4694 magno
343 4607 393 4674 vel
422 4616 607 4674 ornamento
635 4606 686 4673 vel
720 4606 881 4693 praesidio
911 4627 981 4672 esse
1016 4587 1177 4703 possenti)
1212 4608 1300 4684 Quae
1335 4615 1438 4672 umen
1471 4627 1535 4693 ago
1599 4645 1665 4716 ‘2‘-

273 4791 300 4842 5.
327 4791 440 4854 meipso
457 4789 618 4855 mamni.
639 4811 668 4824 -
688 4790 715 4842 9.
734 4791 758 4840 tl
775 4789 844 4840 elom
861 4813 872 4826 ·
889 4813 902 4826 ·
919 4786 981 4852 aas]
999 4790 1110 4840 mlum
1127 4812 1161 4826 ·-
1179 4788 1309 4841 menis.
1330 4811 1358 4824 ·-
1381 4786 1481 4852 ideo]
1500 4804 1534 4842 eu

204 4859 242 4912 bl.
263 4885 293 4898 -
311 4856 344 4923 tt]
363 4861 390 4912 tt
407 4859 446 4914 it.
471 4881 504 4896 -
541 4860 584 4912 1³.
604 4861 779 4910 elmintonam
796 4859 916 4923 Epicteto
934 4873 990 4910 om.
1011 4859 1052 4918 ll,
1078 4855 1191 4910 seclusit
1220 4857 1251 4909 ll.
1279 4883 1312 4896 -
1359 4859 1404 4910 2⁰.
1424 4863 1533 4923 reperti·

205 4937 245 4981 tos
261 4929 299 4983 it.
328 4954 360 4966 -
396 4930 441 4982 2³.
467 4931 624 4981 credimrisr
654 4931 686 4980 ds
703 4943 762 4987 ms,
792 4929 960 4994 mmmmm
982 4928 1238 4993 Monyris-tagum:
1264 4929 1406 4980 ordume
1422 4932 1454 4981 ds
1474 4945 1533 4990 met

204 5000 369 5064 querebam
389 5000 419 5052 il.
441 5023 471 5038 -
508 5001 553 5052 25.
572 5001 605 5051 iis
623 4999 787 5050 Cratandara
807 5001 848 5050 bit
865 4999 925 5052 ills.
947 5023 977 5036 -
998 4999 1043 5050 20.
1063 4999 1131 5050 labet
1149 4997 1181 5049 li:
1200 4998 1271 5050 iubet
1288 4998 1333 5051 H:
1353 5000 1429 5051 tooot
1448 5001 1479 5052 lt.
1501 5023 1531 5038 ··

206 5069 249 5122 ³0.
268 5071 309 5122 Αι
329 5071 469 5122 Puteolos?
487 5069 539 5122 Οι.
560 5097 588 5108 -
627 5071 672 5121 to.
690 5071 781 5121 olem
799 5069 917 5136 malebat
936 5069 1085 5122 Ernestius.
