3628 5876
638 441 712 504 ΠΒ.
732 443 774 506 Χ.
816 443 875 507 ΕΡ.
899 443 928 505 1.
951 442 981 506 2.
1003 443 1034 507 3.
1095 515 1097 522 ,
1438 449 1496 512 tos

173 593 248 660 tiam
269 593 310 660 de
330 616 367 660 re
388 593 512 682 publiea
534 595 652 671 dicere,
694 596 750 665 nbi
770 619 821 664 me
842 608 874 663 et
897 599 1010 664 melius
1031 608 1062 665 et
1083 599 1212 687 propius
1233 600 1361 668 audiant
1382 603 1494 670 armati

173 710 268 776 quarn
290 700 461 756 senatores.
505 694 535 756 2.
559 695 760 778 Quapropter
780 695 812 756 in
833 690 963 777 privatis
982 689 1077 758 rebus
1097 693 1216 758 nullum
1233 715 1335 783 neque
1356 695 1495 763 officium

172 804 277 869 neque
299 783 437 848 studium
458 805 565 849 meum
586 785 793 864 desiderabis;
825 807 864 850 ne
886 785 917 850 in
940 785 1072 871 publicis
1094 787 1239 874 quidem,
1272 789 1299 856 si
1320 789 1397 877 quid
1418 791 1494 867 erit,

172 875 206 940 in
226 897 292 964 quo
324 898 375 941 mc
409 877 559 943 interesse
581 899 706 944 necesse
728 880 783 954 sit,
811 900 950 965 unquam
974 878 1085 954 deero,
1108 902 1150 946 ne
1169 903 1241 947 oum
1263 883 1403 968 periculo
1425 884 1495 971 qui-

173 968 246 1034 dem
269 991 357 1045 meo,
381 969 522 1056 dignitati
544 982 626 1039 tuae.
668 978 703 1038 ln
726 974 763 1040 iis
785 983 890 1039 autem
907 972 1020 1048 rebus,
1043 996 1122 1062 quae
1139 976 1356 1055 nihilominus,
1379 991 1414 1044 ut
1434 1001 1517 1066 egos

171 1059 288 1136 absim,
323 1063 434 1129 conlici
460 1073 625 1151 poterunt,
657 1075 775 1151 petua
804 1077 851 1140 te,
882 1074 918 1132 ut
945 1088 995 1132 me
1023 1069 1178 1136 rationem
1208 1068 1325 1138 habere
1359 1071 1436 1139 velis
1463 1082 1494 1139 ct

171 1155 279 1222 salutis
301 1169 332 1224 et
352 1157 510 1244 diguitatis
530 1179 629 1226 meae.

645 1302 704 1365 ιιι.
747 1299 796 1384 (A.
822 1300 1017 1385 ue.⁷1o.)

648 1424 791 1488 ClCERO
813 1424 966 1488 PLANCO
991 1426 1022 1489 S.

259 1537 285 1598 l.
309 1537 386 1598 Cum
409 1531 510 1618 ipsum
532 1533 682 1599 Furnium
703 1555 761 1620 per
785 1555 818 1599 se
840 1533 904 1599 vidi
918 1533 1139 1610 libentissime,
1162 1546 1228 1603 tum
1250 1537 1310 1604 hoc
1332 1538 1489 1618 libentius,
1504 1557 1531 1598 ¹⁰

168 1628 256 1715 quod
280 1628 365 1694 illum
396 1627 524 1693 audieus
553 1637 584 1694 te
611 1627 741 1694 videbar
767 1626 887 1694 audire.
929 1634 1006 1693 Nam
1029 1639 1060 1694 et
1081 1630 1113 1695 in
1134 1652 1170 1695 re
1193 1631 1321 1697 militari
1342 1633 1490 1703 virtutem

168 1729 201 1786 et
232 1721 263 1786 iu
292 1720 534 1787 administranda
562 1713 724 1808 provincia
763 1721 912 1788 iustitiam
944 1723 1027 1788 etin
1049 1724 1135 1788 omni
1156 1745 1273 1810 genere
1295 1730 1491 1814 prudentiam

167 1815 247 1882 milri
280 1825 365 1880 tuam
392 1815 540 1902 exposuit
566 1825 598 1881 et
623 1824 786 1903 praeterea
814 1813 892 1880 milri
913 1832 977 1880 nou
1000 1821 1137 1902 ignotam
1158 1817 1192 1883 in
1213 1822 1438 1889 consuetudine
1460 1835 1491 1891 et

166 1909 378 1974 familiaritate
400 1909 584 1976 suavitatem
606 1921 690 1976 tuam
713 1908 870 1984 adiunxit,
893 1919 1057 1996 praeterea
1081 1933 1234 1977 summam
1255 1934 1332 1998 erga
1355 1938 1388 1982 se
1410 1917 1490 1984 libe-

166 2002 333 2068 ralitatem.
378 2006 467 2081 Quae
489 2004 593 2070 omnia
616 2003 692 2068 milri
713 2001 864 2077 iucunda,
887 2002 947 2068 hoc
969 2012 1146 2070 extremum
1161 2004 1254 2070 etiam
1273 2017 1396 2092 gratum
1420 2011 1488 2078 fuit.
1503 2024 1529 2064 ¹³

167 2103 199 2164 2.
222 2102 309 2182 Ego,
330 2097 459 2172 Plance,
482 2097 740 2163 uecessitudinem
761 2095 960 2162 constitutam
979 2095 1074 2162 habui
1095 2120 1165 2164 cnm
1188 2097 1283 2165 domo
1300 2113 1402 2170 vestra
1418 2116 1490 2171 ante

166 2191 327 2277 aliquanto
351 2211 444 2277 quam
467 2201 501 2256 tu
523 2199 612 2256 natus
634 2213 683 2264 es,
705 2210 845 2255 amorem
866 2197 971 2254 autem
993 2210 1069 2275 erga
1092 2202 1122 2258 te
1144 2191 1184 2257 ab
1206 2193 1332 2262 ineunte
1354 2199 1490 2284 pucritia

167 2295 237 2361 tua;
260 2282 443 2350 confirmata
465 2285 526 2350 iam
549 2294 668 2357 aetate,
691 2282 932 2349 familiaritatem
954 2305 1026 2350 cum
1047 2285 1150 2352 studio
1173 2309 1261 2362 meo,
1284 2297 1350 2357 tum
1371 2292 1489 2359 iudicio

167 2389 223 2445 tuo
252 2377 462 2444 constitutam.
519 2379 575 2444 llis
602 2378 642 2444 de
663 2377 764 2443 causis
786 2377 973 2444 mirabiliter
994 2378 1085 2446 faveo
1107 2380 1248 2467 dignitati
1271 2391 1361 2461 tuae,
1395 2408 1488 2473 quam

166 2471 244 2538 milri
267 2481 369 2537 tecum
392 2482 495 2538 statuo
525 2471 640 2538 debere
662 2491 730 2536 esse
759 2492 969 2538 communem.
1027 2473 1139 2540 Omnia
1160 2497 1281 2541 summa
1303 2491 1489 2546 consecutus
1498 2492 1526 2530 *θ

166 2586 216 2640 es,
244 2564 361 2631 virtute
384 2565 479 2640 duce,
512 2566 626 2632 comite
649 2565 790 2642 fortuna3
825 2585 924 2650 eaque
946 2585 980 2630 es
1002 2565 1132 2652 adeptus
1154 2567 1350 2644 adolescens,
1384 2573 1489 2640 multis

165 2656 391 2734 invidentibus,
414 2681 493 2746 quos
509 2659 636 2745 ingenio
651 2658 865 2744 industriaque
887 2657 1017 2744 fregisti.
1060 2663 1147 2725 Nunc
1168 2681 1219 2726 me
1240 2664 1488 2734 amantissimum

164 2756 231 2827 tui,
262 2752 379 2818 nemini
405 2752 640 2828 concedentem,
675 2751 729 2838 qui
750 2749 805 2816 tibi
827 2759 979 2818 vetustate
1002 2753 1238 2820 necessitudinis
1264 2757 1370 2842 potior
1390 2760 1489 2844 possit

165 2867 251 2920 esse,
285 2847 312 2912 si
345 2846 468 2923 audies,
505 2868 631 2913 omnem
658 2845 714 2912 tibi
741 2844 882 2931 reliqua'e
913 2844 995 2910 vitae
1026 2844 1207 2929 dignitatem
1234 2870 1275 2914 ex
1297 2851 1417 2936 optimo
1439 2854 1488 2919 rei

164 2939 308 3028 publicae
330 2952 412 3008 statu
433 2942 587 3029 acquires.
629 2946 660 3007 3.
682 2939 748 3005 Seis
770 2937 913 3025 proiecto
935 2975 975 2986 -
998 2939 1074 3004 nilril
1096 2945 1178 3007 enim
1201 2951 1231 3006 te
1253 2941 1363 3027 lugere
1384 2946 1522 3031 potuit¹³

164 3067 204 3079 -
227 3033 326 3101 fuisse
349 3035 506 3123 quoddam
528 3048 668 3122 tempus,
704 3053 776 3098 cum
798 3031 940 3097 homines
962 3033 1178 3099 existimarent
1198 3043 1228 3100 te
1251 3035 1344 3102 nimis
1366 3039 1487 3105 servire

163 3128 375 3213 temporibus;
410 3130 495 3217 quod
525 3151 584 3216 ego
607 3147 734 3215 quoque
756 3125 986 3201 existimarem,
1021 3136 1050 3191 te
1071 3127 1099 3193 si
1120 3149 1173 3202 ea,
1205 3149 1285 3216 quae
1307 3129 1485 3214 patiebare,
1547 3174 1556 3188 ι

163 3219 302 3312 probare
324 3222 418 3289 etiarn
440 3223 622 3291 arbitrarer.
665 3219 727 3286 Sed
749 3240 819 3283 cum
841 3217 1064 3304 intelligerem,
1088 3219 1163 3307 quid
1185 3221 1334 3296 sentires,
1356 3232 1387 3288 te
1402 3223 1487 3290 arhi-

164 3315 272 3380 trabar
294 3314 416 3390 videre,
454 3315 528 3402 quid
550 3335 670 3402 posses.
724 3316 812 3377 Nunc
832 3311 891 3376 alia
913 3311 993 3378 ratio
1016 3321 1076 3378 est:
1105 3313 1245 3379 omnium
1267 3336 1375 3380 rerum
1397 3326 1484 3383 tuum

162 3409 314 3475 iudicium
337 3419 384 3475 est
400 3409 493 3497 idque
506 3409 652 3475 liberum.
696 3405 810 3473 Consul
830 3427 863 3471 es
878 3405 1073 3491 designatus,
1095 3407 1212 3493 optima
1228 3417 1341 3483 aetate,
1364 3425 1523 3477 summa³t

163 3503 358 3591 eloquentia,
381 3506 516 3570 maxima
538 3505 673 3571 orbitate
695 3502 741 3566 rei
760 3499 906 3588 publicae
921 3500 1064 3567 virorum
1079 3501 1197 3566 talium.
1240 3503 1404 3581 incumbe,
1427 3527 1485 3592 per

163 3597 240 3664 deos
257 3598 462 3665 immortalesl
486 3599 517 3665 in
532 3621 602 3666 eam
617 3617 724 3664 curam
740 3605 772 3661 et
787 3595 1025 3680 cogitationem,
1048 3617 1129 3681 quae
1144 3594 1201 3661 tibi
1216 3617 1370 3662 summam
1384 3597 1486 3684 digni-
1544 3591 1552 3604 '

162 3701 258 3758 tatem
280 3701 312 3757 et
333 3693 464 3778 gloriam
486 3692 606 3758 aderat.
650 3695 733 3758 Unus
754 3701 859 3758 antem
882 3701 943 3764 est,
966 3691 1027 3757 lroc
1046 3693 1231 3778 praesertim
1247 3701 1404 3776 tempore,
1427 3713 1485 3778 per

162 3793 210 3850 tot
235 3805 335 3851 annos
366 3806 403 3852 re
435 3783 558 3872 publica
580 3785 747 3861 devexata,
784 3785 832 3852 rei
854 3783 998 3871 publicae
1027 3785 1107 3852 bene
1129 3785 1288 3872 gerundae
1313 3806 1423 3851 cursus
1444 3785 1484 3851 ad

161 3879 306 3964 gloriam.
349 3883 380 3944 4.
402 3883 487 3946 ilaec
508 3902 616 3946 amore
638 3879 735 3965 magis
756 3880 909 3966 impulsus
931 3879 1096 3945 scribenda
1124 3879 1163 3945 ad
1186 3889 1217 3944 te
1244 3877 1365 3966 putavi,
1388 3893 1523 3965 quamn

161 3993 227 4059 quo
249 3981 279 4038 te
302 3970 475 4039 arbitrarer
495 3974 621 4040 monitis
643 3982 674 4039 et
694 3973 868 4061 praeceptis
890 3995 994 4059 egere.
1039 3972 1181 4039 Sciebam
1203 3978 1286 4038 enim
1309 3993 1348 4036 ex
1371 3971 1483 4037 iisdem

161 4077 193 4131 te
224 4065 302 4132 haec
329 4068 457 4133 haurire
487 4067 639 4142 lontibus,
670 4089 710 4132 ex
738 4067 852 4154 quibus
884 4068 952 4153 ipse
989 4065 1163 4132 hauseram.
1221 4069 1327 4144 Quare
1353 4065 1483 4130 modum

161 4158 284 4225 faciam.
326 4166 414 4226 Nunc
436 4171 553 4228 tanturn
575 4161 811 4247 significandum
832 4161 953 4248 putavi,
975 4169 1010 4227 nt
1029 4161 1135 4247 potius
1153 4181 1291 4225 amorem
1309 4158 1365 4224 tibi
1379 4169 1484 4224 osten-

162 4252 272 4320 derem
294 4277 416 4328 meum,
439 4277 531 4342 quam
555 4265 745 4322 ostentarem
768 4254 975 4342 prudentiam.
1025 4259 1164 4328 Interea,
1188 4275 1268 4341 quae
1289 4251 1329 4318 ad
1350 4251 1481 4336 dignita-

162 4357 224 4412 tem
246 4358 332 4414 tuam
353 4350 512 4436 pertinere
534 4349 729 4423 arbitrabor,
752 4349 890 4416 studiose
913 4347 1140 4435 diligenterque
1162 4346 1291 4413 curabo.
1491 4365 1522 4408 ao

229 4565 256 4616 Β.
274 4563 365 4630 nsqrn]
385 4580 464 4631 nemu
481 4567 519 4618 Μ.
541 4591 571 4604 -
607 4566 635 4617 d.
654 4571 759 4618 merant
777 4567 815 4618 Μ.
837 4592 866 4602 -
904 4567 931 4616 a.
949 4572 1073 4628 potarum
1092 4565 1187 4616 Dresd.
1208 4565 1319 4614 tertius:
1338 4571 1425 4626 potest
1442 4563 1479 4623 Μ,

159 4642 268 4696 possunt
288 4636 318 4686 E.
340 4659 368 4671 -
390 4637 432 4686 13.
451 4645 475 4688 et
493 4638 557 4688 mitt
574 4643 684 4688 auctore
704 4637 826 4688 Ernestio
840 4636 990 4686 Schtttrtus.
1005 4637 1076 4685 Fert.
1090 4644 1114 4685 st
1126 4637 1281 4698 praesertim
1292 4635 1366 4683 miti.
1385 4634 1436 4685 On.
1450 4657 1480 4669 -

162 4703 325 4754 1t.summa
341 4705 380 4756 Μ.
414 4730 445 4741 -
483 4709 525 4756 17.
545 4721 571 4757 er
588 4707 632 4758 M:
651 4721 716 4758 esses
735 4709 764 4758 ll.
797 4732 828 4743 -
865 4709 908 4758 19.
928 4707 1098 4755 constitutam
1119 4719 1181 4755 cum
1200 4705 1284 4755 codd.
1305 4704 1407 4767 aliquot
1425 4701 1480 4754 del.

161 4773 408 4836 &aretinarum
434 4777 461 4826 tn
480 4789 513 4827 ao
539 4777 604 4827 latet
627 4777 715 4828 simile
733 4778 843 4842 aliquod
863 4776 1041 4836 vocabulum,
1069 4775 1153 4826 veluti
1170 4777 1357 4826 emundatum.
1377 4773 1428 4825 On.
1449 4799 1480 4810 -

160 4843 203 4894 2⁰.
220 4845 311 4896 Mers
336 4860 387 4898 essa
405 4861 563 4898 communem
588 4849 646 4898 Vb:
678 4848 770 4898 tolero
787 4861 839 4897 erre
857 4861 1015 4896 communem
1034 4845 1078 4907 M,
1110 4847 1203 4896 notan
1220 4859 1379 4894 communem
1398 4845 1427 4894 ll.
1449 4869 1481 4882 -

161 4913 204 4964 29.
231 4917 303 4966 rasso
328 4924 366 4966 est
395 4919 511 4967 omniane
536 4931 640 4969 emm:
666 4925 738 4968 onon
765 4919 887 4968 indicium
916 4917 1059 4966 Victorius.
1089 4941 1120 4952 -
1158 4915 1200 4966 32.
1226 4916 1352 4964 discreto
1377 4915 1480 4977 ltepett.

163 4981 255 5036 lamb.
275 5009 307 5022 -
343 4987 382 5038 ret
397 4987 516 5049 norrea«
534 4990 595 5038 tora
610 4991 742 5054 parumne
760 4989 804 5042 Μι
834 5002 862 5039 rs
877 4987 982 5051 peditto
1000 4987 1061 5038 lens
1077 4987 1191 5051 qnando
1209 4985 1241 5036 ll.
1264 5009 1291 5019 -
1328 4984 1371 5035 36.
1392 4991 1417 5036 ta
1435 4997 1483 5038 or-

162 5051 276 5108 turam
293 5054 337 5106 lt:
357 5057 506 5110 amoram
524 5065 548 5110 ts
567 5057 597 5108 B.
