3658 5930
629 493 634 504 ·
693 471 766 532 LlB.
788 469 870 532 xlv.
914 470 973 532 ΕΡ.
998 469 1047 531 13.
1462 475 1524 537 699

194 628 238 694 tia
259 648 330 692 meu
351 625 453 692 levior
475 625 515 690 sit
535 625 619 712 apud
640 635 681 693 te.
727 623 849 704 Quodsi
870 623 992 691 bonitas
1014 634 1067 691 tna
1090 627 1289 712 responderit
1309 628 1428 696 iudicio
1441 651 1523 707 meo,

194 721 281 808 quod
302 740 427 806 semper
448 718 544 785 babui
566 718 606 784 de
632 729 680 795 te,
717 719 875 806 gaudebo.
918 723 947 788 2.
970 724 995 785 tt
1019 722 1152 786 Caesare
1173 721 1266 806 petii,
1298 732 1332 788 ut
1354 727 1427 790 Sex.
1454 724 1526 790 Clo·

195 815 282 880 dium
314 814 513 890 restitueret;
551 813 725 900 impetravi.
790 819 864 880 Erat
892 812 970 878 mibi
998 813 1030 878 in
1061 812 1167 878 animo
1203 815 1364 882 etiamtum
1398 817 1443 884 sic
1478 820 1523 884 uti

195 907 349 974 beneficio
371 909 453 981 eius,
479 909 514 982 ¹si
536 917 571 974 tn
593 909 812 976 concessisses.
864 911 937 986 Quo
959 907 1056 992 magis
1078 907 1202 982 laboro,
1232 918 1268 973 ut
1289 918 1341 974 tua
1363 911 1523 976 voluntate

194 1001 226 1066 id
255 1022 313 1088 per
340 1022 391 1066 me
419 1001 522 1076 lacere
552 1023 635 1068 nnnc
661 1003 762 1068 liceat.
822 1001 944 1080 Quodsi
977 1001 1140 1066 duriorem
1174 1011 1204 1068 te
1226 1003 1294 1068 eius
1326 1009 1459 1070 miserae
1493 1014 1542 1072 ets

193 1095 326 1160 afflictae
347 1093 492 1160 fortunae
514 1094 658 1180 praebes,
687 1117 750 1161 non
778 1095 962 1161 contendam
987 1116 1047 1180 ego
1069 1095 1219 1161 adversus
1242 1106 1281 1161 te.
1327 1099 1523 1183 Quamquam

192 1188 305 1254 videor
326 1187 442 1252 debere
465 1188 547 1254 tueri
569 1195 828 1255 commentarium
851 1189 1004 1254 Caesaris.
1063 1189 1124 1255 Sed
1145 1189 1343 1266 mehercule,
1363 1191 1394 1256 -si
1417 1191 1525 1258 buma-

193 1283 276 1348 niter
298 1292 330 1347 et
350 1284 508 1368 sapienter
529 1293 559 1348 ct
580 1283 756 1350 amabiliter
776 1283 809 1347 in
838 1303 889 1346 me
917 1281 1056 1366 cogitare
1085 1284 1146 1356 vis,
1183 1281 1305 1350 facilem
1327 1285 1470 1370 prolecto
1492 1296 1524 1352 te

192 1374 359 1463 praebebis
381 1385 412 1441 et
433 1377 520 1442 voles
542 1381 574 1443 P.
599 1378 763 1452 Clodium,
798 1376 916 1461 optima
937 1375 970 1439 in
992 1396 1047 1462 spe
1070 1397 1203 1462 puerum
1226 1379 1421 1464 repositum,
1458 1381 1526 1444 exi·

193 1471 321 1535 stimare
343 1491 406 1535 non
429 1480 458 1534 te
480 1471 664 1536 insectatum
686 1491 769 1542 esse,
792 1491 863 1534 cnm
886 1470 1043 1555 potueris,
1073 1471 1189 1538 amicos
1212 1481 1369 1557 paternos.
1413 1477 1445 1540 3.
1467 1478 1561 1539 Pa-ro

193 1573 277 1636 tere,
315 1561 467 1638 obsecro,
503 1575 535 1629 te
557 1586 617 1650 pro
638 1571 674 1629 r'e
695 1562 821 1649 publica
852 1563 953 1628 videri
975 1563 1109 1649 gessisse
1130 1566 1316 1632 simultatem
1340 1578 1524 1654 compatre

193 1657 272 1724 eius.
315 1662 383 1722 Non
402 1659 629 1744 contempseris
647 1658 725 1723 banc
747 1657 905 1722 familiam.
949 1659 1119 1724 Honestius
1141 1659 1225 1724 enim
1248 1668 1279 1724 et
1299 1659 1448 1728 libentius
1470 1661 1525 1728 de·

192 1752 340 1838 ponimus
372 1752 548 1819 inimicitias
577 1753 624 1818 rei
655 1751 800 1839 publicae
826 1750 952 1816 nomine
982 1763 1142 1837 susceptas
1172 1775 1266 1840 quam
1299 1757 1522 1821 contumaciae.

191 1851 242 1912 Me
265 1846 378 1912 deinde
400 1847 466 1911 sine
489 1847 528 1914 ad
550 1847 629 1912 bane
650 1846 830 1932 opinionem
854 1845 915 1910 iam
939 1867 1021 1910 nunc
1042 1846 1180 1932 dirigere
1202 1868 1335 1934 puerum
1359 1859 1391 1914 et
1415 1859 1523 1917 tenero

192 1944 297 2007 animo
320 1941 386 2006 eius
408 1941 601 2027 persuadere
633 1962 697 2005 non
726 1961 795 2005 esse
825 1939 992 2005 tradendas
1018 1944 1153 2027 posteris
1175 1942 1362 2008 inimicitias.
1407 1948 1520 2023 Quam·
1536 1963 1560 2004 to

192 2057 287 2124 quam
309 2045 392 2100 tuam
416 2035 591 2110 fortunam,
629 2034 756 2109 Cicero,
790 2033 829 2099 ab
851 2034 938 2099 omni
959 2035 1102 2120 periculo
1124 2036 1233 2102 abesse
1255 2048 1377 2103 certum
1399 2037 1521 2114 babeo,

191 2139 297 2195 tamen
335 2127 474 2194 arbitror
509 2129 601 2195 malle
638 2138 668 2193 te
715 2129 853 2215 quietam
886 2136 1076 2194 senectutem
1114 2139 1145 2195 et
1180 2130 1385 2196 bonorilicam
1417 2132 1522 2219 potius

191 2245 286 2309 agere
319 2243 412 2310 qnam
446 2223 621 2288 sollicitam.
675 2227 839 2288 Postremo
870 2241 941 2286 meo
969 2222 1039 2286 iure
1069 2231 1100 2289 te
1127 2223 1188 2290 boc
1215 2223 1402 2291 beneficium
1430 2247 1521 2312 rogo.

190 2319 274 2385 Nihil
307 2317 390 2381 enirn
419 2339 482 2383 non
513 2327 564 2382 tna
595 2337 687 2382 causa
710 2315 780 2382 leci.
824 2314 967 2394 Quodsi
997 2337 1060 2381 non
1082 2321 1234 2403 impetro,
1257 2340 1316 2404 per
1338 2340 1388 2383 me
1411 2319 1522 2384 Clodio

191 2411 322 2478 daturus
345 2433 515 2488 nonsun1;
549 2421 584 2476 nt
604 2411 776 2494 intelligas,
812 2407 922 2495 quanti
942 2408 1027 2494 apud
1047 2431 1099 2476 me
1121 2413 1291 2478 auctoritas
1313 2420 1367 2476 tua
1388 2412 1444 2486 sit,
1477 2423 1560 2476 at-ao

189 2528 254 2593 que
276 2528 315 2572 eo
337 2517 367 2573 te
388 2505 623 2594 placabiliorem
645 2502 809 2592 praebeas.

834 2678 869 2738 Β.

602 2797 745 2863 ClCERO
767 2797 943 2862 ANTONIO
967 2797 1051 2862 COS.
1074 2799 1105 2862 S.

276 2934 304 2994 1.
328 2927 422 3007 Quod
443 2933 566 2994 mecum
589 2948 648 3014 per
669 2927 787 2991 litteras
809 2926 890 3010 agis,
924 2946 1017 2989 unam
1049 2926 1090 2992 ob
1121 2949 1245 2993 oausam
1269 2930 1392 2995 mallem
1414 2953 1520 2998 coram

189 3024 317 3110 egisses.
374 3029 443 3088 Nou
472 3023 553 3087 enirn
582 3022 684 3086 solum
712 3041 752 3086 ex
775 3020 918 3085 oratione
939 3019 995 3083 sed
1017 3023 1111 3088 etiam
1147 3043 1186 3087 ex
1208 3023 1297 3088 vultu
1319 3033 1351 3088 et
1371 3025 1470 3089 oculis
1491 3035 1559 3090 et²⁵

188 3117 293 3182 fronte
322 3153 363 3163 -
390 3127 426 3182 ut
457 3117 544 3182 aiunt
574 3151 616 3164 -
651 3136 755 3180 meum
784 3135 858 3199 erga
889 3125 919 3181 te
952 3137 1093 3184 amorem
1141 3123 1321 3203 perspicere
1356 3119 1522 3205 potuisses.

187 3215 282 3287 Nam,
316 3232 387 3276 oum
410 3221 440 3276 te
463 3230 588 3295 semper
609 3209 726 3284 amari,
762 3208 899 3295 primurn
922 3220 977 3278 tuo
1000 3211 1121 3286 studio,
1158 3212 1344 3298 postellam
1367 3211 1520 3278 beneficio

188 3315 396 3391 provocatus,
432 3315 499 3369 tum
528 3304 576 3370 bis
604 3302 798 3390 temporibus
824 3324 876 3368 res
905 3305 1029 3390 publica
1054 3315 1083 3370 te
1106 3305 1180 3370 mibi
1204 3305 1247 3370 ita
1269 3308 1520 3383 commendavit,

188 3409 224 3464 ut
245 3399 399 3464 cariorem
422 3397 553 3464 babeam
575 3398 746 3463 neminem.
792 3401 821 3462 2.
845 3398 982 3465 Litterae
1004 3421 1080 3464 vero
1103 3410 1175 3464 tune
1198 3422 1269 3465 cum
1292 3402 1519 3476 amantissime,

188 3501 255 3561 tum
278 3491 591 3558 bonorificentissime
613 3493 745 3577 scriptae
778 3491 823 3556 sic
844 3513 894 3556 me
917 3494 1105 3568 affecerunt,
1143 3505 1177 3560 nt
1201 3516 1264 3560 non
1288 3495 1362 3559 dare
1385 3494 1442 3560 tibi
1464 3495 1557 3561 bem*⁰

188 3585 333 3650 neticium
362 3585 489 3652 viderer
523 3585 578 3652 sed
611 3587 753 3672 accipere
783 3607 800 3649 a
831 3595 861 3650 te
888 3586 931 3652 ita
955 3597 1101 3674 petente,
1138 3598 1174 3652 ut
1200 3589 1362 3653 inimicum
1395 3610 1519 3664 meum,

188 3684 399 3778 necessarium
415 3692 514 3756 tuum,
537 3703 588 3745 me
602 3681 701 3746 invito
724 3701 852 3744 servare
874 3683 993 3758 nolles,
1016 3703 1087 3747 eum
1111 3681 1143 3746 id
1165 3683 1251 3749 nullo
1271 3685 1399 3770 negotio
1415 3685 1520 3750 lacere
1614 3675 1637 3768 A

187 3797 307 3862 posses.
365 3782 396 3845 3.
426 3780 493 3861 Ego
516 3797 592 3841 vero
616 3774 671 3841 tibi
693 3775 791 3849 istuc,
813 3775 857 3838 mi
878 3776 1013 3852 Antoni,
1036 3776 1181 3855 remitto;
1216 3788 1309 3864 atque
1330 3777 1391 3852 ita,
1413 3790 1448 3845 nt
1469 3801 1520 3844 me
1547 3836 1549 3840 ,

187 3881 275 3945 ate,
310 3891 380 3936 cum
406 3869 445 3934 iis
474 3869 579 3934 verbis
612 3867 794 3954 scripseris,
832 3867 1050 3935 liberalissime
1079 3881 1173 3956 atque
1203 3870 1519 3937 bonorificentissime

187 3972 351 4030 tractatum
374 3963 572 4039 existimem
606 3963 700 4049 idque
723 3983 793 4027 cum
817 3971 931 4038 totum,
965 3985 1094 4052 quoquo
1118 3964 1213 4030 modo
1235 3987 1268 4029 se
1291 3986 1344 4030 res
1366 3964 1558 4040 baberet,³⁵

188 4056 245 4122 tibi
267 4057 402 4122 dandum
425 4069 582 4142 putarem,
617 4067 682 4123 tum
705 4055 746 4122 do
770 4060 863 4122 etiam
887 4057 1070 4123 humanitati
1092 4067 1123 4124 et
1145 4067 1274 4122 naturae
1296 4079 1396 4124 meae.
1439 4059 1519 4124 Nibil

187 4157 271 4217 enim
294 4173 432 4237 unquam
455 4172 518 4216 non
541 4151 635 4216 modo
664 4149 812 4216 acerbum
835 4152 939 4216 inme
966 4152 1024 4217 init
1047 4153 1102 4217 sed
1125 4173 1163 4216 ne
1186 4151 1291 4236 paullo
1314 4152 1442 4237 quidem
1465 4152 1520 4219 tri·

187 4250 265 4311 stius
299 4257 353 4310 ant
383 4246 547 4318 severius,
592 4267 685 4332 quam
718 4245 886 4310 necessitas
919 4246 966 4311 rei
1001 4246 1146 4332 publicae
1180 4245 1358 4332 postularit.
1424 4253 1520 4312 Acce·

187 4337 252 4414 dit,
289 4348 325 4403 ut
361 4361 400 4403 ne
435 4340 467 4403 in
497 4339 599 4427 ipsum
637 4339 762 4428 quidem
794 4339 938 4406 Clodium
977 4361 1082 4405 meum
1120 4340 1240 4424 insigne
1277 4339 1386 4405 odium
1424 4338 1519 4405 luerit

186 4453 344 4519 unquam;
367 4455 555 4520 semperque
577 4433 619 4498 ita
641 4433 751 4506 statui,
774 4454 837 4498 non
860 4455 929 4498 esse
952 4433 1150 4500 insectandos
1172 4432 1372 4498 inimicorum
1388 4433 1555 4506 amicoso

186 4528 373 4613 praesertim
396 4527 601 4600 humiliores,
635 4548 693 4592 nec
715 4526 762 4592 bis
792 4527 959 4614 praesidiis
980 4539 1103 4593 nosmet
1124 4529 1210 4613 ipsos
1233 4548 1302 4592 esse
1325 4524 1516 4612 spoliandos.

256 4747 282 4802 Ξ.
304 4745 435 4811 Clodium]
457 4747 555 4796 cattam
574 4762 614 4810 pr.
633 4748 670 4798 Μ.
693 4773 723 4783 -
759 4748 787 4796 i.
807 4743 847 4810 ut]
867 4755 892 4798 et
910 4749 979 4809 ΜΕ,
1003 4754 1033 4798 ut
1051 4754 1074 4796 et
1096 4748 1116 4798 l.
1147 4771 1170 4782 -
1198 4754 1274 4796 tuom
1291 4747 1455 4797 uoluntatem
1473 4761 1515 4812 pr.

185 4817 224 4868 Μ.
245 4841 276 4853 -
315 4819 340 4868 5.
362 4833 433 4868 nunc
451 4832 505 4868 om.
528 4819 548 4867 l.
572 4843 600 4853 -
633 4818 711 4866 liceat
729 4831 784 4868 om.
805 4819 838 4867 R.
859 4842 890 4855 ·-
909 4818 936 4869 b.
955 4820 1050 4872 Malim
1067 4816 1216 4881 malote.
1236 4816 1287 4868 02.
1309 4843 1340 4854 -
1368 4816 1394 4866 8.
1415 4825 1518 4880 tapro-

185 4886 252 4950 [ecto
271 4887 294 4936 l.
324 4914 355 4925 -
392 4889 419 4939 e.
439 4891 542 4950 optima
560 4890 589 4936 in
607 4900 651 4948 epe
670 4887 818 4938 Lambinus
837 4890 864 4937 in
884 4888 962 4939 Coris
982 4903 1036 4940 ree.
1055 4901 1071 4938 e
1089 4887 1175 4938 cod:
1194 4888 1224 4936 iu
1241 4888 1342 4951 optimo
1359 4900 1404 4948 spe
1422 4887 1515 4949 Mun,

185 4959 215 5006 in
233 4970 279 5020 spe
297 4960 398 5020 optimu
418 4959 440 5008 l·
468 4984 496 4994 -
536 4959 579 5008 tt.
599 4957 723 5018 obscero,
744 4965 767 5009 te
783 4971 835 5020 pro
856 4957 991 5010 orantus:
1019 4958 1124 5008 obsecro
1142 4961 1185 5017 te,
1202 4969 1255 5019 pro
1275 4958 1304 5008 ll.
1335 4983 1364 4994 -·
1403 4959 1446 5008 15.
1466 4960 1517 5006 ins·-

185 5029 302 5078 micttiar
329 5043 385 5078 om.
413 5029 435 5078 l.
468 5051 497 5062 -·
536 5028 577 5077 to.
603 5027 697 5079 Malim
716 5029 753 5078 mi
771 5030 868 5080 cicero
898 5029 949 5081 On.
980 5053 1008 5063 -
1049 5030 1092 5077 25·
1117 5028 1278 5090 epicrocum
1298 5028 1407 5079 Gruteri
1426 5031 1516 5092 operis

187 5099 217 5148 li.
239 5123 271 5136 ·-
309 5098 353 5150 2⁹·
374 5094 443 5161 cum]
463 5103 519 5148 tum
539 5099 560 5148 l.
584 5119 614 5132 -
651 5099 695 5148 ³4.
716 5099 750 5148 iis
769 5097 905 5150 Orellius:
925 5100 964 5149 lu's
983 5100 1079 5150 llllilll.
