3662 5908
322 400 385 462 282
751 397 1026 461 EPISTOLARUM
1047 399 1100 459 AI)
1122 398 1212 460 FAM.

321 554 435 629 rebus,
472 553 558 620 domi
579 554 692 639 togati,
728 555 840 620 armati
861 552 954 626 foris,
982 552 1053 638 pari
1074 551 1226 618 industria
1249 553 1460 618 administrari
1483 555 1649 639 gaudeam.

322 656 448 737 ltaque,
478 648 562 735 quod
584 669 644 736 pro
672 648 886 714 meoiudicio
915 647 1020 712 facere
1048 647 1152 731 potui,
1186 657 1222 712 ut
1251 646 1427 713 innocentia
1452 648 1649 734 consilioque

323 753 378 809 tuo
396 742 555 808 defensam
576 741 786 827 provinciam,
814 751 970 806 servatum
991 738 1212 806 Ariobarzanis
1229 761 1301 806 cum
1322 741 1391 826 ipso
1409 762 1484 826 rege
1504 761 1648 825 regnum,

322 838 482 903 sociorum
503 845 682 901 revocatam
704 834 744 900 ad
763 834 899 901 studium
915 833 1043 921 imperii
1066 834 1166 899 nostri
1184 834 1374 900 voluntatem
1397 837 1548 901 sententia
1577 857 1647 901 mea

300 939 355 996 set
373 930 499 996 decreto
523 929 699 1002 laudarem,
737 928 808 994 leci.
852 933 881 993 2.
905 927 1171 1015 supplicationem
1198 927 1369 1003 decretam,
1392 930 1420 994 si
1446 938 1496 1003 tu,
1534 931 1648 1018 quain

322 1046 358 1089 re
380 1023 456 1089 nibil
476 1023 607 1088 fortuito
631 1021 686 1088 sed
706 1043 826 1087 summa
847 1031 899 1087 tua
926 1022 1047 1088 ratione
1076 1031 1107 1086 et
1128 1021 1318 1088 continentia
1340 1024 1388 1089 rei
1411 1023 1555 1111 publicae
1574 1045 1647 1110 pro·

323 1118 425 1183 visum
449 1125 512 1190 est,
550 1116 597 1182 dls
622 1114 852 1180 immortalibus
873 1116 1022 1202 gratulari
1044 1137 1102 1181 nos
1128 1138 1222 1204 quam
1248 1116 1305 1182 tibi
1334 1117 1456 1182 relerre
1486 1131 1647 1204 acceptum

323 1210 438 1284 mavis,
461 1210 594 1296 gaudeo.
638 1209 759 1288 Quodsi
780 1210 930 1296 triumpbi
948 1209 1199 1296 praerogativam
1217 1220 1307 1296 putas
1330 1211 1585 1298 supplicationem
1616 1221 1647 1276 et

322 1303 440 1370 idcirco
466 1325 571 1369 casum
594 1304 699 1390 potius
724 1325 818 1390 quam
843 1314 873 1370 te
901 1303 1023 1370 laudari
1044 1303 1156 1379 mavis,
1193 1325 1295 1391 neque
1315 1304 1574 1390 supplicationem
1597 1325 1646 1369 se-

288 1421 314 1458 a·
325 1398 432 1485 quitur
451 1419 576 1484 semper
596 1398 771 1484 triumphus
791 1408 823 1464 ct
844 1397 1004 1484 triumpho
1022 1397 1121 1462 multo
1143 1398 1257 1463 clarius
1277 1409 1325 1464 est
1342 1407 1483 1464 senatum
1507 1398 1646 1464 indicare

325 1493 430 1576 potius
455 1492 691 1558 mansuetudine
713 1501 744 1556 et
765 1491 942 1557 innocentia
963 1491 1162 1576 imperatoris
1183 1492 1377 1578 provinciam
1399 1495 1545 1578 quamsi
1567 1492 1646 1556 mili·

326 1599 390 1651 tum
418 1596 471 1652 aut
499 1586 687 1671 benignitate
718 1586 851 1651 deornm
881 1594 1034 1651 retentam
1068 1596 1161 1671 atque
1189 1594 1403 1652 conservatam
1429 1605 1524 1662 essc;
1561 1584 1646 1671 quod

324 1701 384 1764 ego
406 1703 476 1746 mea
500 1681 651 1746 sententia
679 1680 855 1746 censebam.
912 1685 942 1746 3.
970 1684 1071 1766 Atque
1094 1680 1171 1744 baec
1197 1701 1257 1765 ego
1278 1679 1396 1746 idcirco
1421 1679 1461 1743 ad
1482 1688 1513 1743 te
1539 1687 1646 1744 contra

324 1775 581 1840 consuetudinem
602 1796 703 1840 meam
724 1773 868 1861 pluribus
888 1774 1017 1859 scripsi,
1038 1783 1088 1846 ut,
1110 1774 1196 1860 quod
1214 1774 1349 1839 maxime
1370 1774 1464 1848 volo,
1488 1773 1647 1839 existimes

291 1889 374 1932 tarne
395 1868 556 1943 laborare,
586 1878 622 1936 ut
648 1868 706 1934 tibi
728 1869 934 1955 persuadeam
951 1889 1002 1934 me
1026 1877 1056 1932 et
1077 1868 1213 1933 voluisse
1235 1869 1274 1933 de
1293 1876 1345 1934 tua
1363 1868 1539 1941 maiestate,
1562 1866 1647 1952 quod

324 1963 548 2048 amplissimum
568 1964 627 2028 sim
648 1963 836 2036 arbitratus,
871 1973 917 2037 et,
946 1961 1031 2049 quod
1051 1972 1084 2028 tu
1102 1963 1254 2038 maluisti,
1276 1962 1389 2027 factum
1413 1981 1482 2026 esse
1499 1960 1646 2045 gaudere.

327 2056 400 2121 Vale
431 2067 463 2122 et
488 2079 546 2122 nos
569 2057 664 2141 dilige
686 2066 717 2122 et
743 2056 884 2122 instituto
911 2056 1024 2121 itinere
1052 2056 1252 2122 severitatem
1278 2055 1533 2141 diligentiamque
1555 2054 1647 2120 sociis

325 2161 356 2214 et
377 2150 590 2238 reipublicae
611 2159 745 2238 praesta.

805 2292 852 2355 vr.
895 2287 946 2370 (A.
972 2292 1004 2356 n.
1026 2293 1058 2355 o.
1080 2295 1169 2372 roe.)

288 2447 316 2485 so
430 2469 436 2488 ,
705 2418 747 2479 Μ.
769 2413 967 2480 CICEROS.
987 2416 1025 2477 D.
1046 2417 1087 2478 Μ.
1110 2415 1264 2480 darom.

410 2535 439 2594 1.
473 2531 583 2593 Laetae
610 2547 677 2592 sam
701 2528 824 2590 landari
849 2546 907 2597 me,
940 2525 1042 2610 inquit
1068 2528 1202 2600 Hector,
1234 2525 1349 2612 opinor
1371 2525 1453 2612 apud
1480 2526 1645 2601 Naevium,

324 2623 377 2686 abs
398 2633 444 2698 te,
465 2634 570 2705 pater,
597 2645 617 2686 a
639 2623 760 2686 maduo
780 2622 857 2684 viro.
879 2605 944 2684 (Ea
968 2629 1015 2683 est
1035 2618 1119 2682 enirn
1139 2618 1283 2705 prolecto
1304 2619 1438 2685 incunda
1459 2614 1647 2717 lausjquae

325 2714 408 2780 ab'
385 2737 425 2782 us
452 2715 678 2804 proficiscitur,
710 2713 764 2801 qui
785 2713 846 2799 ipsi
866 2713 899 2778 in
898 2693 1013 2778 laude
1042 2697 1221 2823 vixerunt)
1254 2718 1321 2799 Ego
1342 2735 1420 2779 vero
1442 2715 1491 2780 vel
1513 2715 1648 2799 gratula-

325 2808 410 2874 tione
431 2809 606 2875 litterarum
628 2819 752 2875 tuarum
773 2806 825 2873 vel
846 2806 1032 2872 testimoniis
1054 2807 1224 2872 sententiae
1248 2808 1347 2872 dictae
1369 2808 1445 2873 nibil
1467 2819 1528 2883 est,
1561 2807 1647 2896 quod

288 2922 375 2970 asine
396 2923 460 2968 non
481 2913 659 2968 assecutum
680 2913 796 2988 putem.
844 2901 942 2988 quue
964 2900 1041 2965 mihi
1063 2921 1134 2966 curn
1156 2901 1397 2986 amplissimum,
1420 2911 1486 2968 tum
1508 2903 1646 2989 gratissi·

325 3019 411 3062 mum
433 3005 499 3071 est,
522 3006 552 3062 te
573 2995 708 3062 libenter
729 2994 882 3060 amicitiae
903 2995 1036 3068 dedisse,
1058 2994 1144 3081 quod
1165 2994 1285 3080 liquido
1307 2996 1429 3062 veritati
1451 2997 1552 3062 dares.
1598 3001 1645 3070 Et,

325 3090 352 3155 si
373 3112 436 3156 non
458 3091 554 3157 modo
576 3111 702 3165 omnes,
737 3111 849 3156 verum
876 3089 970 3154 etiam
991 3088 1082 3154 multi
1104 3092 1236 3155 Catones
1258 3100 1363 3155 essent
1384 3090 1415 3156 in
1445 3091 1568 3155 civitate
1589 3111 1645 3154 no-

293 3191 295 3195 ‘
325 3192 403 3258 stra,
436 3189 468 3250 in
490 3206 551 3271 qua
572 3206 670 3250 unum
692 3183 847 3250 exstitisse
868 3181 1012 3248 mirabile
1034 3191 1100 3256 est,
1130 3203 1223 3268 quem
1247 3203 1307 3268 ego
1328 3204 1455 3248 currum
1476 3193 1645 3270 amquam

327 3279 465 3343 lauream
494 3299 563 3344 cum
595 3289 647 3345 tua
674 3277 853 3344 laudatione
885 3276 1084 3343 conferrem?
1113 3279 1190 3341 Nam
1221 3276 1260 3341 ad
1282 3297 1384 3342 meum
1407 3299 1532 3343 sensum
1554 3286 1586 3342 et
1606 3276 1645 3342 ad

289 3371 402 3438 soillud
424 3373 580 3438 sincerum
602 3379 638 3438 ac
658 3370 773 3438 subtile
794 3371 945 3436 iudicium
976 3369 1052 3434 nibil
1073 3377 1176 3454 potest
1197 3391 1265 3435 esse
1287 3370 1473 3437 laudabilius
1495 3393 1588 3458 quam
1609 3391 1646 3435 ea

326 3476 379 3530 tna
401 3466 516 3540 oratio,
553 3487 634 3551 quae
656 3465 763 3531 estad
785 3486 836 3530 me
856 3464 1031 3551 perscripta
1052 3484 1071 3527 a
1091 3464 1169 3528 meis
1191 3465 1384 3530 necessariis.
1438 3471 1469 3530 2.
1492 3465 1553 3530 Sed
1574 3487 1646 3530 cau·

326 3579 392 3622 sam
412 3580 501 3624 meae
522 3559 709 3634 voluntatis,
742 3579 806 3625 non
828 3559 911 3623 enim
933 3556 1034 3623 dicam
1056 3557 1247 3644 cupiditatis,
1270 3559 1403 3644 exposui
1426 3557 1483 3624 tibi
1504 3562 1644 3644 superio·

326 3651 414 3718 ribus
434 3653 566 3731 litteris3
602 3673 682 3740 quae
704 3652 826 3717 etiamsi
846 3671 956 3736 parum
978 3653 1059 3716 iusta
1080 3649 1137 3715 tibi
1158 3651 1223 3715 visa
1246 3663 1305 3724 est,
1337 3653 1416 3718 banc
1434 3661 1536 3717 tamen
1553 3651 1645 3718 babet

327 3745 496 3818 rationem,
518 3768 582 3813 non
610 3756 646 3812 ut
673 3746 765 3811 nimis
787 3744 1053 3832 concupiscendus
1074 3744 1193 3820 bonos,
1217 3744 1272 3811 sed
1294 3755 1414 3822 tamen,
1437 3747 1462 3811 si
1486 3747 1645 3812 deleratur
1721 3793 1728 3802 -

291 3860 345 3905 ssa
366 3847 495 3914 senatu,
526 3841 655 3906 minime
676 3838 893 3927 aspernandus
910 3859 978 3904 esse
1000 3838 1153 3904 videatur.
1204 3843 1304 3926 Spero
1326 3849 1429 3905 autern
1452 3841 1538 3906 illum
1560 3841 1646 3906 ordi-

327 3953 398 3998 nem
432 3954 492 4020 pro
518 3935 596 4000 meis
618 3933 659 4000 ob
686 3955 754 4000 rem
781 3932 938 4019 publicam
966 3933 1117 4018 susceptis
1140 3931 1300 3999 laboribus
1323 3956 1372 3999 me
1395 3955 1457 4000 non
1480 3933 1643 4019 indignum

326 4028 463 4102 bonore,
496 4030 611 4094 usitato
632 4027 836 4114 praesertim,
871 4027 1130 4093 existimaturum.
1189 4028 1283 4105 Quod
1305 4030 1332 4093 si
1353 4029 1396 4095 ita
1416 4029 1496 4104 erit,
1525 4037 1644 4094 tantum

326 4143 368 4188 ex
389 4131 534 4209 tapeto,
556 4122 642 4210 quod
663 4122 847 4188 amicissime
869 4120 994 4197 scribis,
1016 4130 1065 4196 ut,
1087 4141 1158 4187 oum
1180 4131 1235 4187 tuo
1256 4122 1391 4196 iudicio,
1414 4123 1499 4209 quod
1521 4123 1645 4208 amplis·

325 4216 439 4282 simum
461 4238 529 4282 esse
550 4217 729 4291 arbitraris,
765 4216 840 4281 mihi
862 4215 1026 4290 tribueris,
1059 4215 1085 4280 si
1108 4215 1155 4288 id,
1190 4215 1275 4302 quod
1296 4217 1453 4292 maluero,
1476 4216 1642 4289 acciderit,

289 4311 472 4396 adgaudens.
515 4312 566 4377 Sic
587 4313 671 4376 enim
691 4311 803 4376 secisse
825 4320 856 4376 te
878 4319 909 4375 et
930 4309 1063 4375 sensisse
1085 4318 1116 4373 et
1136 4309 1297 4395 scripsisse
1313 4310 1425 4388 video;
1449 4331 1563 4396 resque
1578 4309 1642 4396 ipsa

326 4403 462 4470 declarat
490 4405 546 4471 tibi
574 4406 662 4471 illum
695 4404 849 4471 bonorem
884 4413 1026 4469 nostrum
1058 4401 1291 4488 supplicationis
1327 4403 1496 4470 iucundum
1530 4401 1641 4474 brisso,

326 4498 412 4584 quod
441 4498 608 4565 scribendo
636 4499 772 4564 adfuisti.
823 4502 908 4563 Haec
938 4495 1022 4562 enim
1051 4504 1175 4561 senatus
1204 4498 1344 4562 consulta
1373 4519 1436 4562 non
1463 4497 1576 4582 ignoro
1604 4495 1643 4560 ab

326 4592 520 4658 amicissimis
542 4594 626 4668 eius,
648 4593 736 4658 cuius
758 4591 797 4658 de
819 4593 940 4658 bonore
960 4589 1082 4675 agitur,
1104 4587 1200 4655 scribi
1215 4590 1328 4657 solere.
1372 4595 1460 4676 Ego,
1482 4601 1518 4657 ut
1539 4610 1642 4675 spero,

326 4692 357 4750 te
379 4687 562 4773 propediem
583 4685 715 4761 videbo,
738 4697 830 4773 atque
852 4686 970 4751 utinam
991 4704 1027 4749 re
1048 4681 1172 4769 publica
1194 4685 1342 4760 meliore,
1365 4706 1459 4771 quam
1481 4684 1592 4748 timeol

393 4895 419 4945 θ.
437 4908 499 4945 casn
516 4895 553 4946 Μ.
573 4917 607 4932 -
643 4896 685 4946 1⁰.
705 4895 804 4945 clarior
820 4909 859 4958 pr.
879 4897 916 4946 Μ.
937 4920 967 4931 -
987 4895 1032 4945 23.
1051 4894 1090 4942 bs's
1107 4893 1145 4944 Μ.
1168 4919 1196 4929 -
1217 4893 1259 4943 dd.
1278 4901 1307 4944 at
1326 4895 1411 4944 minus
1429 4894 1465 4946 Μ.
1485 4919 1519 4928 -
1538 4894 1582 4944 39.
1602 4907 1642 4942 as·

326 4964 419 5014 adesit
437 4965 485 5016 nl:
505 4967 600 5015 cecidit
619 4966 649 5016 ll.
672 4991 699 5002 -
740 4965 783 5016 dt).
803 4967 932 5029 scripsisse
950 4966 995 5017 bl:
1014 4967 1100 5014 sarim
1117 4965 1247 5026 scripsisse
1267 4963 1295 5012 ll.
