3658 5930
593 483 665 544 LlB.
689 483 772 546 xiii.
816 487 874 548 ΕΡ.
897 487 947 547 88.
971 485 1023 547 39.
1046 487 1098 552 dl).
1120 487 1171 548 41.
1475 486 1537 552 683

210 657 263 703 res
290 655 342 702 ma
368 637 427 701 ista
453 657 516 702 non
545 649 682 723 cogeret.
731 644 795 707 Nec
815 640 898 707 enim
923 640 996 707 inde
1017 641 1117 715 venit.
1148 641 1231 707 unde
1252 644 1395 720 mallem;
1424 665 1528 731 neque

211 730 267 796 din
289 729 382 808 afuit3
412 751 514 816 neque
535 731 630 797 ullam
651 733 787 800 litteram
808 735 848 801 ad
876 757 938 801 me.
991 734 1053 800 Sed
1073 745 1176 800 tamen
1198 736 1278 800 scire
1300 759 1394 812 aveo,
1428 737 1530 824 qualis

210 825 241 891 ei
270 826 367 890 totius
395 824 517 891 itineris
544 849 664 894 summa
696 828 802 896 suerit.
858 829 972 895 Libros
997 829 1094 903 mihi,
1131 829 1169 894 de
1192 829 1305 915 quibus
1326 831 1365 896 ad
1389 839 1418 896 te
1440 841 1531 898 antea

209 919 339 1008 scripsi,
362 919 456 986 velim
477 919 595 999 mittas,
619 931 650 990 et
670 923 808 989 maxime
832 927 978 1008 Φαίδρου
1000 935 1073 1008 arpi
1099 927 1183 990 Secia
1205 932 1237 990 et
1256 927 1448 1003 Παλλάδος.

685 1049 750 1111 rc.
793 1047 844 1126 (A.
871 1048 902 1112 n.
926 1049 956 1111 c.
979 1045 1066 1130 roe.)
1545 1069 1559 1110 ι

693 1160 836 1226 cunno
858 1161 1001 1224 arrico
1025 1161 1056 1224 s,

296 1275 324 1336 l.
346 1273 431 1334 ltane
458 1271 579 1336 nuntiat
600 1277 728 1347 Brutus,
760 1272 847 1338 illum
874 1270 914 1336 ad
943 1270 1044 1337 bonos
1076 1271 1186 1336 viros?
1220 1275 1418 1356 Edoyya‘tta.
1475 1274 1537 1340 Sed

208 1363 264 1431 ubi
287 1370 364 1430 eosl
392 1365 458 1430 Nisi
480 1365 563 1432 sorte
584 1389 618 1433 se
641 1367 812 1455 suspendit.
855 1369 913 1432 llic
934 1375 1038 1432 autem
1063 1375 1099 1432 ut
1124 1366 1237 1433 lulium
1259 1373 1322 1432 esti
1360 1368 1417 1434 Ulri
1441 1369 1536 1456 igitur

209 1466 431 1558 prioremque.
453 1459 530 1524 illud
553 1470 658 1537 tuum,
688 1461 775 1547 quod
795 1459 861 1526 vidi
883 1465 915 1526 in
937 1459 1149 1536 Parthenone,
1178 1461 1306 1527 Ahalam
1328 1471 1360 1528 et
1379 1468 1536 1529 Brutum?

209 1552 270 1619 Sed
293 1553 369 1640 quid
392 1553 506 1620 iaciat?
545 1555 625 1622 illud
648 1557 783 1642 optime:
819 1555 1037 1632 „seducis
1067 1555 1241 1643 quidem,
1274 1556 1574 1643 quiomuiumur

208 1646 461 1732 flagitiorum
483 1658 645 1725 auctor,
667 1647 767 1716 bene
789 1649 837 1716 de
858 1653 1036 1716 nostro.”
1078 1655 1117 1715 lt
1137 1670 1197 1736 ego
1214 1649 1362 1724 verebar,
1386 1652 1535 1716 ucetiam

207 1747 322 1809 Brutus
344 1764 417 1808 eum
439 1743 594 1828 diligeret.
653 1749 697 1811 lta
720 1746 803 1812 enim
825 1743 1014 1830 significarat
1035 1743 1090 1819 iis,
1113 1765 1190 1830 quas
1212 1744 1251 1810 ed
1274 1765 1339 1810 me:
1364 1751 1435 1819 „At
1458 1744 1536 1809 vel·

206 1835 281 1902 lem
311 1836 466 1923 aliquid
503 1838 740 1924 degustasse
778 1840 823 1906 de
855 1838 1038 1906 tabulis?
1093 1838 1155 1904 Sed
1182 1859 1305 1913 coram,
1343 1850 1377 1904 ut
1410 1837 1533 1904 scribis.

206 1935 237 1995 2.
260 1931 326 1996 Etsi
349 1930 423 2019 qnid
448 1939 490 1996 ml
513 1943 623 1999 auctor
645 1940 701 2000 es?
736 1934 911 2008 Adrolom,
935 1955 975 1998 an
997 1939 1129 1998 maneo?
1162 1932 1314 2019 Equidem
1337 1942 1368 1996 et
1389 1933 1420 1998 in
1445 1931 1532 1997 libris

207 2025 324 2090 haereo
347 2036 378 2090 et
400 2026 487 2092 illum
510 2026 560 2091 lale
582 2028 729 2112 excipere
751 2029 839 2105 nolo;
868 2028 908 2094 od
930 2048 1042 2114 quem,
1076 2037 1110 2092 ut
1131 2027 1241 2096 audio.
1264 2037 1353 2112 pater
1375 2025 1469 2093 hodie
1492 2026 1570 2092 adn

207 2123 289 2184 Saxa
311 2124 498 2186 Acronoma.
550 2127 663 2188 Mirum
686 2145 779 2208 quam
801 2123 946 2189 inimicus
967 2121 1047 2197 ibat,
1070 2133 1104 2187 ut
1126 2143 1185 2208 ego
1207 2119 1420 2206 obiurgarem.
1468 2119 1532 2186 Sed

207 2235 268 2299 ego
295 2215 363 2300 ipse
395 2228 617 2301 κεκέπφωμαι.
661 2221 769 2303 ltaque
797 2217 935 2304 posthac.
977 2222 1025 2282 Tu
1056 2225 1160 2281 tamen
1187 2215 1277 2290 vide,
1314 2214 1389 2303 quid
1418 2213 1457 2278 de
1480 2212 1535 2279 ad·

206 2316 302 2373 rentu
323 2329 395 2375 meo
416 2330 562 2389 censeas3
599 2320 630 2376 et
651 2312 691 2377 rot
714 2313 794 2387 ὅλα,
816 2331 885 2377 cras
906 2311 934 2376 si
954 2311 1091 2396 perspici
1114 2309 1293 2396 potuerint,
1317 2329 1408 2375 mane
1430 2306 1535 2374 suum

207 2410 242 2467 ut
262 2400 368 2467 sciam.

663 2462 744 2582 xli.
788 2516 844 2596 (l.
871 2518 904 2582 U.
927 2519 958 2582 C.
981 2517 1078 2598 709.)
1543 2548 1572 2592 ao

687 2631 830 2697 CICERO
852 2630 996 2694 ATTICO
1020 2631 1051 2694 S.

293 2747 320 2808 l.
342 2746 410 2828 Ego
439 2762 518 2809 vero
548 2741 666 2820 Quinto
696 2740 860 2827 epistolam
889 2738 927 2804 ad
949 2760 1095 2806 sororem
1116 2740 1197 2806 misi.
1241 2745 1318 2809 Cum
1345 2741 1399 2807 ille
1421 2761 1535 2827 quere-

206 2845 296 2903 retur
323 2835 387 2902 filio
420 2857 492 2902 cum
519 2846 619 2901 matre
647 2834 780 2909 bellum.
820 2843 851 2900 et
883 2855 917 2900 se
944 2833 1082 2900 obeam
1104 2854 1228 2900 causam
1250 2835 1346 2902 domo
1371 2855 1535 2900 cessurum

205 2929 271 2996 filio
293 2929 426 3004 diceret,
447 2930 514 2997 dixi
536 2931 622 2996 illum
645 2928 828 2994 commodas
849 2928 889 2994 ed
911 2937 1043 2994 matrem
1068 2927 1197 3004 litteras,
1220 2929 1259 2994 ad
1281 2940 1312 2996 te
1334 2930 1442 2996 nullas.
1478 2929 1533 2995 ille

205 3025 337 3089 alterum
364 3023 554 3101 misahelem
591 3023 630 3090 de
652 3033 682 3090 te
703 3033 807 3088 autem
829 3044 918 3088 suam
939 3023 1076 3109 culpam,
1110 3023 1197 3108 quod
1218 3045 1312 3109 saepe
1334 3023 1472 3109 graviter
1494 3021 1571 3090 ades

206 3115 304 3182 filium
335 3117 510 3203 scripsisset
540 3118 580 3183 de
607 3126 660 3182 tua
689 3117 722 3181 in
750 3117 838 3183 illum
865 3117 992 3183 iniuria.
1041 3116 1136 3195 Quod
1159 3127 1262 3182 eutem
1284 3117 1477 3203 relanguisse
1499 3137 1533 3182 se

206 3210 297 3286 dicit,
327 3230 386 3295 ego
420 3212 451 3277 ei
479 3212 540 3278 tuis
568 3211 681 3277 litteris
708 3212 796 3277 lectis
828 3219 976 3288 σκολιαῖς
1008 3212 1153 3288 ἀπάταις
1186 3211 1357 3296 significavi
1391 3230 1441 3274 me
1469 3229 1534 3274 non

206 3303 324 3386 †sore.
368 3309 447 3370 Tnm
470 3307 553 3371 enim
575 3305 693 3372 mentio
717 3309 828 3372 Canae.
872 3311 902 3371 2.
925 3305 1079 3378 Omnino,
1103 3305 1130 3370 si
1151 3303 1184 3370 id
1206 3305 1533 3390 consiliumplaceret,

206 3409 289 3464 esset
310 3418 448 3465 necesse.
493 3399 554 3465 Sed
576 3409 612 3465 nt
633 3397 759 3473 scribis,
782 3397 864 3464 ratio
886 3407 934 3464 est
955 3397 1098 3463 habenda
1119 3398 1293 3483 gravitatis
1316 3409 1347 3464 et
1369 3398 1533 3484 utriusque

205 3501 348 3556 nostrum
376 3493 460 3560 idem
488 3494 653 3560 consilinm
683 3513 752 3558 esse
779 3491 891 3569 debet;
928 3492 986 3558 etsi
1015 3491 1048 3556 in
1075 3511 1125 3556 me
1154 3492 1316 3576 graviores
1346 3492 1480 3559 iniuriae
1503 3500 1573 3556 etro

206 3593 291 3650 certe
318 3587 468 3653 notiores.
526 3588 560 3653 si
588 3606 666 3653 vero
695 3587 790 3652 etiam
817 3592 934 3652 Brutus
961 3584 1081 3672 aliquid
1109 3584 1237 3660 alteret,
1275 3588 1360 3653 nulla
1382 3585 1533 3659 dubitatio

206 3689 262 3744 est
306 3679 367 3749 Sed
389 3702 515 3758 coram;
537 3701 648 3765 magna
671 3681 756 3746 enim
776 3701 829 3746 res
851 3690 882 3747 at
903 3680 1018 3746 multae
1033 3679 1197 3746 cantionis.
1242 3683 1318 3747 Cras
1339 3681 1450 3768 igitnr3
1473 3678 1533 3746 ulei

206 3773 283 3858 quid
305 3795 322 3838 a
344 3783 375 3838 te
400 3776 636 3857 †commeatus.

275 3919 302 3968 Ξ.
320 3919 384 3968 diua
402 3921 454 3983 fuit
473 3919 514 3979 tt,
544 3921 590 3969 dtu
607 3918 657 3980 suit
676 3918 697 3967 i.
729 3943 759 3954 -
778 3918 805 3968 d.
826 3919 890 3986 περὶ
908 3915 985 3969 θεῶν
1003 3917 1138 3968 Victorius
1157 3923 1183 3967 et
1202 3917 1263 3968 sort·
1284 3919 1326 3968 M:
1346 3917 1532 3989 aapcoooivll

206 4001 268 4038 cnm
288 3988 320 4038 Y.
339 3989 394 4039 Cir.
414 3989 542 4040 Petarsen
563 3992 589 4039 tn
610 3990 722 4040 Phaedri
743 3989 868 4051 Epicurei
888 3989 996 4050 Pragm.
1018 4003 1044 4051 p.
1065 3990 1107 4038 11.
1130 4014 1158 4024 -
1184 3993 1209 4037 et
1226 3987 1378 4050 Παλλάδος
1397 3988 1531 4039 Orellinst

206 4066 231 4110 et
247 4057 409 4110 IMAIAOC
426 4061 469 4120 ll,
496 4062 547 4110 καλ
564 4058 716 4122 Παλλάόος
734 4059 874 4121 Petermn,
893 4065 918 4109 at
931 4054 1075 4120 Ἑλλάδος
1092 4057 1112 4108 ll
1132 4071 1193 4108 cum
1214 4057 1243 4107 i.
1282 4057 1421 4126 (φαιδρον
1444 4060 1484 4108 ito
1501 4072 1535 4109 ne

206 4129 302 4178 mediis
321 4129 428 4180 omissis
454 4130 487 4181 lt.
525 4130 629 4181 Collato
648 4131 719 4191 apud
738 4129 866 4179 Peterson
895 4143 921 4190 p.
952 4129 995 4177 20.
1028 4127 1156 4189 Diogenis
1181 4126 1321 4189 Babylonii
1342 4131 1380 4194 τῷ
1398 4129 1463 4194 accpi
1480 4127 1535 4194 τῆς

206 4193 355 4264 Ἀὓηνᾶμ
387 4200 480 4250 malim
501 4207 526 4251 et
544 4201 609 4270 :cept
628 4197 788 4261 Παλλάδος.
826 4200 865 4250 De
883 4200 999 4250 aliorum
1020 4199 1158 4247 erroribus
1177 4211 1201 4246 r.
1224 4198 1271 4246 Ed.
1293 4211 1380 4247 meam
1402 4199 1533 4261 priorem.

206 4268 268 4320 01.)
289 4292 320 4305 -·
357 4269 521 4320 7.uttum1.
544 4295 573 4306 -
614 4268 640 4319 8.
660 4271 757 4332 fultum
774 4269 856 4319 Mitt:
875 4269 985 4319 stultum
1003 4267 1145 4318 Tnnatalio
1164 4273 1275 4318 auctora
1294 4268 1324 4317 li.
1352 4291 1383 4304 -
1420 4269 1446 4318 9.
1466 4267 1535 4317 Pur·

207 4339 315 4388 tdeuona
332 4338 445 4390 Aletum
462 4336 497 4403 et]
513 4340 708 4402 partenoncatn
729 4345 753 4388 ct
772 4340 817 4398 Μ,
833 4339 1057 4401 puntaumeatea
1074 4346 1099 4389 et
1117 4340 1155 4397 a.
1177 4339 1388 4400 parthenoncclo
1406 4342 1430 4388 at
1449 4337 1480 4399 l,
1503 4339 1533 4388 tn

209 4409 371 4460 Parthenone
395 4409 472 4460 Alam
498 4417 524 4460 et
542 4423 597 4471 mg.
617 4409 689 4461 Crat.
726 4409 770 4461 tUt
788 4423 854 4469 nos,
882 4409 1044 4460 Manutius.)
1067 4433 1094 4444 -
1134 4410 1176 4458 1⁰.
1197 4409 1229 4470 ts]
1249 4409 1286 4457 itta
1305 4409 1326 4457 l.
1356 4434 1389 4444 -
1425 4408 1468 4458 12.
1487 4403 1531 4470 tir]

205 4479 349 4529 itatittera's
371 4480 439 4538 Mu.
468 4482 507 4531 lta
524 4481 621 4530 litteris
639 4479 660 4529 1.
699 4477 827 4540 (lituos,
860 4479 956 4530 Rosius
976 4480 1080 4529 tacite.)
1101 4502 1130 4514 -
1169 4480 1206 4529 ud
1222 4491 1272 4526 aua.
1310 4477 1396 4527 AtZ:
1421 4478 1533 4528 odmao

206 4557 244 4598 ast
263 4563 303 4612 pr.
323 4549 369 4609 ll.
396 4552 432 4600 nd
449 4565 499 4601 me.
536 4549 584 4598 Ast
603 4549 613 4598 l
633 4555 659 4598 at
677 4563 748 4601 corr.
769 4550 814 4608 ld.
841 4551 976 4600 odmaae.
1013 4548 1047 4598 Ar
1067 4550 1119 4598 llll.
1150 4572 1182 4587 -
1218 4549 1261 4599 13.
1281 4547 1442 4612 degustasses
1460 4547 1482 4596 l.
1501 4549 1531 4598 1².

206 4618 368 4670 Gronovius.
398 4647 428 4657 -
465 4621 508 4671 ld.
536 4623 574 4671 mi
597 4625 692 4670 auctor
712 4615 747 4682 ea]
773 4623 823 4670 mat
850 4628 972 4670 auctores
996 4632 1036 4683 pr.
1067 4619 1103 4670 ll.
1139 4645 1167 4656 ·-
1207 4618 1250 4668 to.
1279 4619 1426 4668 musonio
1449 4618 1531 4674 unt,

206 4703 351 4740 uerunomo
378 4705 433 4754 mg.
465 4690 536 4741 Crat.
575 4690 618 4746 (Ut
636 4704 700 4746 nos,
729 4688 794 4750 YZ.)
827 4715 858 4726 ·-
895 4691 938 4740 17.
958 4691 1150 4752 κεκέπφωμοιι
1168 4689 1283 4740 Bosiua:
1314 4703 1472 4752 κεπφωμαι
1491 4688 1531 4750 Y,

206 4760 352 4824 κέπφωμα
364 4759 512 4810 Cratander
523 4766 549 4812 et
562 4759 622 4810 tort.
637 4761 673 4819 u.
692 4757 864 4824 κεπφοῦμαι
883 4773 913 4810 er
927 4760 1012 4810 altera
1027 4760 1098 4810 Bosil
1112 4760 1183 4808 coni·
1200 4759 1242 4818 Ε..
1252 4771 1309 4808 om.
1323 4759 1354 4808 tt.
1374 4780 1401 4791 -
1410 4752 1531 4821 posthoc]

204 4835 265 4890 port
282 4831 325 4893 [uc
342 4831 381 4881 Μ.
415 4855 446 4867 -
482 4831 526 4881 eo.
547 4831 715 4894 redarguisse
733 4831 756 4882 Ι.
790 4855 816 4868 ·-
856 4830 900 4879 27·
921 4831 946 4880 ai
964 4843 1019 4881 om.
1040 4828 1061 4877 1.
1092 4855 1119 4865 -
1159 4829 1291 4892 σκολιαῖς
1318 4822 1446 4891 ἀπάταις
1462 4827 1530 4878 ldli:

206 4897 328 4962 σκολιᾶς
351 4896 468 4964 ἀπάτας
492 4914 556 4952 cum
584 4901 665 4950 liosio
693 4901 724 4949 ll.
759 4926 786 4936 -
826 4900 871 4950 28.
900 4899 965 4963 fora.
1005 4899 1069 4948 Tum
1094 4895 1172 4960 enim]
1199 4898 1294 4950 Malim
1318 4912 1348 4948 er
1373 4905 1447 4961 parta
1469 4913 1531 4950 curn

207 4967 358 5021 lambino:
389 4970 446 5032 sora
475 4973 498 5022 at
528 4973 639 5021 tratum.
690 4969 756 5020 Tum
785 4972 875 5020 attam.
903 4970 954 5021 Oa.
987 4993 1012 5006 -·
1051 4970 1135 5019 Conni
1161 4969 1235 5019 Mitt.
1272 4970 1404 5028 (lituos,
1436 4966 1481 5033 Y.)
1501 4991 1532 5008 -·

207 5039 248 5088 ³⁰.
266 5036 316 5102 nra]
335 5053 396 5090 oasa
416 5041 476 5091 Mu.
495 5065 530 5080 -
565 5036 811 5102 ³1.attam]atii.
833 5065 865 5078 -
901 5041 945 5090 θλ.
965 5039 1017 5090 Sed
1033 5040 1094 5089 tuac
1113 5052 1203 5089 corum
1221 5040 1244 5089 l.
1270 5064 1301 5076 -
1337 5041 1422 5090 multo
1439 5038 1479 5091 dl.
1500 5063 1532 5078 -

207 5109 251 5159 ³³.
271 5106 438 5172 commeatus]
457 5112 528 5162 Fort-
548 5119 693 5171 commeat,
713 5117 742 5161 ut
760 5109 790 5161 i..
810 5109 838 5172 8,
857 5111 884 5161 o.
904 5111 955 5162 On.
