3668 5936
261 334 323 396 534
751 330 811 392 ΕΡ.
833 331 884 392 ,to
907 329 1079 392 arricum

259 493 379 576 potius:
409 485 536 552 etmihi
560 485 749 553 decessionis
770 484 837 552 dies
860 486 1038 565 tstqbdcoc
1056 481 1245 569 obrepebat;
1275 484 1329 570 qui
1351 503 1421 550 curn
1443 482 1602 549 advene-
1815 468 1818 578 l

260 584 315 659 rit,
339 583 419 648 aitte
441 583 634 668 πρόβλημα,
656 603 749 668 quem
771 580 966 667 praeficiam,
994 579 1053 646 nisi
1077 579 1188 646 Caldus
1210 589 1357 665 quaestor
1377 579 1513 654 venerit,
1538 577 1597 644 de

259 699 323 764 quo
344 677 445 742 adhuc
465 677 541 742 nihil
570 676 647 742 certi
676 676 876 742 habebamus.
932 679 963 740 d.
991 673 1161 760 Cupiobam
1191 675 1369 740 mehercule
1401 675 1593 760 longiorem

259 771 421 858 epistolam
443 770 560 849 lacere3
597 771 651 836 sed
674 792 732 836 nec
753 779 819 838 erat
839 792 905 842 res,
932 769 972 834 de
994 791 1055 856 qua
1077 768 1267 843 scriberem,
1302 789 1360 833 nec
1381 767 1479 833 iocari
1500 788 1590 853 prae

131 945 138 961 .
236 887 335 932 scura
356 875 507 952 poteram.
551 864 675 931 valebis
696 865 794 952 igitur
814 874 845 932 et
866 863 988 951 puellae
1011 862 1141 930 salutem
1161 862 1312 930 Atticulae
1334 862 1419 928 dices
1437 870 1586 928 nostrae·

260 981 321 1048 que
342 959 447 1026 Piliae.

737 1133 782 1196 u.
826 1129 873 1214 (a.
903 1133 934 1196 a.
958 1133 990 1194 a.
1013 1128 1099 1202 rot.)

720 1270 861 1337 CICERO
902 1269 1045 1335 ATTICO
1082 1271 1114 1334 S.

345 1405 372 1469 l.
395 1406 477 1488 Ego,
500 1400 575 1468 dum
597 1402 628 1468 in
650 1401 811 1486 provincia
833 1398 979 1466 omnibus
1000 1398 1095 1465 rebus
1116 1400 1249 1485 Appium
1265 1419 1362 1475 arno,
1384 1397 1488 1466 subito
1505 1421 1575 1465 sum

226 1526 251 1565 ιο
260 1495 356 1562 iactus
383 1496 574 1562 accusatoris
601 1495 670 1562 eius
701 1517 801 1562 socer.
851 1493 885 1559 ld
912 1492 1059 1580 quidem,
1088 1493 1208 1580 inquis,
1237 1492 1281 1559 dii
1312 1490 1501 1579 approbanti
1528 1497 1576 1556 lta

260 1590 369 1668 velim3
396 1600 490 1677 teque
515 1590 557 1654 ita
580 1610 695 1676 cupere
719 1599 806 1655 certo
827 1588 903 1654 scio.
946 1586 1007 1654 Sed
1029 1587 1122 1653 crede
1150 1585 1243 1661 mihi,
1267 1585 1342 1652 nibil
1363 1585 1466 1650 minus
1486 1595 1576 1673 puta-

257 1705 324 1751 ram
352 1705 431 1770 ego;
464 1684 518 1771 qui
546 1684 585 1751 de
618 1689 664 1751 Ti.
692 1689 832 1759 Nerone,
862 1683 917 1769 qui
943 1702 1067 1748 mecum
1094 1689 1217 1767 egerat,
1247 1689 1350 1746 certos
1371 1682 1513 1750 bomines
1533 1683 1574 1748 ad

258 1778 406 1846 mulieres
433 1779 601 1858 miseram;
635 1779 689 1866 qui
719 1785 848 1846 Romam
881 1785 1050 1852 venerunt,
1073 1774 1161 1841 lactis
1190 1774 1397 1862 sponsalibus.
1430 1775 1491 1842 Sed
1512 1777 1573 1844 boc

257 1892 352 1957 spero
378 1872 499 1937 melius.
555 1871 703 1938 Mulieres
731 1870 858 1958 quidem
890 1869 981 1935 valde
1017 1869 1155 1954 intelligo
1188 1867 1336 1934 delectari
1364 1868 1517 1956 obsequio
1542 1881 1575 1936 et

224 2001 248 2040 ,5
258 1964 403 2031 comitate
432 1965 646 2032 adolescentis.
699 1969 808 2032 Cetera
844 1965 908 2031 noli
938 1971 1165 2045 ἑξακανδιζειν.
1212 1967 1242 2034 2.
1264 1963 1326 2029 Sed
1345 1961 1423 2028 heus
1444 1973 1493 2039 tu,
1515 1992 1575 2030 aa·

258 2059 336 2142 ροὺς
356 2068 400 2135 εἰς
422 2063 524 2144 δῆμον
544 2058 692 2124 Athenis?
713 2060 814 2145 placet
836 2059 895 2124 boc
921 2058 1001 2124 tibit
1024 2063 1080 2124 etsi
1102 2079 1166 2124 non
1187 2055 1398 2144 impediebant
1412 2059 1473 2124 mci
1489 2069 1574 2125 certe

169 2145 173 2156 '
258 2150 331 2217 libri
351 2187 388 2198 —
414 2173 476 2218 non
499 2152 583 2218 enim
604 2153 669 2246 ista
684 2153 807 2240 largitio
835 2151 895 2218 luit
914 2153 947 2218 in
969 2153 1051 2218 cives
1066 2152 1122 2218 sed
1136 2151 1168 2217 in
1187 2152 1325 2237 bospites
1341 2150 1510 2218 liberalitas
1521 2176 1572 2231 -;

257 2265 308 2309 me
336 2252 439 2309 manen
467 2243 507 2310 de
528 2244 711 2311 Academiae
740 2247 893 2330 προπύλῳ
921 2245 1011 2311 iubes
1033 2247 1186 2330 cogitare,
1219 2265 1288 2310 cum
1311 2245 1372 2310 iam
1393 2245 1512 2331 Appius
1533 2246 1574 2312 de

257 2336 403 2402 Eleusine
424 2357 488 2402 non
509 2337 633 2422 cogitet.
681 2343 727 2403 De
747 2342 916 2405 Hortensio
938 2348 967 2405 te
989 2349 1075 2404 certo
1097 2339 1162 2405 scio
1190 2339 1314 2418 dolere;
1347 2338 1490 2423 equidem
1518 2358 1573 2404 ex·

220 2465 247 2506 ..ο
258 2429 393 2495 crucior.
435 2434 603 2495 Decreram
624 2431 707 2498 enim
728 2453 799 2497 cum
822 2454 861 2499 eo
883 2433 972 2498 valde
993 2431 1188 2500 familiariter
1204 2433 1321 2499 vivere.
1364 2438 1394 2499 3.
1416 2438 1478 2499 Nos
1499 2454 1574 2520 pro·

257 2523 377 2590 vinciae
404 2523 611 2611 praefecimus
641 2524 795 2604 Caelium
829 2543 984 2622 puerum,
1012 2527 1149 2613 inquies,
1180 2537 1211 2592 et
1238 2527 1370 2614 sortasse
1403 2526 1520 2594 latunm
1542 2537 1574 2592 et

257 2638 320 2682 non
341 2638 469 2703 gravem
491 2628 522 2683 ct
542 2639 605 2684 non
627 2618 845 2684 continentem.
875 2622 1049 2700 .lsscntior;
1073 2620 1141 2686 lieri
1162 2643 1227 2687 non
1248 2623 1349 2709 potuit
1370 2619 1468 2686 aliter.
1495 2624 1573 2686 Nam

257 2731 333 2796 quas
354 2711 453 2778 multo
475 2722 545 2778 ante
567 2721 636 2778 tuas
658 2734 839 2799 acceperam
861 2713 988 2791 litteras,
1011 2716 1044 2782 in
1066 2715 1180 2802 quibus
1201 2726 1325 2794 ἐπέχειν
1340 2724 1370 2781 te
1392 2714 1572 2800 scripseras,

257 2803 333 2892 quid
355 2817 436 2872 esset
463 2806 540 2872 mibi
567 2806 741 2872 laciendum
768 2807 1053 2894 derelinquendo,
1084 2831 1140 2874 eae
1169 2830 1219 2874 me
1248 2806 1436 2895 pungebant.
1478 2807 1573 2875 Vide-

125 2917 134 2943 ²
220 2898 328 2978 25bam
348 2899 446 2976 enim,
470 2921 550 2986 quac
565 2899 621 2966 tibi
634 2910 737 2966 essent
754 2907 871 2981 ἐποχῆς
890 2923 1020 2982 causae;
1044 2914 1074 2971 et
1096 2912 1185 2969 erant
1205 2902 1335 2968 eaedem
1357 2901 1447 2967 mibi:
1471 2922 1573 2987 puero

256 2992 381 3060 tradere
403 2999 478 3060 met
512 2993 601 3060 fratri
623 3002 753 3062 antem?
776 2995 852 3060 illud
874 3017 937 3062 non
958 2998 1034 3063 utile
1056 2997 1157 3064 nobis.
1200 3002 1275 3063 Nam
1297 3007 1423 3082 praeter
1444 2996 1572 3062 tratrem

257 3108 349 3153 nemo
371 3098 454 3164 crat,
477 3109 569 3176 quem
592 3089 658 3154 sine
680 3091 868 3156 contumelia
890 3092 1069 3178 quaestori,
1091 3091 1190 3158 nobili
1213 3091 1416 3178 praesertim,
1439 3089 1573 3156 anteier-

256 3201 335 3246 rcm.
392 3185 523 3258 Tamen,
561 3181 635 3249 dum
666 3183 847 3269 impendere
877 3185 983 3252 Parthi
1009 3184 1213 3261 videbantur,
1246 3194 1413 3251 statueram
1443 3183 1573 3250 fratrem

256 3279 435 3363 relinquere
465 3286 518 3344 ant
547 3279 638 3344 etiarn
668 3279 715 3344 rei
744 3278 886 3366 publicae
915 3299 1007 3344 causa
1035 3287 1142 3344 contra
1164 3287 1289 3343 senatus
1310 3277 1483 3346 consultum
1504 3278 1572 3362 ipse

221 3392 435 3448 ,aramanerm
469 3377 523 3459 qui
557 3384 759 3460 posteaquam
799 3370 974 3438 incredibili
1007 3371 1154 3438 felicitate
1194 3370 1421 3446 discesserunt,
1452 3369 1572 3437 sublata

258 3464 409 3532 dubitatio
443 3476 499 3532 est.
556 3465 705 3532 Videbam
734 3487 911 3532 sermones:
944 3466 1051 3540 „llui,
1082 3465 1211 3531 fratrem
1238 3465 1379 3552 reliquit!
1413 3469 1492 3530 Num
1525 3475 1573 3530 est

258 3560 317 3626 hoc
349 3579 411 3624 non
443 3558 513 3644 plus
539 3581 654 3627 aunum
686 3558 830 3626 obtinere
857 3559 1072 3644 provinciam?
1117 3559 1216 3639 Quid,
1252 3560 1338 3646 quod
1366 3568 1490 3624 senatus
1517 3580 1573 3626 eos

257 3651 357 3718 volnit
376 3671 521 3738 praeesse
549 3653 739 3739 provinciis,
778 3653 831 3739 qni
867 3674 929 3718 non
958 3652 1189 3738 praefuissent?
1224 3660 1263 3719 nt
1295 3653 1345 3718 hic
1375 3652 1572 3718 triennium.''

257 3750 342 3830 Ergo
370 3745 447 3811 baec
474 3746 513 3812 ad
543 3748 703 3833 populum.
745 3750 776 3812 t.
800 3745 898 3824 Quid,
935 3768 1015 3833 quae
1038 3753 1162 3813 tecum?
1199 3752 1362 3834 Nunquam
1384 3769 1484 3814 assem
1506 3747 1572 3812 sine

223 3860 350 3915 maura,
385 3844 410 3906 si
433 3838 508 3927 quid
529 3839 709 3906 iracundius
730 3849 784 3906 aut
805 3839 1059 3906 contumeliosius
1087 3849 1141 3906 aut
1161 3840 1381 3926 negligentium
1410 3863 1490 3927 qnae
1510 3838 1573 3906 sert

120 3923 134 3984 l
258 3932 320 3998 vita
341 3932 511 4000 bominum.
555 3933 654 4012 Quid,
678 3932 801 4020 siquid
822 3931 903 3998 lilius
925 3953 1019 4018 puer,
1042 3943 1073 3998 et
1093 3955 1174 4020 puer
1194 3933 1275 4000 bene
1289 3934 1349 4001 sibi
1364 3935 1481 4003 fidens?
1509 3934 1571 4018 Qui

259 4035 340 4092 esset
361 4026 472 4093 dolori
495 4031 595 4108 Quem
618 4037 708 4114 pater
729 4049 792 4093 non
811 4027 983 4095 dimittebat
1004 4037 1097 4116 teque
1117 4028 1151 4094 id
1172 4049 1317 4105 censere,
1339 4029 1469 4096 moleste
1489 4027 1573 4095 sere·

328 4260 354 4309 1.
374 4259 511 4321 obrepebat
528 4257 610 4310 sinte
636 4259 756 4322 obreptat
775 4259 810 4314 ll,
838 4264 866 4310 ut
884 4258 980 4308 liosius
999 4259 1078 4308 tacite
1096 4259 1190 4309 edidit.
1220 4281 1251 4295 -
1286 4259 1313 4308 2.
1338 4260 1490 4324 praeficiam
1507 4255 1569 4322 atei]

257 4331 326 4393 presi
338 4331 389 4382 nist
399 4329 436 4390 bl,
444 4327 559 4393 praefici
568 4329 679 4390 (omisso
690 4327 752 4392 atsi)
767 4329 788 4378 l.
803 4355 833 4365 -
848 4329 948 4380 calidas
961 4330 983 4380 l.
999 4355 1027 4366 -
1050 4328 1074 4378 3.
1090 4328 1238 4380 babemusl.
1254 4353 1277 4364 -
1300 4329 1326 4378 5.
1345 4327 1485 4394 Atticulae]
1504 4329 1572 4379 ortt·

258 4399 424 4450 eutateltlltl.
445 4398 614 4456 (Corrcctum
634 4414 664 4449 er
678 4400 722 4460 Y.)
737 4426 768 4436 -
789 4402 831 4450 tl.
850 4407 915 4450 certe
934 4399 954 4450 l.
979 4425 1005 4434 -
1027 4399 1070 4449 12.
1084 4399 1115 4449 de
1134 4400 1251 4450 dicereeas
1268 4398 1301 4448 ll.
1315 4423 1347 4433 -
1368 4399 1411 4450 1⁸.
1430 4415 1487 4450 cam
1505 4395 1570 4462 tam]

257 4471 381 4534 quoniam
399 4468 473 4519 llllll·
512 4467 679 4524 tCorrecturn
699 4484 729 4518 ax
749 4469 817 4526 xi.)
848 4492 879 4505 ·-
916 4470 957 4520 re.
978 4470 1091 4519 elautae
1112 4470 1133 4519 l.
1167 4496 1199 4506 -
1234 4469 1332 4532 sopitat
1353 4469 1375 4519 l.
1403 4492 1434 4505 -·
1471 4477 1496 4520 te
1514 4483 1569 4520 om.

259 4555 299 4602 pr.
318 4541 355 4591 Μ.
384 4564 415 4576 -
451 4539 495 4590 20.
527 4539 693 4590 Decreveram
721 4541 751 4589 ll.
782 4566 809 4576 -
849 4540 892 4590 23.
921 4555 1005 4602 asaza
1028 4540 1238 4602 interscripseras
1261 4539 1331 4598 Mu,
1360 4541 1572 4603 taterscn'pserae

257 4611 372 4670 (omisso
392 4623 450 4660 voc.
470 4619 580 4670 graeco)
599 4610 621 4658 l.
643 4609 809 4668 (correctam
829 4609 1051 4665 laihandans.)
1071 4633 1104 4644 -
1121 4610 1164 4658 et.
1185 4623 1229 4660 eae
1246 4622 1285 4658 me
1301 4610 1457 4672 pupaabaat
1477 4609 1520 4670 bl,
1540 4623 1571 4660 aa

258 4693 324 4744 qaaae
335 4679 538 4742 papaabaatll,
562 4693 670 4743 eaquae
684 4681 956 4744 areimpapaabaatl.
980 4706 1010 4717 -
1037 4679 1080 4730 25.
1102 4681 1189 4730 eadem
1202 4678 1246 4728 ut.
1270 4701 1295 4710 -
1325 4678 1370 4729 23.
1393 4680 1497 4729 tradere
1520 4677 1570 4744 me]

259 4751 387 4800 traderem
405 4750 434 4810 Z,
451 4747 554 4800 tradere
571 4749 645 4800 Mal.
668 4746 858 4811 (Emendatnm
877 4763 907 4800 ex
926 4749 971 4810 Y.)
985 4775 1017 4786 -·
1035 4749 1079 4799 26.
1100 4751 1193 4800 Fratrt
1209 4749 1317 4798 autem?
1334 4746 1410 4812 iliad]
1430 4751 1572 4800 haeterea

258 4827 345 4869 autem
362 4819 427 4869 iliad
445 4821 467 4870 l.
500 4817 576 4882 (illud
601 4825 710 4870 auctore
736 4819 858 4870 Ernestio
881 4819 935 4870 del.
966 4817 1146 4882 Schuetnius.)
1178 4841 1208 4856 -
1253 4818 1296 4868 30.
1324 4826 1464 4884 postquam
1483 4821 1515 4870 ll.
1538 4845 1570 4856 -

259 4890 303 4938 31.
331 4885 407 4950 Num]
434 4903 487 4938 aaa
515 4889 560 4939 itt.
592 4915 623 4926 -
660 4889 703 4940 33.
722 4889 869 4940 noluitlll.
904 4913 932 4924 -·
969 4903 1096 4939 aonam.
1116 4889 1138 4940 1.
1172 4912 1203 4924 -
1239 4887 1283 4938 34.
1302 4885 1378 4952 quoe]
1397 4889 1517 4954 quodll.
1536 4915 1568 4925 -

260 4959 302 5009 35.
321 4959 373 5024 lert
389 4956 455 5021 cita]
474 4959 585 5020 fortuita
604 4961 649 5010 itt.
687 4957 737 5024 (lte
755 4959 781 5009 bl
801 4975 855 5010 uon
875 4960 968 5023 liquet.
1006 4959 1165 5010 Emendavi!
1184 4953 1343 5022 Manutius.)
