3668 5936
705 431 778 492 LlB.
800 432 853 496 tv.
894 431 953 494 ΕΡ.
977 431 1030 494 ιιι.
1455 433 1518 496 459

199 594 233 658 in
254 588 393 658 Africani
414 606 581 674 personam
607 593 638 652 et
663 585 742 652 Phili
770 595 800 652 et
829 586 925 653 Laelii
947 593 979 652 et
998 585 1118 653 Manilii
1138 587 1272 666 eontuli;
1294 586 1423 654 adiumi
1444 588 1520 656 ado·

199 687 367 758 luscentes,
396 684 435 760 0.
463 680 680 755 Tuberonem,
708 685 742 750 Ρ.
763 680 929 789 Rutilium,
956 679 1020 746 duo
1041 680 1139 746 Laelii
1160 700 1311 765 generos,
1338 683 1519 748 Scaevolam

200 789 231 846 el
251 778 412 846 Fannium.
456 771 563 860 ltaque
592 773 783 883 cogitabam,
803 763 961 861 quoniam
990 774 1023 838 in
1051 773 1180 858 singulis
1202 774 1290 841 libris
1311 784 1385 841 utor
1406 797 1520 862 prooe-

199 875 286 948 miis,
308 883 343 938 ut
362 869 621 954 Ἀριστοτιιης’
612 891 644 934 m
666 869 718 944 iis,
741 891 820 955 quos
838 869 1042 955 ἐξωτερικους
1057 879 1164 944 vocnt,
1186 868 1303 956 aliquid
1324 869 1462 943 efficere,
1485 881 1520 937 ut

198 988 263 1034 non
278 965 346 1032 sine
367 985 460 1029 causa
483 964 576 1030 istum
592 964 799 1051 appellarem
822 963 855 1030 id
876 964 961 1049 quod
982 963 1123 1048 intelligo
1144 961 1201 1028 tibi
1224 963 1357 1050 placere.
1400 965 1543 1032 Utinams

198 1059 294 1126 modo
316 1068 425 1124 conata
449 1057 572 1124 efficere
594 1058 727 1145 possiml
761 1063 839 1124 Rem
861 1057 959 1132 enim,
995 1056 1080 1143 quod
1102 1065 1133 1121 te
1160 1078 1224 1122 non
1245 1057 1341 1144 sugit,
1377 1078 1520 1144 magnam

200 1153 381 1241 complexus
419 1172 489 1216 snm
519 1163 550 1219 et
585 1174 712 1238 gravem
744 1162 776 1218 et
801 1150 930 1238 plurimi
962 1150 1036 1226 otii,
1072 1171 1135 1237 quo
1168 1171 1228 1234 ego
1261 1152 1398 1218 maxime
1431 1172 1521 1237 egeo.

198 1256 227 1318 3.
252 1247 345 1326 Quod
367 1247 398 1312 in
421 1245 459 1311 iis
481 1245 585 1322 libris,
619 1267 698 1334 quos
718 1246 843 1321 laudas,
872 1266 1038 1330 personam
1060 1243 1220 1310 desideras
1241 1248 1426 1322 Scaevolae,
1458 1268 1521 1312 non

200 1364 269 1410 eam
298 1351 415 1406 temere
446 1339 580 1418 dimori;
613 1339 669 1422 sed
690 1339 751 1406 leci
772 1340 873 1414 idem,
912 1338 998 1426 quod
1019 1338 1051 1403 in
1074 1346 1219 1421 πολιτείᾳ
1241 1339 1319 1429 dens
1340 1339 1393 1406 ille
1414 1352 1522 1406 noster
1636 1331 1666 1430 ί

198 1439 295 1504 Plato.
339 1438 416 1501 Cum
446 1433 478 1498 in
500 1435 663 1500 Piraeeum
686 1439 830 1500 Socrates
852 1433 989 1498 venisset
1009 1432 1048 1498 ad
1071 1433 1258 1518 Cephalum,
1280 1434 1468 1521 locupletem
1490 1444 1557 1500 etm

198 1531 344 1597 festivum
375 1549 498 1604 senem,
535 1529 640 1614 quoad
667 1528 787 1614 primus
815 1527 868 1594 ille
896 1547 1002 1592 sermo
1033 1525 1217 1600 haberetur,
1254 1527 1341 1594 adest
1360 1528 1393 1594 in
1415 1528 1521 1616 dispu-
1610 1517 1637 1616 s

199 1623 294 1692 tando
316 1617 576 1696 sencn's'deinde
600 1643 671 1688 curn
693 1627 760 1708 ipse
782 1641 908 1708 quoque
930 1621 1182 1688 commodissime
1204 1623 1327 1688 locutus
1349 1631 1450 1698 essct,
1481 1621 1521 1688 ad

199 1741 266 1784 rem
299 1716 435 1782 divinam
463 1715 538 1780 dicit
566 1737 600 1781 se
629 1717 708 1782 velle
736 1715 898 1782 discedere
927 1736 1029 1802 neque
1057 1725 1165 1801 postea
1194 1715 1375 1784 revertitur,
1420 1715 1521 1782 Credo

198 1817 358 1882 Platonem
390 1810 444 1876 rix
471 1820 595 1896 putasse
624 1811 698 1876 satis
726 1831 900 1877 consonum
929 1809 1013 1884 lore,
1050 1810 1077 1874 si
1105 1809 1263 1875 hominem
1293 1810 1324 1875 id
1351 1811 1460 1876 aetatis
1489 1810 1521 1875 in

199 1921 262 1975 iam
292 1908 386 1991 longo
418 1925 564 1968 sermone
593 1904 709 1969 diutius
742 1903 932 1970 retinuisset.
988 1903 1087 1969 Multo
1116 1923 1175 1988 ego
1204 1903 1331 1984 †satins
1358 1903 1418 1970 hoe
1445 1903 1558 1970 mihin

199 2000 371 2068 carendum
394 1997 502 2084 putavi
525 1997 556 2062 in
587 1998 753 2074 Scaevola,
784 1997 837 2085 qni
859 2008 891 2064 et
912 2005 1011 2062 aetate
1039 2005 1070 2061 et
1093 1996 1268 2063 valetudine
1291 2007 1358 2062 erat
1378 2019 1430 2071 ea,
1460 2017 1522 2084 qua

200 2116 269 2160 csse
301 2091 486 2166 meministi,
524 2102 555 2157 et
575 2092 614 2157 iis
635 2090 824 2167 honoribus,
861 2102 896 2157 ut
917 2091 971 2156 vix
992 2091 1067 2156 satis
1093 2091 1244 2157 decorum
1266 2091 1427 2158 rideretur
1449 2112 1521 2156 cum

199 2190 305 2274 plures
336 2186 403 2251 dies
435 2207 504 2252 esse
530 2187 563 2251 in
591 2185 693 2253 Crassi
723 2187 908 2254 Tusculano.
960 2189 1000 2252 Et
1027 2194 1095 2250 erat
1121 2185 1213 2268 primi
1236 2184 1308 2251 libri
1330 2207 1435 2252 senno
1456 2207 1521 2251 non

199 2283 319 2348 alienus
348 2303 364 2346 a
394 2281 561 2346 Scaevolae
589 2280 709 2347 studiis.
751 2279 875 2368 Reliqui
902 2278 975 2345 libri
1004 2282 1212 2364 τεχνολογιαν
1234 2278 1364 2356 hahent,
1393 2289 1428 2345 nt
1449 2281 1520 2346 scis.

199 2375 281 2441 lluic
293 2374 498 2440 ioculatorem
510 2396 617 2440 senem
631 2375 735 2448 illum,
756 2383 792 2441 ut
806 2395 916 2449 noras,
938 2373 1176 2440 interessesane
1192 2373 1289 2440 nolui.
1331 2378 1362 2440 ι.
1385 2379 1452 2406 ’“”
1474 2379 1558 2440 llere
1626 2361 1662 2450 l

199 2491 235 2536 re
264 2467 378 2544 Piliae,
387 2463 495 2554 ‘huod
523 2468 649 2544 scribis,
682 2470 743 2535 orit
770 2469 847 2534 mihi
879 2489 984 2534 curae.
1033 2467 1154 2534 Etenim
1186 2477 1233 2534 est
1260 2467 1417 2535 luculenta
1453 2490 1520 2546 res,

199 2563 372 2637 Aureliani,
403 2572 438 2628 nt
464 2561 591 2638 scribis,
621 2563 759 2640 indiciis;
796 2573 827 2629 et
856 2563 889 2628 in
912 2583 952 2628 eo
973 2583 1024 2628 me
1045 2567 1139 2628 etiam
1161 2563 1280 2628 Tulliae
1302 2585 1391 2630 meae
1413 2563 1523 2629 rendi-

199 2656 283 2722 tabo.
325 2656 472 2723 lestorio
494 2677 557 2722 non
579 2655 699 2722 desum.
743 2663 873 2724 Gratum
895 2656 978 2722 enim
998 2655 1056 2722 tibi
1077 2657 1110 2722 id
1132 2677 1201 2723 esse
1222 2657 1382 2743 intelligo,
1412 2665 1458 2732 et,
1487 2664 1522 2721 ut

199 2748 251 2815 iile
273 2749 432 2833 intelligat,
456 2771 544 2816 curo.
584 2751 649 2817 Sed
671 2752 741 2826 scis,
764 2752 839 2838 quil
863 2772 933 2816 eum
955 2749 1069 2815 haheat
1090 2749 1153 2815 duo
1174 2749 1290 2826 faciles,
1313 2750 1390 2816 nihil
1411 2751 1520 2816 diffici-

198 2843 268 2910 lius
311 2845 341 2909 5.
364 2847 451 2908 Nunc
471 2842 511 2909 ad
533 2866 586 2920 ea,
608 2867 688 2932 quae
710 2845 836 2931 quaeris
858 2843 950 2910 deti.
968 2847 1094 2910 Catone.
1109 2849 1220 2951 Lege
1241 2844 1330 2910 Iunia
1353 2854 1384 2909 et
1404 2844 1557 2908 Liciniana
1616 2834 1672 2906 ιθ

199 2937 260 3002 scis
281 2929 479 3044 ahsolutum}
495 2938 581 3003 Fufia
602 2959 661 3024 ego
684 2937 742 3004 tihi
763 2938 872 3004 nuntio
893 2935 1102 3002 ahsolutum
1092 2938 1148 3012 ari,
1172 2951 1274 3023 neque
1295 2937 1435 3022 patronis
1457 2936 1522 3001 suis

199 3039 263 3096 tarn
284 3027 451 3096 libentibus
480 3053 574 3117 quam
602 3031 846 3098 accusatoribus.
888 3035 918 3096 Is
939 3040 1043 3094 tamen
1064 3039 1096 3096 et
1116 3051 1238 3096 mecum
1261 3038 1385 3095 etcum
1407 3030 1522 3096 ltliloue

199 3127 232 3189 in
254 3125 384 3208 gratiam
406 3124 509 3191 rediit
553 3132 674 3195 llrusus
696 3148 770 3192 rens
792 3123 955 3190 calfactus
977 3145 995 3188 a
1016 3123 1177 3197 Lucretio,
1200 3123 1357 3188 iudicibus
1378 3123 1523 3188 reiicicn·

200 3218 298 3284 disa.
320 3217 350 3284 d.
372 3242 402 3285 ι.
429 3224 507 3285 Non.
536 3221 660 3297 Quinct.
710 3226 755 3284 De
784 3217 921 3284 Procilio
943 3238 1087 3282 rumores
1109 3237 1172 3282 non
1192 3216 1291 3296 boni;
1321 3215 1377 3281 sed
1407 3215 1522 3280 iudicia

199 3312 292 3377 nosti
318 3312 447 3400 (Hirrus
468 3335 539 3378 cum
561 3313 732 3379 Domitio
722 3335 755 3379 ιιι
777 3312 875 3398 gratia
899 3307 969 3406 est.)
999 3315 1131 3376 Senatus
1152 3267 1342 3385 consultrim,
1366 3308 1451 3397 quod
1473 3309 1559 3374 hiem
1599 3297 1684 3395 aiv

200 3406 342 3472 consules
371 3407 410 3474 de
439 3406 610 3517 prorinciis
637 3407 794 3482 fecerunt,
824 3401 1019 3480 ιιιιιιιιιιιιι
1048 3408 1256 3470 nosrunc**
1271 3408 1409 3472 *..*6
1425 3409 1522 3468 non

199 3499 292 3607 mihi,
314 3509 349 3565 ut
370 3501 423 3587 qui
447 3506 508 3566 iam
531 3500 779 3588 intelligebamus
801 3499 1046 3566 enuntiationem
1069 3499 1154 3563 illam
1175 3497 1314 3563 ltlcmmii
1336 3497 1425 3563 valde
1449 3501 1524 3564 Cae-

200 3593 263 3658 sari
284 3593 498 3680 displicere
488 3585 635 3660 Messala
658 3604 765 3661 noster
787 3605 818 3662 et
843 3593 911 3660 eius
941 3594 1097 3660 Domitius
1123 3593 1309 3686 competitor
1330 3589 1499 3657 liberalis
1490 3614 1523 3656 ιιι

199 3687 317 3772 populo
339 3687 428 3753 valde
449 3648 538 3794 luit.l
571 3687 653 3755 61611
674 3690 804 3775 gratius.
847 3688 931 3756 Certi
953 3698 1041 3753 erant
1065 3687 1219 3753 consules.
1262 3693 1300 3753 nt
1322 3695 1449 3754 senatus
1471 3685 1524 3751 dc·
1613 3770 1651 3792 l&

269 3891 295 3939 1.
314 3890 377 3952 pilei
394 3889 484 3939 lli.-
505 3897 530 3939 et
549 3891 606 3940 Pati
623 3891 729 3940 diunilii
746 3891 814 3951 MR,
834 3891 905 3941 etP.
927 3897 951 3940 ct
968 3890 1043 3941 Paeti
1060 3889 1259 3940 Muniliiln-
1278 3888 1304 3936 2
1323 3887 1523 3938 61016166-

199 3959 227 4008 d.
246 3966 276 4008 ut
294 3975 312 4009 u
332 3960 435 4009 discolis
453 3962 481 4008 in
498 3961 531 4009 iia
550 3961 592 4020 61.
619 3967 648 4010 ιιι
668 3975 686 4011 a
705 3961 823 4011 diacholis
840 3963 870 4010 in
887 3961 920 4009 iia
937 3961 976 4020 R,
1004 3967 1034 4010 ιιι
1053 3959 1202 4009 Aristotcles
1219 3959 1249 4007 in
1266 3959 1305 4007 itis
1324 3959 1346 4008 l.
1365 3981 1395 3994 -
1430 3959 1524 4009 cateri-

200 4041 244 4078 σοι
262 4029 298 4080 61.
321 4055 349 4065 -
387 4029 413 4078 7.
434 4031 502 4092 quod
520 4043 566 4092 epo
586 4044 626 4094 pr.
645 4031 683 4080 61.
710 4057 739 4068 -
776 4031 802 4080 8.
822 4033 851 4080 in
867 4031 907 4079 iria
925 4032 1042 4081 oratoria
1061 4029 1134 4078 libris
1152 4029 1174 4078 1.
1196 4051 1226 4064 -
1262 4029 1288 4077 a.
1307 4029 1414 4077 dimovi.
1452 4028 1523 4078 Fecit

200 4099 232 4149 R.
264 4121 297 4134 -
332 4100 473 4162 quodum.
494 4101 551 4150 lilR.
586 4124 616 4136 -
654 4103 696 4150 11.
715 4101 859 4151 aermoiilc
878 4101 900 4152 1.
942 4127 964 4138 -
999 4101 1044 4150 15.
1063 4101 1129 4149 antia
1147 4113 1187 4162 pr.
1207 4098 1252 4158 61,
1271 4099 1355 4162 magia
1374 4098 1416 4148 rel
1433 4100 1523 4160 potiar

201 4169 360 4225 linirentur:
388 4171 519 4232 posterius
539 4170 639 4232 recepit
658 4171 823 4221 Schuetzlus.
843 4196 877 4205 -κ
913 4169 956 4220 16.
975 4184 1007 4219 ιιι
1024 4183 1103 4232 quom
1120 4169 1155 4217 Rl
1174 4173 1199 4217 et
1218 4181 1258 4230 pr.
1279 4169 1319 4226 61,
1340 4181 1432 4230 equom
1451 4181 1521 4216 corr.

200 4239 237 4289 61.
268 4265 301 4273 -
337 4239 380 4288 20.
401 4241 555 4289 iaculatoric
572 4254 655 4290 senem
674 4241 710 4302 R,
742 4241 915 4291 ioculatorioc
940 4239 1115 4302 disputationi
1136 4251 1221 4288 renem
1250 4237 1272 4286 1.
1312 4237 1415 4292 (Nostra
1443 4237 1523 4287 lectio

201 4309 318 4371 primum
338 4317 475 4372 comparet
495 4311 521 4359 in
542 4323 597 4372 ing.
617 4311 781 4362 Cratandrit
799 4335 834 4346 --
863 4317 943 4360 norat
962 4309 984 4358 1.
1003 4333 1036 4343 -
1072 4309 1110 4358 Dc
1127 4306 1165 4372 re]
1185 4309 1376 4369 Fragmentum
1395 4308 1447 4356 hoe
1464 4320 1524 4357 esse

201 4379 270 4429 alius
305 4380 351 4442 lip.
380 4379 444 4429 ιιιιιι
469 4381 635 4430 Schuetzins.
668 4407 697 4418 -
734 4381 778 4431 21.
806 4381 889 4430 Piliae
914 4379 1083 4429 Schuetzius:
1111 4378 1181 4442 filine
1210 4391 1272 4426 cum
1299 4378 1374 4427 libris
1402 4377 1470 4426 Rlii.
1493 4399 1521 4411 -

200 4461 241 4497 ras
259 4450 358 4499 deterit
376 4449 521 4499 Manutius.
555 4475 584 4484 -
622 4451 664 4498 22.
684 4451 787 4499 indiciis
805 4451 818 4499 1
837 4456 862 4500 et
882 4463 920 4513 pr.
941 4450 977 4499 lli.
1012 4474 1041 4485 -
1079 4447 1219 4498 vendicoho
1243 4447 1279 4496 Rl
1299 4453 1324 4498 et
1342 4461 1413 4496 corr.
1433 4447 1470 4498 61.
1492 4469 1522 4482 -

200 4519 245 4568 bt.
264 4523 308 4582 qni
327 4533 383 4570 cum
401 4521 493 4570 hahent
513 4521 566 4580 Rl,
592 4523 636 4584 qai
653 4520 747 4570 ludent
765 4527 875 4571 anctore
894 4521 941 4568 Pio
960 4519 1023 4569 Asc.
1043 4519 1131 4568 tertia.
1170 4517 1216 4574 (Ut
1234 4530 1298 4576 nos,
1318 4516 1476 4574 Corradus.)
1493 4539 1522 4550 -

200 4591 265 4638 dacor
292 4589 314 4639 1.
348 4612 378 4624 -
415 4589 458 4641 25.
485 4605 550 4654 quoe
578 4604 634 4639 om.
662 4591 699 4640 61.
728 4614 758 4626 -
802 4591 847 4640 26.
866 4591 944 4654 {upon
964 4589 1004 4648 61,
1023 4591 1100 4652 [uiam
1118 4589 1140 4638 l.
1162 4611 1193 4624 -·
1229 4585 1274 4636 28.
1293 4589 1361 4638 redit
1379 4587 1411 4637 R.
1433 4611 1462 4623 —
1499 4593 1524 4640 at

200 4659 326 4710 iudicibus
346 4659 418 4708 l.-
454 4661 498 4710 eo.
519 4658 640 4724 Procilio]
658 4661 758 4722 proelio
775 4660 849 4710 thl.
886 4660 1076 4718 (Emendatum
1095 4671 1126 4709 ex
1145 4657 1229 4708 Codd.
1249 4658 1346 4714 Bosii.)
1372 4679 1400 4691 -
1438 4670 1525 4706 rumo-

200 4730 293 4779 rislll.
314 4751 345 4763 -
382 4729 529 4781 homerici
548 4745 588 4793 pr.
607 4730 644 4779 61.
678 4755 709 4766 -
748 4731 842 4780 iliacus
862 4729 882 4778 1.
903 4755 934 4762 -
971 4731 1015 4778 31.
1033 4730 1178 4792 posthanc
1197 4742 1237 4791 pr.
1257 4727 1294 4778 61.
1317 4750 1345 4762 -
1383 4725 1523 4777 Deiectum

201 4801 303 4862 primus
322 4799 483 4860 significarit
502 4801 667 4850 Sclruetzius.
687 4823 718 4833 ...
745 4799 788 4848 32.
809 4799 863 4864 quil
883 4801 951 4862 qarod
969 4800 1072 4851 xztttt.
1092 4799 1148 4862 (qui
1166 4805 1206 4848 est
1224 4812 1255 4848 ex
1274 4799 1384 4850 16)-
1410 4797 1454 4846 3³.
1473 4799 1524 4847 dia·

93 4913 97 4922 .
198 4867 303 4933 plicare]
333 4871 484 4932 despicerem
515 4872 552 4921 61.
584 4897 616 4907 -
653 4871 783 4920 Domitius
808 4872 961 4930 competitor
990 4871 1057 4920 ler
1088 4870 1242 4932 competitor
1267 4867 1398 4917 Domitius
1416 4867 1461 4916 lR.
1492 4891 1522 4902 -·

200 4939 244 4988 at.
270 4939 396 5002 populum
422 4941 584 5000 Lambinus,
617 4945 643 4990 ut
670 4939 777 4989 volebat
804 4940 951 4989 Ernestius.
985 4965 1016 4976 —
1053 4941 1116 4989 certi
1134 4947 1192 4988 erut
1209 4939 1254 4998 hi,
1288 4944 1355 4987 certe
1373 4945 1430 4988 erut
1449 4937 1471 4985 1.
1491 4963 1524 4973 -

200 5006 325 5072 consoles]
343 5012 458 5061 conculca
473 5013 567 5062 scilicet
587 5011 623 5065 R,
643 5010 787 5060 consulibua
805 5010 827 5057 l.
847 5035 881 5044 κ-
917 5005 960 5072 Αι]
980 5025 1011 5060 oc
1029 5009 1101 5061 lthl.
1139 5009 1330 5068 (Emendatnm
1349 5013 1390 5058 est
1407 5022 1437 5059 en
1457 5005 1523 5058 Cod.

200 5076 290 5142 hlall.)
312 5103 340 5113 -
378 5083 490 5132 aeamat.
527 5081 728 5132 Saturast-
767 5081 879 5130 decernit
898 5081 934 5130 61.
