3662 5908
325 413 388 482 252
751 411 1025 476 EPISTOLARUM
1047 413 1098 474 su
1121 413 1209 474 tant.

325 574 357 638 in
380 594 440 658 qna
462 571 551 637 facile
573 569 733 636 declarare
754 568 857 655 possis
878 578 963 634 tuam
984 588 1059 653 erga
1081 589 1130 633 me
1152 566 1414 633 benevolentiam.
1457 570 1492 632 L.
1515 567 1656 654 Oppius.

324 674 364 736 Μ.
398 673 432 733 F.
460 664 638 732 Philomelii
670 663 866 749 negotiatur,
909 663 1004 728 bomo
1033 662 1110 728 mibi
1137 661 1308 728 familiaris.
1364 666 1446 726 Eum
1472 659 1528 728 tibi
1556 661 1656 726 unice

324 751 510 830 commendo
539 780 640 846 eoque
668 757 784 842 magis,
818 755 903 843 quod
934 751 1006 822 'cum
1038 756 1140 843 ipsum
1170 755 1284 843 diligo.
1313 768 1379 824 tum
1408 755 1494 843 quod
1521 757 1655 842 negotia

326 863 475 942 procurat
507 858 542 920 L.
568 851 690 939 Egnatii
718 850 810 925 Ruti,
841 871 904 937 quo
937 871 996 936 ego
1023 871 1087 916 uno
1116 851 1220 937 equite
1243 858 1383 918 Romano
1406 849 1656 916 familiarissime

302 963 398 1017 antor
426 959 457 1015 et
489 949 543 1035 qui
575 968 646 1012 cum
674 943 898 1010 consuetudine
929 943 1123 1031 quotidiana,
1155 955 1220 1010 tum
1250 946 1360 1012 officiis
1383 945 1526 1032 plurimis
1548 946 1657 1010 maxi-

326 1045 447 1130 misque
476 1043 553 1108 mihi
587 1042 769 1106 coniunctus
804 1048 861 1103 est.
904 1041 935 1102 2.
968 1038 1104 1124 Oppium
1125 1038 1223 1124 igitur
1244 1051 1440 1125 praesentem
1462 1039 1654 1122 ut‚diligas‚

324 1137 445 1224 Egnatii
470 1136 606 1202 absentis
632 1156 698 1199 rem
728 1145 763 1198 ut
791 1142 914 1204 tueare.
952 1152 1052 1216 aeque
1081 1154 1099 1197 a
1127 1144 1157 1199 te
1192 1143 1285 1219 peto.
1318 1157 1354 1200 ac
1383 1135 1409 1200 si
1431 1153 1500 1200 mea
1522 1131 1655 1216 negotia

326 1240 438 1298 essent.
492 1231 594 1300 Velim
623 1229 794 1294 memoriae
823 1237 895 1293 tuae
923 1247 1016 1291 causa
1038 1224 1093 1290 des
1115 1227 1290 1293 litterarum
1315 1227 1451 1316 aliquid,
1488 1249 1568 1314 qnae
1591 1227 1654 1292 tibi

326 1329 357 1392 in
379 1324 540 1412 provincia
560 1322 748 1398 reddentem
786 1320 840 1386 sed
871 1319 915 1384 ita
943 1318 1142 1395 conscribas,
1172 1331 1207 1386 ut
1234 1331 1320 1396 turn,
1356 1344 1427 1387 cum
1457 1343 1509 1387 eas
1540 1322 1653 1408 leges.

291 1427 315 1466 ¹⁰
326 1421 416 1486 facile
438 1417 599 1484 recordari
629 1418 730 1504 possis
753 1417 844 1481 huius
864 1435 953 1478 meac
976 1413 1253 1481 commendationis
1276 1415 1477 1502 diligentiam.
1529 1420 1596 1481 tloc
1621 1427 1654 1480 te

327 1515 528 1580 vehementer
549 1517 641 1577 etiam
664 1522 757 1598 atque
779 1515 873 1575 etiam
894 1528 983 1592 rogo.

727 1677 1250 1758 2fflummaucnm

791 1821 933 1886 mosao
956 1819 1086 1885 clano
1111 1820 1142 1882 s,

213 1953 233 2044 p
407 1953 473 2020 Etsi
495 1975 535 2019 ex
560 1951 621 2019 tuis
643 1959 675 2016 et
696 1971 736 2016 ex
758 1953 792 2014 L.
815 1948 924 2035 Oppii,
957 1948 1192 2036 familiarissimi
1214 1947 1294 2026 mei,
1327 1947 1438 2014 litteris
1460 1950 1595 2035 cognovi
1618 1961 1653 2016 te

290 2065 315 2107 ¹⁵
325 2068 498 2114 memorem
521 2043 800 2122 commendationis
829 2063 918 2107 meae
950 2041 1047 2107 fuisse
1077 2039 1171 2128 idque
1203 2063 1262 2130 pro
1283 2052 1338 2108 tua
1358 2064 1478 2108 summa
1496 2066 1575 2131 erga
1598 2068 1652 2111 me

325 2140 543 2207 benevolentia
566 2161 687 2226 proque
710 2146 816 2202 nostra
838 2135 1065 2201 necessitudine
1086 2136 1215 2201 minime
1236 2157 1305 2202 sum
1328 2135 1513 2213 admiratus,
1543 2149 1652 2205 tannen

326 2235 420 2300 etiam
443 2243 535 2320 atque
559 2235 653 2298 etiarn
674 2232 731 2298 tibi
759 2237 793 2296 L.
817 2230 951 2316 Oppium
974 2238 1170 2314 praesentem
1192 2237 1224 2294 et
1244 2235 1277 2294 L.
1300 2231 1437 2316 Egnatii,
1474 2235 1536 2299 mei
1557 2235 1652 2301 fami-

216 2331 232 2409 !
326 2327 501 2402 liarissimi.
531 2326 668 2392 absentis
690 2325 816 2410 negotia
837 2321 1032 2388 commendo.
1075 2309 1179 2405 (lenita
1199 2323 1276 2389 mibi
1297 2345 1367 2388 cum
1391 2345 1430 2390 co
1452 2329 1651 2395 necessitudo

206 2415 259 2514 :g
326 2417 650 2506 est'lamiliaritnsque
703 2431 751 2492 ut,
775 2419 801 2482 si
823 2438 892 2482 mea
916 2438 967 2481 res
989 2426 1086 2492 esset,
1121 2439 1183 2482 non
1205 2419 1303 2504 magis
1325 2418 1511 2488 laborarem.
1564 2429 1650 2500 Qua-

201 2502 218 2546 'f
287 2526 456 2602 acpropter
475 2516 692 2601 gratissimum
723 2513 798 2578 mihi
828 2513 956 2586 leceris.
990 2511 1016 2576 si
1044 2514 1180 2588 curaris,
1216 2522 1252 2579 ut
1277 2514 1304 2580 is
1325 2515 1475 2602 intelligat
1504 2526 1651 2581 meato

325 2617 443 2673 tanturn
469 2609 584 2684 amari,
618 2619 772 2695 qnantum
801 2607 868 2693 ipse
898 2604 1054 2671 existimo.
1098 2611 1165 2672 Hoc
1193 2607 1269 2674 mibi
1301 2609 1419 2695 gratius
1446 2610 1549 2676 facere
1572 2611 1650 2677 nibil

325 2711 431 2789 potes;
453 2702 548 2789 idque
569 2711 605 2768 ut
625 2703 736 2776 facias,
759 2701 961 2766 vehementer
983 2708 1012 2764 te
1033 2721 1124 2785 rogo.

732 2871 821 2935 aar.
865 2870 957 2951 (Ama
980 2871 1017 2934 n.
1042 2872 1074 2935 u
1097 2873 1129 2936 c.
1150 2874 1240 2955 710.)

736 3011 879 3077 CICERO
901 3011 1093 3076 APPULEIO
1115 3013 1234 3090 PROQ.

202 3151 214 3187 f
286 3151 316 3219 pt
408 3145 443 3210 L.
474 3143 606 3229 Egnatio
634 3162 698 3207 uno
729 3142 833 3228 equite
862 3147 1003 3206 Romano
1030 3141 1081 3206 vel
1102 3141 1342 3209 familiarissime
1364 3156 1445 3212 utor.
1489 3146 1564 3212 Eius
1586 3155 1647 3215 An-

195 3226 205 3244 ⁹
286 3222 293 3273 l
324 3237 459 3303 chialum
488 3258 613 3324 servum
641 3236 846 3322 negotiaque,
883 3256 964 3320 quae
996 3234 1090 3300 habet
1111 3235 1144 3300 in
1172 3236 1261 3312 Asia,
1297 3236 1353 3303 tibi
1376 3239 1561 3306 commendo
1583 3263 1646 3307 non

323 3332 447 3397 minore
469 3332 587 3407 studio,
610 3352 705 3417 quarn
727 3331 753 3394 si
775 3351 843 3394 rem
865 3349 967 3393 meam
988 3329 1250 3397 commendarem.
1309 3332 1359 3397 Sic
1381 3334 1464 3399 enim
1487 3334 1646 3400 existimes

323 3425 434 3500 velim.
467 3425 543 3490 mihi
573 3447 644 3490 cum
674 3447 713 3489 eo
741 3445 803 3490 non
833 3421 928 3488 modo
955 3422 1169 3508 quotidianam
1202 3427 1459 3493 consuetudinem
1493 3451 1646 3494 summam

326 3518 537 3594 intercedere,
570 3518 626 3584 sed
653 3519 746 3583 etiam
781 3517 882 3584 odicia
914 3536 1025 3600 magna
1056 3526 1087 3582 et
1115 3529 1222 3585 mutua
1255 3529 1361 3585 nostra
1382 3521 1465 3587 inter
1488 3544 1544 3588 nos
1567 3545 1645 3589 esse.

287 3630 314 3667 sn
326 3611 539 3688 Quamobrem
561 3619 652 3678 etiarn
675 3621 768 3699 atque
790 3611 883 3676 etiam
905 3631 923 3674 a
944 3620 975 3675 te
997 3620 1090 3696 pcto.
1117 3621 1152 3676 ut
1172 3633 1281 3688 cures.
1305 3623 1338 3680 ut
1359 3615 1511 3702 intelligat
1532 3639 1581 3682 me
1604 3618 1643 3683 ad

325 3715 355 3771 te
377 3706 451 3772 satis
472 3706 638 3792 diligenter
659 3705 835 3792 scripsisse;
859 3725 930 3768 nam
952 3703 991 3768 de
1014 3712 1065 3768 tua
1088 3725 1163 3789 erga
1184 3728 1234 3772 me
1256 3707 1414 3775 voluntate
1436 3732 1499 3776 non
1521 3711 1645 3778 dubita·

325 3799 388 3868 bat.
431 3799 468 3866 ld
488 3810 523 3865 ut
543 3799 654 3875 facias,
678 3811 707 3866 te
729 3800 821 3865 etiarn
843 3807 936 3884 atquc
958 3797 1051 3862 etiam
1073 3819 1162 3884 rogo.
1207 3801 1293 3867 Vale.

655 3971 760 4032 XLVI.
804 3967 1050 4046 (Bodotriam,
1072 3989 1130 4050 quo
1154 3973 1316 4052 cooperior.)

778 4108 920 4173 CICERO
941 4109 1132 4172 APPULElO
1154 4112 1185 4174 S.

286 4266 314 4305 as
409 4244 443 4306 L.
479 4241 605 4307 Nostius
633 4240 737 4306 Zoilus
760 4249 807 4304 cst
828 4237 959 4304 coheres
981 4260 1083 4310 meus,
1117 4240 1209 4318 heres
1230 4249 1334 4306 autem
1355 4243 1477 4328 patroni
1499 4245 1558 4310 sui.
1602 4251 1645 4312 Ea

323 4359 360 4402 re
388 4347 556 4423 utrumque
590 4334 717 4421 scripsi,
747 4343 782 4399 ut
812 4345 842 4397 ot
871 4333 947 4399 mihi
968 4353 1038 4397 cum
1060 4331 1115 4398 illo
1137 4355 1261 4399 causam
1283 4337 1435 4402 amicitiae
1458 4338 1554 4404 scires
1577 4362 1644 4406 esse

324 4441 355 4496 ot
378 4430 536 4495 bominem
557 4429 690 4516 probum
713 4427 925 4500 existimares,
948 4427 1002 4511 qui
1024 4431 1147 4512 patroni
1168 4426 1285 4493 iudicio
1301 4441 1428 4495 ornatus
1443 4443 1533 4498 essct.
1564 4439 1644 4500 Eum

323 4627 389 4682 tum
422 4616 499 4692 erit,
534 4617 561 4682 si
587 4621 727 4689 curaris.
764 4626 799 4680 ut
826 4613 978 4699 intelligat
1004 4613 1084 4679 banc
1105 4617 1405 4684 commendationem
1427 4618 1487 4686 sibi
1510 4620 1592 4704 apud
1614 4632 1644 4688 te

286 4727 437 4793 lomagna
458 4709 640 4775 adiumento
662 4709 769 4775 luisse.

393 4920 420 4968 t.
439 4920 514 4982 opius
532 4919 569 4971 tt.
589 4948 623 4956 -
666 4919 692 4969 2.
714 4919 858 4969 Philomelii
876 4919 1011 4969 Orellius:
1042 4918 1175 4968 Philomeli
1192 4919 1251 4968 ME.
1283 4943 1314 4958 -·
1349 4921 1376 4970 5.
1405 4925 1450 4985 qni
1467 4935 1645 4972 mmcomua·

325 4989 413 5040 tudine
430 4988 488 5038 Vb:
508 4991 751 5053 qaicmuaetmtine
770 4990 828 5040 llll.
851 5013 879 5024 —
918 4989 961 5039 td.
981 4989 1102 5038 mefom·
1124 4989 1160 5040 tt.
1182 5013 1210 5024 -
1248 4991 1536 5043 cenomanens.
