<?xml version="1.0" encoding="UTF-8"?>
<!DOCTYPE html PUBLIC "-//W3C//DTD XHTML 1.0 Transitional//EN"
    "http://www.w3.org/TR/xhtml1/DTD/xhtml1-transitional.dtd">
<html xmlns="http://www.w3.org/1999/xhtml" xml:lang="en" lang="en">
 <head>
  <title>
</title>
<meta http-equiv="Content-Type" content="text/html;charset=utf-8" />
  <meta name='ocr-system' content='tesseract 3.04.00' />
  <meta name='ocr-capabilities' content='ocr_page ocr_carea ocr_par ocr_line ocrx_word'/>
</head>
<body>
  <div class='ocr_page' id='page_1' title='image "./mtulliiciceroni06baitgoog_0770.png"; bbox 0 0 3662 5892; ppageno 0'>
   <div class='ocr_carea' id='block_1_1' title="bbox 636 405 1507 470">
    <p class='ocr_par' dir='ltr' id='par_1_1' title="bbox 636 405 1507 470">
     <span class='ocr_line' id='line_1_1' title="bbox 636 405 1507 470; baseline 0.001 -3"><span class='ocrx_word' id='word_1_1' title='bbox 636 407 708 470; x_wconf 89' lang='lat' dir='ltr'><strong>LlB.</strong></span> <span class='ocrx_word' id='word_1_2' title='bbox 730 406 812 470; x_wconf 85' lang='lat' dir='ltr'>XIV.</span> <span class='ocrx_word' id='word_1_3' title='bbox 855 407 914 468; x_wconf 84' lang='grc' dir='ltr'><strong>ΕΡ.</strong></span> <span class='ocrx_word' id='word_1_4' title='bbox 936 405 988 469; x_wconf 89' lang='lat'><strong>21.</strong></span> <span class='ocrx_word' id='word_1_5' title='bbox 1009 408 1061 470; x_wconf 90' lang='lat'><strong>22.</strong></span> <span class='ocrx_word' id='word_1_6' title='bbox 1444 405 1507 468; x_wconf 80' lang='grc'><strong>700</strong></span> 
     </span>
    </p>
   </div>
   <div class='ocr_carea' id='block_1_2' title="bbox 180 557 1508 827">
    <p class='ocr_par' dir='ltr' id='par_1_2' title="bbox 180 557 1508 827">
     <span class='ocr_line' id='line_1_2' title="bbox 180 557 1507 646; baseline 0.001 -19"><span class='ocrx_word' id='word_1_7' title='bbox 180 573 287 627; x_wconf 88' lang='lat' dir='ltr'><strong>autern</strong></span> <span class='ocrx_word' id='word_1_8' title='bbox 309 583 372 628; x_wconf 92' lang='lat' dir='ltr'><strong>non</strong></span> <span class='ocrx_word' id='word_1_9' title='bbox 395 569 442 625; x_wconf 87' lang='lat' dir='ltr'><strong>est</strong></span> <span class='ocrx_word' id='word_1_10' title='bbox 462 557 608 636; x_wconf 87' lang='lat' dir='ltr'><strong>dubium,</strong></span> <span class='ocrx_word' id='word_1_11' title='bbox 644 561 718 646; x_wconf 91' lang='lat' dir='ltr'><strong>quin</strong></span> <span class='ocrx_word' id='word_1_12' title='bbox 739 583 791 627; x_wconf 89' lang='lat' dir='ltr'><strong>res</strong></span> <span class='ocrx_word' id='word_1_13' title='bbox 813 570 931 646; x_wconf 76' lang='lat' dir='ltr'><strong>spectet</strong></span> <span class='ocrx_word' id='word_1_14' title='bbox 951 563 991 628; x_wconf 89' lang='lat' dir='ltr'><strong>ad</strong></span> <span class='ocrx_word' id='word_1_15' title='bbox 1013 571 1123 630; x_wconf 83' lang='lat' dir='ltr'><strong>castra.</strong></span> <span class='ocrx_word' id='word_1_16' title='bbox 1175 567 1250 630; x_wconf 76' lang='lat' dir='ltr'><strong>dcta</strong></span> <span class='ocrx_word' id='word_1_17' title='bbox 1270 563 1353 630; x_wconf 90' lang='lat' dir='ltr'><strong>enim</strong></span> <span class='ocrx_word' id='word_1_18' title='bbox 1381 561 1433 628; x_wconf 91' lang='lat' dir='ltr'><strong>illa</strong></span> <span class='ocrx_word' id='word_1_19' title='bbox 1455 584 1507 628; x_wconf 88' lang='lat' dir='ltr'><strong>res</strong></span> 
     </span>
     <span class='ocr_line' id='line_1_3' title="bbox 180 655 1508 744; baseline 0.003 -24"><span class='ocrx_word' id='word_1_20' title='bbox 180 666 230 720; x_wconf 85' lang='lat' dir='ltr'><strong>est</strong></span> <span class='ocrx_word' id='word_1_21' title='bbox 253 655 359 721; x_wconf 89' lang='lat' dir='ltr'><strong>animo</strong></span> <span class='ocrx_word' id='word_1_22' title='bbox 381 656 480 730; x_wconf 86' lang='lat' dir='ltr'><strong>virili,</strong></span> <span class='ocrx_word' id='word_1_23' title='bbox 504 655 635 721; x_wconf 91' lang='lat' dir='ltr'><strong>consilio</strong></span> <span class='ocrx_word' id='word_1_24' title='bbox 657 656 781 742; x_wconf 87' lang='lat' dir='ltr'><strong>puerili.</strong></span> <span class='ocrx_word' id='word_1_25' title='bbox 825 656 903 733; x_wconf 85' lang='lat' dir='ltr'><strong>Quis</strong></span> <span class='ocrx_word' id='word_1_26' title='bbox 925 662 1010 723; x_wconf 90' lang='lat' dir='ltr'><strong>enim</strong></span> <span class='ocrx_word' id='word_1_27' title='bbox 1031 658 1092 724; x_wconf 94' lang='lat' dir='ltr'><strong>boc</strong></span> <span class='ocrx_word' id='word_1_28' title='bbox 1113 679 1175 724; x_wconf 89' lang='lat' dir='ltr'><strong>non</strong></span> <span class='ocrx_word' id='word_1_29' title='bbox 1198 657 1289 734; x_wconf 86' lang='lat' dir='ltr'><strong>vidit,</strong></span> <span class='ocrx_word' id='word_1_30' title='bbox 1312 657 1402 744; x_wconf 87' lang='lat' dir='ltr'><strong>regni</strong></span> <span class='ocrx_word' id='word_1_31' title='bbox 1416 657 1508 724; x_wconf 88' lang='lat' dir='ltr'><strong>berc-</strong></span> 
     </span>
     <span class='ocr_line' id='line_1_4' title="bbox 180 748 884 827; baseline 0.003 -13"><span class='ocrx_word' id='word_1_32' title='bbox 180 748 257 814; x_wconf 90' lang='lat' dir='ltr'><strong>dem</strong></span> <span class='ocrx_word' id='word_1_33' title='bbox 278 749 445 814; x_wconf 73' lang='lat' dir='ltr'><strong>relictum?</strong></span> <span class='ocrx_word' id='word_1_34' title='bbox 469 749 552 827; x_wconf 89' lang='lat' dir='ltr'><strong>Quid</strong></span> <span class='ocrx_word' id='word_1_35' title='bbox 573 759 677 816; x_wconf 91' lang='lat' dir='ltr'><strong>autem</strong></span> <span class='ocrx_word' id='word_1_36' title='bbox 700 749 884 816; x_wconf 82' lang='lat' dir='ltr'>absurdius:</span> 
     </span>
    </p>
   </div>
   <div class='ocr_carea' id='block_1_3' title="bbox 356 873 1184 956">
    <p class='ocr_par' dir='ltr' id='par_1_3' title="bbox 356 873 1184 956">
     <span class='ocr_line' id='line_1_5' title="bbox 356 873 1184 956; baseline 0.006 -23"><span class='ocrx_word' id='word_1_37' title='bbox 356 873 422 933; x_wconf 84' lang='lat' dir='ltr'><strong>Hoc</strong></span> <span class='ocrx_word' id='word_1_38' title='bbox 442 881 583 944; x_wconf 77' lang='lat' dir='ltr'><strong>metuere,</strong></span> <span class='ocrx_word' id='word_1_39' title='bbox 606 874 734 935; x_wconf 83' lang='lat' dir='ltr'><strong>alterum</strong></span> <span class='ocrx_word' id='word_1_40' title='bbox 754 875 788 936; x_wconf 82' lang='lat' dir='ltr'><strong>io</strong></span> <span class='ocrx_word' id='word_1_41' title='bbox 808 883 886 937; x_wconf 82' lang='lat' dir='ltr'><strong>metu</strong></span> <span class='ocrx_word' id='word_1_42' title='bbox 906 895 967 937; x_wconf 81' lang='lat' dir='ltr'><strong>aon</strong></span> <span class='ocrx_word' id='word_1_43' title='bbox 981 893 1095 956; x_wconf 82' lang='lat' dir='ltr'><strong>ponere</strong></span> <span class='ocrx_word' id='word_1_44' title='bbox 1115 878 1184 937; x_wconf 78' lang='lat' dir='ltr'><strong>-i</strong></span> 
     </span>
    </p>
   </div>
   <div class='ocr_carea' id='block_1_4' title="bbox 180 993 1555 2008">
    <p class='ocr_par' dir='ltr' id='par_1_4' title="bbox 180 993 1555 2008">
     <span class='ocr_line' id='line_1_6' title="bbox 181 993 1531 1080; baseline 0 -21"><span class='ocrx_word' id='word_1_45' title='bbox 181 994 270 1072; x_wconf 90' lang='lat' dir='ltr'><strong>Quin</strong></span> <span class='ocrx_word' id='word_1_46' title='bbox 300 993 393 1058; x_wconf 90' lang='lat' dir='ltr'><strong>etiam</strong></span> <span class='ocrx_word' id='word_1_47' title='bbox 423 993 483 1057; x_wconf 92' lang='lat' dir='ltr'><strong>boc</strong></span> <span class='ocrx_word' id='word_1_48' title='bbox 512 993 580 1079; x_wconf 91' lang='lat' dir='ltr'><strong>ipso</strong></span> <span class='ocrx_word' id='word_1_49' title='bbox 603 1003 745 1080; x_wconf 87' lang='lat' dir='ltr'><strong>tempore</strong></span> <span class='ocrx_word' id='word_1_50' title='bbox 774 995 868 1059; x_wconf 90' lang='lat' dir='ltr'><strong>multa</strong></span> <span class='ocrx_word' id='word_1_51' title='bbox 890 995 1105 1062; x_wconf 79' lang='grc' dir='ltr'><strong>ὑποσόλοικα.</strong></span> <span class='ocrx_word' id='word_1_52' title='bbox 1147 995 1249 1060; x_wconf 90' lang='lat' dir='ltr'><strong>Pontii</strong></span> <span class='ocrx_word' id='word_1_53' title='bbox 1271 995 1531 1080; x_wconf 70' lang='lat' dir='ltr'><strong>Neapolitanum</strong></span> 
     </span>
     <span class='ocr_line' id='line_1_7' title="bbox 180 1087 1509 1174; baseline 0.002 -23"><span class='ocrx_word' id='word_1_54' title='bbox 180 1108 200 1151; x_wconf 94' lang='lat' dir='ltr'><strong>a</strong></span> <span class='ocrx_word' id='word_1_55' title='bbox 223 1096 325 1150; x_wconf 86' lang='lat' dir='ltr'><strong>matre</strong></span> <span class='ocrx_word' id='word_1_56' title='bbox 348 1087 562 1173; x_wconf 77' lang='lat' dir='ltr'>tyrannoctoni</span> <span class='ocrx_word' id='word_1_57' title='bbox 591 1089 767 1172; x_wconf 76' lang='lat' dir='ltr'><strong>possideri?</strong></span> <span class='ocrx_word' id='word_1_58' title='bbox 801 1089 964 1174; x_wconf 88' lang='lat' dir='ltr'><strong>Legendus</strong></span> <span class='ocrx_word' id='word_1_59' title='bbox 990 1088 1067 1154; x_wconf 91' lang='lat' dir='ltr'><strong>mibi</strong></span> <span class='ocrx_word' id='word_1_60' title='bbox 1095 1090 1220 1174; x_wconf 90' lang='lat' dir='ltr'><strong>saepius</strong></span> <span class='ocrx_word' id='word_1_61' title='bbox 1242 1097 1289 1154; x_wconf 90' lang='lat' dir='ltr'><strong>est</strong></span> <span class='ocrx_word' id='word_1_62' title='bbox 1311 1093 1386 1154; x_wconf 86' lang='lat' dir='ltr'><strong>Cato</strong></span> <span class='ocrx_word' id='word_1_63' title='bbox 1408 1089 1509 1155; x_wconf 89' lang='lat' dir='ltr'><strong>maior</strong></span> 
     </span>
     <span class='ocr_line' id='line_1_8' title="bbox 180 1180 1509 1248; baseline 0.002 -2"><span class='ocrx_word' id='word_1_64' title='bbox 180 1181 223 1246; x_wconf 89' lang='lat' dir='ltr'><strong>ad</strong></span> <span class='ocrx_word' id='word_1_65' title='bbox 252 1190 283 1244; x_wconf 90' lang='lat' dir='ltr'><strong>te</strong></span> <span class='ocrx_word' id='word_1_66' title='bbox 312 1180 435 1245; x_wconf 91' lang='lat' dir='ltr'><strong>missus.</strong></span> <span class='ocrx_word' id='word_1_67' title='bbox 477 1181 675 1245; x_wconf 81' lang='lat' dir='ltr'><strong>Amariorem</strong></span> <span class='ocrx_word' id='word_1_68' title='bbox 706 1183 788 1248; x_wconf 91' lang='lat' dir='ltr'><strong>enim</strong></span> <span class='ocrx_word' id='word_1_69' title='bbox 820 1205 869 1248; x_wconf 92' lang='lat' dir='ltr'><strong>me</strong></span> <span class='ocrx_word' id='word_1_70' title='bbox 891 1192 1034 1248; x_wconf 86' lang='lat' dir='ltr'><strong>senectus</strong></span> <span class='ocrx_word' id='word_1_71' title='bbox 1059 1182 1144 1248; x_wconf 89' lang='lat' dir='ltr'><strong>facit.</strong></span> <span class='ocrx_word' id='word_1_72' title='bbox 1188 1182 1374 1248; x_wconf 88' lang='lat' dir='ltr'><strong>Stomacbor</strong></span> <span class='ocrx_word' id='word_1_73' title='bbox 1395 1185 1509 1248; x_wconf 91' lang='lat' dir='ltr'><strong>omnia.</strong></span> 
     </span>
     <span class='ocr_line' id='line_1_9' title="bbox 181 1273 1510 1359; baseline 0.002 -19"><span class='ocrx_word' id='word_1_74' title='bbox 181 1273 247 1340; x_wconf 91' lang='lat' dir='ltr'><strong>Sed</strong></span> <span class='ocrx_word' id='word_1_75' title='bbox 276 1273 353 1338; x_wconf 92' lang='lat' dir='ltr'><strong>mibi</strong></span> <span class='ocrx_word' id='word_1_76' title='bbox 381 1273 506 1359; x_wconf 89' lang='lat' dir='ltr'><strong>quidem</strong></span> <span class='ocrx_word' id='word_1_77' title='bbox 535 1282 702 1357; x_wconf 75' lang='grc' dir='ltr'><strong><em>βεβίωται.</em></strong></span> <span class='ocrx_word' id='word_1_78' title='bbox 760 1275 902 1342; x_wconf 88' lang='lat' dir='ltr'><strong>Viderint</strong></span> <span class='ocrx_word' id='word_1_79' title='bbox 935 1278 1073 1346; x_wconf 88' lang='lat' dir='ltr'><strong>iuvenes.</strong></span> <span class='ocrx_word' id='word_1_80' title='bbox 1124 1282 1170 1342; x_wconf 82' lang='lat' dir='ltr'><strong>l&#39;u</strong></span> <span class='ocrx_word' id='word_1_81' title='bbox 1203 1297 1272 1341; x_wconf 88' lang='lat' dir='ltr'><strong>mea</strong></span> <span class='ocrx_word' id='word_1_82' title='bbox 1304 1274 1445 1348; x_wconf 89' lang='lat' dir='ltr'><strong>curabis,</strong></span> <span class='ocrx_word' id='word_1_83' title='bbox 1476 1288 1510 1344; x_wconf 88' lang='lat' dir='ltr'><strong>ut</strong></span> 
     </span>
     <span class='ocr_line' id='line_1_10' title="bbox 181 1369 1555 1457; baseline 0.003 -24"><span class='ocrx_word' id='word_1_84' title='bbox 181 1389 287 1433; x_wconf 90' lang='lat' dir='ltr'><strong>curas.</strong></span> <span class='ocrx_word' id='word_1_85' title='bbox 340 1372 371 1433; x_wconf 78' lang='lat' dir='ltr'><strong>d.</strong></span> <span class='ocrx_word' id='word_1_86' title='bbox 398 1371 483 1432; x_wconf 84' lang='lat' dir='ltr'><strong>llaec</strong></span> <span class='ocrx_word' id='word_1_87' title='bbox 504 1369 615 1454; x_wconf 82' lang='lat' dir='ltr'><strong>scripsi</strong></span> <span class='ocrx_word' id='word_1_88' title='bbox 637 1391 693 1434; x_wconf 89' lang='lat' dir='ltr'><strong>seu</strong></span> <span class='ocrx_word' id='word_1_89' title='bbox 716 1371 843 1444; x_wconf 88' lang='lat' dir='ltr'><strong>dictavi,</strong></span> <span class='ocrx_word' id='word_1_90' title='bbox 877 1371 1017 1457; x_wconf 90' lang='lat' dir='ltr'><strong>apposita</strong></span> <span class='ocrx_word' id='word_1_91' title='bbox 1040 1371 1176 1436; x_wconf 89' lang='lat' dir='ltr'><strong>secunda</strong></span> <span class='ocrx_word' id='word_1_92' title='bbox 1199 1391 1319 1443; x_wconf 89' lang='lat' dir='ltr'><strong>mensa,</strong></span> <span class='ocrx_word' id='word_1_93' title='bbox 1343 1371 1426 1456; x_wconf 91' lang='lat' dir='ltr'><strong>apud</strong></span> <span class='ocrx_word' id='word_1_94' title='bbox 1449 1377 1510 1437; x_wconf 91' lang='lat' dir='ltr'><strong>Ve-</strong></span> <span class='ocrx_word' id='word_1_95' title='bbox 1548 1417 1555 1428; x_wconf 87' lang='lat'>·</span> 
     </span>
     <span class='ocr_line' id='line_1_11' title="bbox 181 1461 1546 1550; baseline 0.004 -22"><span class='ocrx_word' id='word_1_96' title='bbox 181 1462 327 1528; x_wconf 87' lang='lat' dir='ltr'><strong>storium.</strong></span> <span class='ocrx_word' id='word_1_97' title='bbox 378 1461 532 1527; x_wconf 80' lang='lat' dir='ltr'><strong>Postridie</strong></span> <span class='ocrx_word' id='word_1_98' title='bbox 560 1463 643 1548; x_wconf 92' lang='lat' dir='ltr'><strong>apud</strong></span> <span class='ocrx_word' id='word_1_99' title='bbox 672 1465 808 1530; x_wconf 86' lang='lat' dir='ltr'><strong>Hirtium</strong></span> <span class='ocrx_word' id='word_1_100' title='bbox 835 1466 1027 1550; x_wconf 83' lang='lat' dir='ltr'><strong>cogitabam:</strong></span> <span class='ocrx_word' id='word_1_101' title='bbox 1065 1475 1096 1530; x_wconf 87' lang='lat' dir='ltr'><strong>et</strong></span> <span class='ocrx_word' id='word_1_102' title='bbox 1127 1465 1254 1550; x_wconf 90' lang='lat' dir='ltr'><strong>quidem</strong></span> <span class='ocrx_word' id='word_1_103' title='bbox 1291 1473 1546 1533; x_wconf 62' lang='lat' dir='ltr'><strong>nrvrdlotnoffl</strong></span> 
     </span>
     <span class='ocr_line' id='line_1_12' title="bbox 182 1553 1510 1645; baseline 0.001 -24"><span class='ocrx_word' id='word_1_104' title='bbox 182 1557 236 1621; x_wconf 88' lang='lat' dir='ltr'><strong>Sic</strong></span> <span class='ocrx_word' id='word_1_105' title='bbox 266 1553 423 1620; x_wconf 88' lang='lat' dir='ltr'><strong>bominem</strong></span> <span class='ocrx_word' id='word_1_106' title='bbox 452 1556 617 1622; x_wconf 82' lang='lat' dir='ltr'><strong>traducere</strong></span> <span class='ocrx_word' id='word_1_107' title='bbox 646 1559 687 1623; x_wconf 91' lang='lat' dir='ltr'><strong>ad</strong></span> <span class='ocrx_word' id='word_1_108' title='bbox 715 1560 881 1645; x_wconf 88' lang='lat' dir='ltr'><strong>optimates</strong></span> <span class='ocrx_word' id='word_1_109' title='bbox 912 1580 999 1645; x_wconf 89' lang='lat' dir='ltr'><strong>paro.</strong></span> <span class='ocrx_word' id='word_1_110' title='bbox 1048 1563 1160 1644; x_wconf 79' lang='grc' dir='ltr'><strong>Λῆρος</strong></span> <span class='ocrx_word' id='word_1_111' title='bbox 1187 1559 1296 1636; x_wconf 78' lang='grc' dir='ltr'><strong>πολύς.</strong></span> <span class='ocrx_word' id='word_1_112' title='bbox 1342 1563 1441 1624; x_wconf 90' lang='lat' dir='ltr'><strong>Nemo</strong></span> <span class='ocrx_word' id='word_1_113' title='bbox 1464 1568 1510 1624; x_wconf 90' lang='lat' dir='ltr'><strong>est</strong></span> 
     </span>
     <span class='ocr_line' id='line_1_13' title="bbox 180 1649 1508 1735; baseline 0.001 -19"><span class='ocrx_word' id='word_1_114' title='bbox 180 1651 336 1723; x_wconf 88' lang='lat' dir='ltr'><strong>istorum,</strong></span> <span class='ocrx_word' id='word_1_115' title='bbox 358 1649 412 1735; x_wconf 92' lang='lat' dir='ltr'><strong>qui</strong></span> <span class='ocrx_word' id='word_1_116' title='bbox 435 1650 534 1715; x_wconf 89' lang='lat' dir='ltr'><strong>otium</strong></span> <span class='ocrx_word' id='word_1_117' title='bbox 556 1672 619 1716; x_wconf 95' lang='lat' dir='ltr'><strong>non</strong></span> <span class='ocrx_word' id='word_1_118' title='bbox 641 1652 756 1718; x_wconf 89' lang='lat' dir='ltr'><strong>timeat.</strong></span> <span class='ocrx_word' id='word_1_119' title='bbox 802 1656 908 1731; x_wconf 86' lang='lat' dir='ltr'><strong>Quare</strong></span> <span class='ocrx_word' id='word_1_120' title='bbox 930 1653 1039 1719; x_wconf 85' lang='lat' dir='ltr'><strong>talaria</strong></span> <span class='ocrx_word' id='word_1_121' title='bbox 1057 1653 1228 1720; x_wconf 87' lang='lat' dir='ltr'><strong>videamus.</strong></span> <span class='ocrx_word' id='word_1_122' title='bbox 1273 1652 1406 1730; x_wconf 86' lang='lat' dir='ltr'><strong>Quidvis</strong></span> <span class='ocrx_word' id='word_1_123' title='bbox 1425 1653 1508 1717; x_wconf 89' lang='lat' dir='ltr'><strong>enim</strong></span> 
     </span>
     <span class='ocr_line' id='line_1_14' title="bbox 181 1744 1509 1834; baseline 0.001 -25"><span class='ocrx_word' id='word_1_124' title='bbox 181 1744 289 1830; x_wconf 91' lang='lat' dir='ltr'><strong>potius</strong></span> <span class='ocrx_word' id='word_1_125' title='bbox 318 1765 410 1828; x_wconf 91' lang='lat' dir='ltr'><strong>quam</strong></span> <span class='ocrx_word' id='word_1_126' title='bbox 442 1753 553 1809; x_wconf 88' lang='lat' dir='ltr'><strong>castra.</strong></span> <span class='ocrx_word' id='word_1_127' title='bbox 595 1746 713 1811; x_wconf 80' lang='lat' dir='ltr'><strong>Atticae</strong></span> <span class='ocrx_word' id='word_1_128' title='bbox 742 1748 874 1813; x_wconf 89' lang='lat' dir='ltr'><strong>salutem</strong></span> <span class='ocrx_word' id='word_1_129' title='bbox 903 1748 1071 1834; x_wconf 87' lang='lat' dir='ltr'><strong>plurimam</strong></span> <span class='ocrx_word' id='word_1_130' title='bbox 1098 1747 1192 1814; x_wconf 86' lang='lat' dir='ltr'><strong>velim</strong></span> <span class='ocrx_word' id='word_1_131' title='bbox 1214 1746 1309 1812; x_wconf 90' lang='lat' dir='ltr'><strong>dicas.</strong></span> <span class='ocrx_word' id='word_1_132' title='bbox 1353 1750 1509 1832; x_wconf 86' lang='lat' dir='ltr'><strong>Exspecto</strong></span> 
     </span>
     <span class='ocr_line' id='line_1_15' title="bbox 183 1836 1509 1927; baseline 0.002 -25"><span class='ocrx_word' id='word_1_133' title='bbox 183 1836 307 1902; x_wconf 87' lang='lat' dir='ltr'><strong>Octavii</strong></span> <span class='ocrx_word' id='word_1_134' title='bbox 334 1839 511 1904; x_wconf 88' lang='lat' dir='ltr'><strong>contionem</strong></span> <span class='ocrx_word' id='word_1_135' title='bbox 541 1849 586 1913; x_wconf 90' lang='lat' dir='ltr'><strong>et,</strong></span> <span class='ocrx_word' id='word_1_136' title='bbox 616 1839 643 1904; x_wconf 90' lang='lat' dir='ltr'><strong>si</strong></span> <span class='ocrx_word' id='word_1_137' title='bbox 664 1839 739 1926; x_wconf 92' lang='lat' dir='ltr'><strong>quid</strong></span> <span class='ocrx_word' id='word_1_138' title='bbox 761 1841 863 1918; x_wconf 87' lang='lat' dir='ltr'><strong>aliud;</strong></span> <span class='ocrx_word' id='word_1_139' title='bbox 895 1843 1033 1908; x_wconf 83' lang='lat' dir='ltr'><strong>maxime</strong></span> <span class='ocrx_word' id='word_1_140' title='bbox 1055 1850 1184 1918; x_wconf 88' lang='lat' dir='ltr'><strong>autem,</strong></span> <span class='ocrx_word' id='word_1_141' title='bbox 1214 1840 1325 1927; x_wconf 89' lang='lat' dir='ltr'><strong>ecquid</strong></span> <span class='ocrx_word' id='word_1_142' title='bbox 1347 1839 1509 1906; x_wconf 86' lang='lat' dir='ltr'><strong>Dolabella</strong></span> 
     </span>
     <span class='ocr_line' id='line_1_16' title="bbox 182 1932 1548 2008; baseline 0.005 -12"><span class='ocrx_word' id='word_1_143' title='bbox 182 1932 311 2008; x_wconf 89' lang='lat' dir='ltr'><strong>tinniat,</strong></span> <span class='ocrx_word' id='word_1_144' title='bbox 334 1953 373 1996; x_wconf 89' lang='lat' dir='ltr'><strong>an</strong></span> <span class='ocrx_word' id='word_1_145' title='bbox 394 1932 427 1997; x_wconf 94' lang='lat' dir='ltr'><strong>in</strong></span> <span class='ocrx_word' id='word_1_146' title='bbox 449 1953 521 1999; x_wconf 86' lang='lat' dir='ltr'><strong>meo</strong></span> <span class='ocrx_word' id='word_1_147' title='bbox 542 1933 669 1999; x_wconf 88' lang='lat' dir='ltr'><strong>nomine</strong></span> <span class='ocrx_word' id='word_1_148' title='bbox 690 1933 812 2000; x_wconf 83' lang='lat' dir='ltr'><strong>tabulas</strong></span> <span class='ocrx_word' id='word_1_149' title='bbox 834 1957 930 2001; x_wconf 83' lang='lat' dir='ltr'><strong>novas</strong></span> <span class='ocrx_word' id='word_1_150' title='bbox 952 1935 1073 2001; x_wconf 89' lang='lat' dir='ltr'><strong>fecerit.</strong></span> <span class='ocrx_word' id='word_1_151' title='bbox 1521 1943 1548 1982; x_wconf 79' lang='lat'><strong>¹⁵</strong></span> 
     </span>
    </p>
   </div>
   <div class='ocr_carea' id='block_1_5' title="bbox 628 2122 1066 2320">
    <p class='ocr_par' dir='ltr' id='par_1_5' title="bbox 628 2122 1066 2320">
     <span class='ocr_line' id='line_1_17' title="bbox 628 2122 1066 2204; baseline 0.005 -20"><span class='ocrx_word' id='word_1_152' title='bbox 628 2123 728 2186; x_wconf 78' lang='lat' dir='ltr'><strong>xxm</strong></span> <span class='ocrx_word' id='word_1_153' title='bbox 772 2122 831 2204; x_wconf 76' lang='lat' dir='ltr'><strong>(A.</strong></span> <span class='ocrx_word' id='word_1_154' title='bbox 858 2127 890 2188; x_wconf 89' lang='lat' dir='ltr'><strong>u.</strong></span> <span class='ocrx_word' id='word_1_155' title='bbox 914 2126 946 2189; x_wconf 88' lang='lat' dir='ltr'><strong>c.</strong></span> <span class='ocrx_word' id='word_1_156' title='bbox 969 2127 1041 2187; x_wconf 85' lang='lat'><strong>710.</strong></span> <span class='ocrx_word' id='word_1_157' title='bbox 1045 2124 1066 2204; x_wconf 85' lang='lat'><em>)</em></span> 
     </span>
     <span class='ocr_line' id='line_1_18' title="bbox 663 2255 1030 2320; baseline -0.003 -1"><span class='ocrx_word' id='word_1_158' title='bbox 663 2255 805 2319; x_wconf 79' lang='lat' dir='ltr'><strong>cronno</strong></span> <span class='ocrx_word' id='word_1_159' title='bbox 831 2255 1030 2320; x_wconf 79' lang='lat' dir='ltr'><strong>mneos</strong></span> 
     </span>
    </p>
   </div>
   <div class='ocr_carea' id='block_1_6' title="bbox 181 2381 1645 4234">
    <p class='ocr_par' dir='ltr' id='par_1_6' title="bbox 181 2381 1645 4234">
     <span class='ocr_line' id='line_1_19' title="bbox 271 2381 1511 2458; baseline 0.002 -11"><span class='ocrx_word' id='word_1_160' title='bbox 271 2388 300 2448; x_wconf 89' lang='lat'><strong>1.</strong></span> <span class='ocrx_word' id='word_1_161' title='bbox 331 2381 455 2449; x_wconf 87' lang='lat' dir='ltr'><strong>Certior</strong></span> <span class='ocrx_word' id='word_1_162' title='bbox 484 2403 501 2446; x_wconf 89' lang='lat' dir='ltr'><strong>a</strong></span> <span class='ocrx_word' id='word_1_163' title='bbox 527 2382 604 2448; x_wconf 88' lang='lat' dir='ltr'><strong>Pilia</strong></span> <span class='ocrx_word' id='word_1_164' title='bbox 626 2383 726 2448; x_wconf 86' lang='lat' dir='ltr'><strong>iactus</strong></span> <span class='ocrx_word' id='word_1_165' title='bbox 748 2386 827 2450; x_wconf 88' lang='lat' dir='ltr'><strong>mitti</strong></span> <span class='ocrx_word' id='word_1_166' title='bbox 850 2383 888 2448; x_wconf 89' lang='lat' dir='ltr'><strong>ad</strong></span> <span class='ocrx_word' id='word_1_167' title='bbox 910 2395 941 2449; x_wconf 86' lang='lat' dir='ltr'><strong>te</strong></span> <span class='ocrx_word' id='word_1_168' title='bbox 962 2382 1069 2449; x_wconf 93' lang='lat' dir='ltr'><strong>ldibus</strong></span> <span class='ocrx_word' id='word_1_169' title='bbox 1090 2382 1284 2458; x_wconf 89' lang='lat' dir='ltr'><strong>tabellarios,</strong></span> <span class='ocrx_word' id='word_1_170' title='bbox 1324 2385 1428 2450; x_wconf 88' lang='lat' dir='ltr'><strong>statim</strong></span> <span class='ocrx_word' id='word_1_171' title='bbox 1451 2384 1511 2450; x_wconf 92' lang='lat' dir='ltr'><strong>boc</strong></span> 
     </span>
     <span class='ocr_line' id='line_1_20' title="bbox 181 2476 1509 2563; baseline -0.001 -21"><span class='ocrx_word' id='word_1_172' title='bbox 181 2477 291 2542; x_wconf 87' lang='lat' dir='ltr'><strong>nescio</strong></span> <span class='ocrx_word' id='word_1_173' title='bbox 318 2476 394 2561; x_wconf 94' lang='lat' dir='ltr'><strong>quid</strong></span> <span class='ocrx_word' id='word_1_174' title='bbox 424 2477 561 2541; x_wconf 85' lang='lat' dir='ltr'><strong>exaravi.</strong></span> <span class='ocrx_word' id='word_1_175' title='bbox 621 2479 759 2544; x_wconf 85' lang='lat' dir='ltr'><strong>Primum</strong></span> <span class='ocrx_word' id='word_1_176' title='bbox 791 2479 887 2562; x_wconf 90' lang='lat' dir='ltr'><strong>igitur</strong></span> <span class='ocrx_word' id='word_1_177' title='bbox 915 2479 996 2543; x_wconf 89' lang='lat' dir='ltr'><strong>scire</strong></span> <span class='ocrx_word' id='word_1_178' title='bbox 1027 2488 1057 2543; x_wconf 91' lang='lat' dir='ltr'><strong>te</strong></span> <span class='ocrx_word' id='word_1_179' title='bbox 1081 2480 1168 2545; x_wconf 83' lang='lat' dir='ltr'><strong>volui</strong></span> <span class='ocrx_word' id='word_1_180' title='bbox 1190 2501 1240 2544; x_wconf 89' lang='lat' dir='ltr'><strong>me</strong></span> <span class='ocrx_word' id='word_1_181' title='bbox 1264 2479 1335 2543; x_wconf 91' lang='lat' dir='ltr'><strong>binc</strong></span> <span class='ocrx_word' id='word_1_182' title='bbox 1356 2477 1509 2563; x_wconf 78' lang='lat' dir='ltr'><strong>Arpinum</strong></span> 
     </span>
     <span class='ocr_line' id='line_1_21' title="bbox 183 2571 1549 2660; baseline -0.003 -22"><span class='ocrx_word' id='word_1_183' title='bbox 183 2592 258 2638; x_wconf 82' lang='lat' dir='ltr'><strong>xvi.</strong></span> <span class='ocrx_word' id='word_1_184' title='bbox 280 2571 409 2636; x_wconf 88' lang='lat' dir='ltr'><strong>Kalend.</strong></span> <span class='ocrx_word' id='word_1_185' title='bbox 439 2576 505 2636; x_wconf 93' lang='lat' dir='ltr'><strong>lun.</strong></span> <span class='ocrx_word' id='word_1_186' title='bbox 560 2577 606 2636; x_wconf 85' lang='lat' dir='ltr'><strong>Eo</strong></span> <span class='ocrx_word' id='word_1_187' title='bbox 628 2573 725 2656; x_wconf 90' lang='lat' dir='ltr'><strong>igitur</strong></span> <span class='ocrx_word' id='word_1_188' title='bbox 747 2573 869 2648; x_wconf 89' lang='lat' dir='ltr'><strong>mittes,</strong></span> <span class='ocrx_word' id='word_1_189' title='bbox 906 2573 1030 2659; x_wconf 93' lang='lat' dir='ltr'><strong>siquid</strong></span> <span class='ocrx_word' id='word_1_190' title='bbox 1053 2573 1114 2638; x_wconf 91' lang='lat' dir='ltr'><strong>erit</strong></span> <span class='ocrx_word' id='word_1_191' title='bbox 1137 2573 1286 2658; x_wconf 83' lang='lat' dir='ltr'><strong>postbao;</strong></span> <span class='ocrx_word' id='word_1_192' title='bbox 1321 2590 1549 2660; x_wconf 79' lang='lat' dir='ltr'><strong>quamquam-ro</strong></span> 
     </span>
     <span class='ocr_line' id='line_1_22' title="bbox 183 2665 1510 2752; baseline 0 -22"><span class='ocrx_word' id='word_1_193' title='bbox 183 2666 251 2752; x_wconf 88' lang='lat' dir='ltr'><strong>ipse</strong></span> <span class='ocrx_word' id='word_1_194' title='bbox 272 2666 333 2730; x_wconf 93' lang='lat' dir='ltr'><strong>iam</strong></span> <span class='ocrx_word' id='word_1_195' title='bbox 356 2665 480 2750; x_wconf 91' lang='lat' dir='ltr'><strong>iamque</strong></span> <span class='ocrx_word' id='word_1_196' title='bbox 502 2665 608 2731; x_wconf 87' lang='lat' dir='ltr'><strong>adero.</strong></span> <span class='ocrx_word' id='word_1_197' title='bbox 653 2667 752 2752; x_wconf 92' lang='lat' dir='ltr'><strong>Cupio</strong></span> <span class='ocrx_word' id='word_1_198' title='bbox 774 2667 856 2730; x_wconf 90' lang='lat' dir='ltr'><strong>enim</strong></span> <span class='ocrx_word' id='word_1_199' title='bbox 879 2676 966 2739; x_wconf 88' lang='lat' dir='ltr'><strong>ante,</strong></span> <span class='ocrx_word' id='word_1_200' title='bbox 990 2688 1082 2752; x_wconf 89' lang='lat' dir='ltr'><strong>quam</strong></span> <span class='ocrx_word' id='word_1_201' title='bbox 1099 2673 1229 2732; x_wconf 86' lang='lat' dir='ltr'><strong>Romam</strong></span> <span class='ocrx_word' id='word_1_202' title='bbox 1245 2668 1358 2742; x_wconf 82' lang='lat' dir='ltr'><strong>venio,</strong></span> <span class='ocrx_word' id='word_1_203' title='bbox 1382 2666 1510 2732; x_wconf 89' lang='lat' dir='ltr'><strong>odorari</strong></span> 
     </span>
     <span class='ocr_line' id='line_1_23' title="bbox 183 2757 1511 2844; baseline -0.002 -19"><span class='ocrx_word' id='word_1_204' title='bbox 183 2760 379 2844; x_wconf 88' lang='lat' dir='ltr'><strong>diligentius,</strong></span> <span class='ocrx_word' id='word_1_205' title='bbox 410 2757 487 2844; x_wconf 93' lang='lat' dir='ltr'><strong>quid</strong></span> <span class='ocrx_word' id='word_1_206' title='bbox 516 2757 654 2824; x_wconf 87' lang='lat' dir='ltr'><strong>loturum</strong></span> <span class='ocrx_word' id='word_1_207' title='bbox 685 2760 733 2824; x_wconf 85' lang='lat' dir='ltr'><strong>sit.</strong></span> <span class='ocrx_word' id='word_1_208' title='bbox 789 2763 986 2844; x_wconf 84' lang='lat' dir='ltr'><strong>Quamquam</strong></span> <span class='ocrx_word' id='word_1_209' title='bbox 1008 2781 1139 2833; x_wconf 88' lang='lat' dir='ltr'><strong>vereor,</strong></span> <span class='ocrx_word' id='word_1_210' title='bbox 1171 2782 1210 2825; x_wconf 92' lang='lat' dir='ltr'><strong>ne</strong></span> <span class='ocrx_word' id='word_1_211' title='bbox 1233 2760 1309 2824; x_wconf 92' lang='lat' dir='ltr'><strong>nibil</strong></span> <span class='ocrx_word' id='word_1_212' title='bbox 1331 2760 1511 2824; x_wconf 87' lang='lat' dir='ltr'><strong>coniectura</strong></span> 
     </span>
     <span class='ocr_line' id='line_1_24' title="bbox 183 2851 1511 2937; baseline -0.003 -17"><span class='ocrx_word' id='word_1_213' title='bbox 183 2853 339 2920; x_wconf 88' lang='lat' dir='ltr'><strong>aberrem.</strong></span> <span class='ocrx_word' id='word_1_214' title='bbox 393 2851 520 2916; x_wconf 85' lang='lat' dir='ltr'><strong>Minime</strong></span> <span class='ocrx_word' id='word_1_215' title='bbox 550 2852 633 2916; x_wconf 91' lang='lat' dir='ltr'><strong>enirn</strong></span> <span class='ocrx_word' id='word_1_216' title='bbox 664 2851 833 2916; x_wconf 90' lang='lat' dir='ltr'><strong>obscurum</strong></span> <span class='ocrx_word' id='word_1_217' title='bbox 866 2859 930 2924; x_wconf 88' lang='lat' dir='ltr'><strong>est,</strong></span> <span class='ocrx_word' id='word_1_218' title='bbox 966 2852 1043 2937; x_wconf 93' lang='lat' dir='ltr'><strong>quid</strong></span> <span class='ocrx_word' id='word_1_219' title='bbox 1071 2853 1123 2916; x_wconf 91' lang='lat' dir='ltr'><strong>isti</strong></span> <span class='ocrx_word' id='word_1_220' title='bbox 1152 2853 1321 2917; x_wconf 88' lang='lat' dir='ltr'><strong>moliantur</strong></span> <span class='ocrx_word' id='word_1_221' title='bbox 1349 2887 1391 2898; x_wconf 91' lang='lat'>-</span> <span class='ocrx_word' id='word_1_222' title='bbox 1422 2872 1511 2916; x_wconf 88' lang='lat' dir='ltr'><strong>meus</strong></span> 
     </span>
     <span class='ocr_line' id='line_1_25' title="bbox 183 2942 1509 3032; baseline -0.002 -22"><span class='ocrx_word' id='word_1_223' title='bbox 183 2969 263 3013; x_wconf 85' lang='lat' dir='ltr'><strong>vero</strong></span> <span class='ocrx_word' id='word_1_224' title='bbox 292 2946 482 3032; x_wconf 91' lang='lat' dir='ltr'><strong>discipulus,</strong></span> <span class='ocrx_word' id='word_1_225' title='bbox 516 2945 572 3030; x_wconf 89' lang='lat' dir='ltr'><strong>qui</strong></span> <span class='ocrx_word' id='word_1_226' title='bbox 599 2944 692 3010; x_wconf 89' lang='lat' dir='ltr'><strong>bodie</strong></span> <span class='ocrx_word' id='word_1_227' title='bbox 718 2942 801 3028; x_wconf 88' lang='lat' dir='ltr'><strong>apud</strong></span> <span class='ocrx_word' id='word_1_228' title='bbox 823 2964 873 3007; x_wconf 90' lang='lat' dir='ltr'><strong>me</strong></span> <span class='ocrx_word' id='word_1_229' title='bbox 895 2954 1020 3018; x_wconf 88' lang='lat' dir='ltr'><strong>coenat,</strong></span> <span class='ocrx_word' id='word_1_230' title='bbox 1055 2944 1144 3009; x_wconf 86' lang='lat' dir='ltr'><strong>valde</strong></span> <span class='ocrx_word' id='word_1_231' title='bbox 1167 2957 1250 3009; x_wconf 85' lang='lat' dir='ltr'><strong>amat</strong></span> <span class='ocrx_word' id='word_1_232' title='bbox 1271 2945 1378 3020; x_wconf 91' lang='lat' dir='ltr'><strong>illum,</strong></span> <span class='ocrx_word' id='word_1_233' title='bbox 1416 2963 1509 3029; x_wconf 90' lang='lat' dir='ltr'><strong>quem</strong></span> 
     </span>
     <span class='ocr_line' id='line_1_26' title="bbox 182 3037 1549 3124; baseline -0.006 -17"><span class='ocrx_word' id='word_1_234' title='bbox 182 3049 299 3108; x_wconf 90' lang='lat' dir='ltr'><strong>Brutus</strong></span> <span class='ocrx_word' id='word_1_235' title='bbox 314 3050 421 3106; x_wconf 89' lang='lat' dir='ltr'><strong>noster</strong></span> <span class='ocrx_word' id='word_1_236' title='bbox 434 3038 583 3104; x_wconf 88' lang='lat' dir='ltr'><strong>sauciavit</strong></span> <span class='ocrx_word' id='word_1_237' title='bbox 600 3073 654 3110; x_wconf 96' lang='lat'><strong>-,</strong></span> <span class='ocrx_word' id='word_1_238' title='bbox 679 3047 724 3111; x_wconf 89' lang='lat' dir='ltr'><strong>et,</strong></span> <span class='ocrx_word' id='word_1_239' title='bbox 740 3043 765 3101; x_wconf 88' lang='lat' dir='ltr'><strong>si</strong></span> <span class='ocrx_word' id='word_1_240' title='bbox 782 3038 908 3124; x_wconf 89' lang='lat' dir='ltr'><strong>quaeris</strong></span> <span class='ocrx_word' id='word_1_241' title='bbox 923 3039 1124 3124; x_wconf 83' lang='lat' dir='ltr'><strong>—perspexi</strong></span> <span class='ocrx_word' id='word_1_242' title='bbox 1140 3039 1222 3103; x_wconf 89' lang='lat' dir='ltr'><strong>enim</strong></span> <span class='ocrx_word' id='word_1_243' title='bbox 1237 3039 1330 3122; x_wconf 87' lang='lat' dir='ltr'><strong>plane</strong></span> <span class='ocrx_word' id='word_1_244' title='bbox 1346 3073 1386 3084; x_wconf 94' lang='lat'><strong>—-</strong></span> <span class='ocrx_word' id='word_1_245' title='bbox 1401 3037 1549 3101; x_wconf 78' lang='lat' dir='ltr'><strong>timentes</strong></span> 
     </span>
     <span class='ocr_line' id='line_1_27' title="bbox 183 3130 1509 3218; baseline -0.006 -16"><span class='ocrx_word' id='word_1_246' title='bbox 183 3135 299 3213; x_wconf 80' lang='lat' dir='ltr'><strong>otium3</strong></span> <span class='ocrx_word' id='word_1_247' title='bbox 321 3135 478 3201; x_wconf 71' lang='grc' dir='ltr'><strong>ὑπόθεσιν</strong></span> <span class='ocrx_word' id='word_1_248' title='bbox 500 3144 602 3198; x_wconf 87' lang='lat' dir='ltr'><strong>autem</strong></span> <span class='ocrx_word' id='word_1_249' title='bbox 626 3131 703 3196; x_wconf 92' lang='lat' dir='ltr'><strong>banc</strong></span> <span class='ocrx_word' id='word_1_250' title='bbox 725 3130 839 3196; x_wconf 91' lang='lat' dir='ltr'><strong>babent</strong></span> <span class='ocrx_word' id='word_1_251' title='bbox 858 3151 990 3218; x_wconf 89' lang='lat' dir='ltr'><strong>eamque</strong></span> <span class='ocrx_word' id='word_1_252' title='bbox 1012 3152 1087 3216; x_wconf 88' lang='lat' dir='ltr'><strong>prae</strong></span> <span class='ocrx_word' id='word_1_253' title='bbox 1110 3153 1143 3197; x_wconf 88' lang='lat' dir='ltr'><strong>se</strong></span> <span class='ocrx_word' id='word_1_254' title='bbox 1158 3132 1278 3204; x_wconf 89' lang='lat' dir='ltr'><strong>ferunt,</strong></span> <span class='ocrx_word' id='word_1_255' title='bbox 1302 3131 1509 3196; x_wconf 83' lang='lat' dir='ltr'><strong>clarissimum</strong></span> 
     </span>
     <span class='ocr_line' id='line_1_28' title="bbox 182 3223 1509 3312; baseline -0.005 -18"><span class='ocrx_word' id='word_1_256' title='bbox 182 3232 288 3294; x_wconf 87' lang='lat' dir='ltr'><strong>virum</strong></span> <span class='ocrx_word' id='word_1_257' title='bbox 321 3228 541 3299; x_wconf 85' lang='lat' dir='ltr'><strong>intersectum,</strong></span> <span class='ocrx_word' id='word_1_258' title='bbox 578 3236 674 3291; x_wconf 90' lang='lat' dir='ltr'><strong>totam</strong></span> <span class='ocrx_word' id='word_1_259' title='bbox 708 3247 776 3290; x_wconf 89' lang='lat' dir='ltr'><strong>rem</strong></span> <span class='ocrx_word' id='word_1_260' title='bbox 809 3225 966 3312; x_wconf 90' lang='lat' dir='ltr'><strong>publicam</strong></span> <span class='ocrx_word' id='word_1_261' title='bbox 998 3225 1081 3290; x_wconf 92' lang='lat' dir='ltr'><strong>illius</strong></span> <span class='ocrx_word' id='word_1_262' title='bbox 1113 3225 1242 3291; x_wconf 91' lang='lat' dir='ltr'><strong>interitu</strong></span> <span class='ocrx_word' id='word_1_263' title='bbox 1275 3223 1509 3310; x_wconf 68' lang='lat' dir='ltr'><strong>perturbatam</strong></span> 
     </span>
     <span class='ocr_line' id='line_1_29' title="bbox 183 3317 1508 3408; baseline -0.006 -18"><span class='ocrx_word' id='word_1_264' title='bbox 183 3325 275 3391; x_wconf 86' lang='lat' dir='ltr'><strong>irrita</strong></span> <span class='ocrx_word' id='word_1_265' title='bbox 296 3322 381 3395; x_wconf 80' lang='lat' dir='ltr'><strong>fore,</strong></span> <span class='ocrx_word' id='word_1_266' title='bbox 419 3343 499 3408; x_wconf 90' lang='lat' dir='ltr'><strong>quae</strong></span> <span class='ocrx_word' id='word_1_267' title='bbox 522 3322 574 3385; x_wconf 91' lang='lat' dir='ltr'><strong>ille</strong></span> <span class='ocrx_word' id='word_1_268' title='bbox 597 3322 726 3404; x_wconf 84' lang='lat' dir='ltr'><strong>egisset,</strong></span> <span class='ocrx_word' id='word_1_269' title='bbox 760 3321 851 3385; x_wconf 89' lang='lat' dir='ltr'><strong>simul</strong></span> <span class='ocrx_word' id='word_1_270' title='bbox 883 3339 919 3384; x_wconf 89' lang='lat' dir='ltr'><strong>ac</strong></span> <span class='ocrx_word' id='word_1_271' title='bbox 941 3319 1125 3385; x_wconf 89' lang='lat' dir='ltr'><strong>desistemus</strong></span> <span class='ocrx_word' id='word_1_272' title='bbox 1147 3320 1275 3396; x_wconf 88' lang='lat' dir='ltr'><strong>timere;</strong></span> <span class='ocrx_word' id='word_1_273' title='bbox 1313 3317 1508 3383; x_wconf 86' lang='lat' dir='ltr'><strong>clementiam</strong></span> 
     </span>
     <span class='ocr_line' id='line_1_30' title="bbox 183 3412 1509 3502; baseline -0.007 -19"><span class='ocrx_word' id='word_1_274' title='bbox 183 3419 230 3483; x_wconf 92' lang='lat' dir='ltr'><strong>illi</strong></span> <span class='ocrx_word' id='word_1_275' title='bbox 253 3417 335 3482; x_wconf 93' lang='lat' dir='ltr'><strong>malo</strong></span> <span class='ocrx_word' id='word_1_276' title='bbox 358 3416 467 3492; x_wconf 86' lang='lat' dir='ltr'><strong>luisse;</strong></span> <span class='ocrx_word' id='word_1_277' title='bbox 501 3437 562 3502; x_wconf 90' lang='lat' dir='ltr'><strong>qua</strong></span> <span class='ocrx_word' id='word_1_278' title='bbox 584 3417 610 3480; x_wconf 89' lang='lat' dir='ltr'><strong>si</strong></span> <span class='ocrx_word' id='word_1_279' title='bbox 632 3436 707 3481; x_wconf 92' lang='lat' dir='ltr'><strong>usus</strong></span> <span class='ocrx_word' id='word_1_280' title='bbox 728 3437 791 3479; x_wconf 93' lang='lat' dir='ltr'><strong>non</strong></span> <span class='ocrx_word' id='word_1_281' title='bbox 815 3425 912 3488; x_wconf 88' lang='lat' dir='ltr'><strong>esset,</strong></span> <span class='ocrx_word' id='word_1_282' title='bbox 943 3413 1020 3478; x_wconf 93' lang='lat' dir='ltr'><strong>nibil</strong></span> <span class='ocrx_word' id='word_1_283' title='bbox 1050 3413 1079 3479; x_wconf 91' lang='lat' dir='ltr'><strong>ei</strong></span> <span class='ocrx_word' id='word_1_284' title='bbox 1110 3415 1169 3479; x_wconf 89' lang='lat' dir='ltr'><strong>tale</strong></span> <span class='ocrx_word' id='word_1_285' title='bbox 1196 3413 1338 3478; x_wconf 88' lang='lat' dir='ltr'><strong>accidere</strong></span> <span class='ocrx_word' id='word_1_286' title='bbox 1359 3412 1509 3497; x_wconf 89' lang='lat' dir='ltr'><strong>potuisse.</strong></span> 
     </span>
     <span class='ocr_line' id='line_1_31' title="bbox 182 3505 1548 3592; baseline -0.008 -16"><span class='ocrx_word' id='word_1_287' title='bbox 182 3517 215 3576; x_wconf 89' lang='grc'><strong>2.</strong></span> <span class='ocrx_word' id='word_1_288' title='bbox 238 3510 314 3575; x_wconf 89' lang='lat' dir='ltr'><strong>Mibi</strong></span> <span class='ocrx_word' id='word_1_289' title='bbox 335 3518 437 3575; x_wconf 89' lang='lat' dir='ltr'><strong>autem</strong></span> <span class='ocrx_word' id='word_1_290' title='bbox 460 3510 597 3575; x_wconf 87' lang='lat' dir='ltr'><strong>venitin</strong></span> <span class='ocrx_word' id='word_1_291' title='bbox 620 3519 772 3582; x_wconf 87' lang='lat' dir='ltr'><strong>mentem,</strong></span> <span class='ocrx_word' id='word_1_292' title='bbox 795 3509 821 3573; x_wconf 90' lang='lat' dir='ltr'><strong>si</strong></span> <span class='ocrx_word' id='word_1_293' title='bbox 843 3509 1010 3592; x_wconf 88' lang='lat' dir='ltr'><strong>Pompeius</strong></span> <span class='ocrx_word' id='word_1_294' title='bbox 1032 3527 1103 3572; x_wconf 89' lang='lat' dir='ltr'><strong>cum</strong></span> <span class='ocrx_word' id='word_1_295' title='bbox 1125 3510 1268 3573; x_wconf 83' lang='lat' dir='ltr'><strong>exercitu</strong></span> <span class='ocrx_word' id='word_1_296' title='bbox 1289 3508 1381 3572; x_wconf 80' lang='lat' dir='ltr'><strong>lirino</strong></span> <span class='ocrx_word' id='word_1_297' title='bbox 1396 3505 1548 3579; x_wconf 77' lang='lat' dir='ltr'><strong>veniatao</strong></span> 
     </span>
     <span class='ocr_line' id='line_1_32' title="bbox 183 3601 1511 3692; baseline -0.005 -22"><span class='ocrx_word' id='word_1_298' title='bbox 183 3604 272 3692; x_wconf 93' lang='lat' dir='ltr'><strong>quod</strong></span> <span class='ocrx_word' id='word_1_299' title='bbox 302 3615 350 3669; x_wconf 87' lang='lat' dir='ltr'><strong>est</strong></span> <span class='ocrx_word' id='word_1_300' title='bbox 377 3606 525 3688; x_wconf 78' lang='grc' dir='ltr'><strong>εὔλογον,</strong></span> <span class='ocrx_word' id='word_1_301' title='bbox 559 3615 644 3668; x_wconf 90' lang='lat' dir='ltr'><strong>certe</strong></span> <span class='ocrx_word' id='word_1_302' title='bbox 674 3601 743 3668; x_wconf 87' lang='lat' dir='ltr'><strong>fore</strong></span> <span class='ocrx_word' id='word_1_303' title='bbox 771 3601 898 3668; x_wconf 87' lang='lat' dir='ltr'><strong>bellum.</strong></span> <span class='ocrx_word' id='word_1_304' title='bbox 937 3603 1036 3675; x_wconf 75' lang='lat' dir='ltr'><strong>(llaec</strong></span> <span class='ocrx_word' id='word_1_305' title='bbox 1064 3623 1114 3666; x_wconf 92' lang='lat' dir='ltr'><strong>me</strong></span> <span class='ocrx_word' id='word_1_306' title='bbox 1148 3603 1268 3688; x_wconf 87' lang='lat' dir='ltr'><strong>species</strong></span> <span class='ocrx_word' id='word_1_307' title='bbox 1300 3601 1511 3687; x_wconf 80' lang='lat' dir='ltr'><strong>cogitatioque</strong></span> 
     </span>
     <span class='ocr_line' id='line_1_33' title="bbox 183 3692 1645 3790; baseline -0.004 -27"><span class='ocrx_word' id='word_1_308' title='bbox 183 3693 375 3790; x_wconf 81' lang='lat' dir='ltr'><strong>perturbat.)</strong></span> <span class='ocrx_word' id='word_1_309' title='bbox 401 3705 509 3786; x_wconf 86' lang='lat' dir='ltr'><strong>Neque</strong></span> <span class='ocrx_word' id='word_1_310' title='bbox 531 3699 614 3763; x_wconf 91' lang='lat' dir='ltr'><strong>enim</strong></span> <span class='ocrx_word' id='word_1_311' title='bbox 636 3697 719 3769; x_wconf 86' lang='lat' dir='ltr'><strong>iam,</strong></span> <span class='ocrx_word' id='word_1_312' title='bbox 757 3695 840 3782; x_wconf 93' lang='lat' dir='ltr'><strong>quod</strong></span> <span class='ocrx_word' id='word_1_313' title='bbox 863 3696 921 3761; x_wconf 89' lang='lat' dir='ltr'><strong>tibi</strong></span> <span class='ocrx_word' id='word_1_314' title='bbox 941 3707 1008 3762; x_wconf 90' lang='lat' dir='ltr'><strong>tum</strong></span> <span class='ocrx_word' id='word_1_315' title='bbox 1029 3696 1134 3770; x_wconf 92' lang='lat' dir='ltr'><strong>licuit,</strong></span> <span class='ocrx_word' id='word_1_316' title='bbox 1172 3696 1263 3762; x_wconf 89' lang='lat' dir='ltr'><strong>nobis</strong></span> <span class='ocrx_word' id='word_1_317' title='bbox 1291 3715 1374 3761; x_wconf 89' lang='lat' dir='ltr'><strong>nunc</strong></span> <span class='ocrx_word' id='word_1_318' title='bbox 1395 3692 1511 3759; x_wconf 88' lang='lat' dir='ltr'><strong>licebit.</strong></span> <span class='ocrx_word' id='word_1_319' title='bbox 1565 3705 1645 3758; x_wconf 59' lang='lat' dir='ltr'><strong>:ar-¹</strong></span> 
     </span>
     <span class='ocr_line' id='line_1_34' title="bbox 183 3789 1511 3878; baseline -0.002 -20"><span class='ocrx_word' id='word_1_320' title='bbox 183 3799 262 3858; x_wconf 85' lang='lat' dir='ltr'><strong>Nam</strong></span> <span class='ocrx_word' id='word_1_321' title='bbox 285 3804 392 3878; x_wconf 88' lang='lat' dir='ltr'><strong>aperte</strong></span> <span class='ocrx_word' id='word_1_322' title='bbox 408 3793 518 3872; x_wconf 69' lang='lat' dir='ltr'><strong>,laetati</strong></span> <span class='ocrx_word' id='word_1_323' title='bbox 541 3813 658 3857; x_wconf 89' lang='lat' dir='ltr'><strong>sumus.</strong></span> <span class='ocrx_word' id='word_1_324' title='bbox 708 3790 827 3856; x_wconf 90' lang='lat' dir='ltr'><strong>Deinde</strong></span> <span class='ocrx_word' id='word_1_325' title='bbox 849 3790 965 3856; x_wconf 92' lang='lat' dir='ltr'><strong>babent</strong></span> <span class='ocrx_word' id='word_1_326' title='bbox 985 3791 1018 3856; x_wconf 92' lang='lat' dir='ltr'><strong>in</strong></span> <span class='ocrx_word' id='word_1_327' title='bbox 1040 3811 1114 3865; x_wconf 91' lang='lat' dir='ltr'><strong>ore,</strong></span> <span class='ocrx_word' id='word_1_328' title='bbox 1148 3811 1205 3856; x_wconf 89' lang='lat' dir='ltr'><strong>nos</strong></span> <span class='ocrx_word' id='word_1_329' title='bbox 1227 3793 1376 3877; x_wconf 89' lang='lat' dir='ltr'><strong>ingratos.</strong></span> <span class='ocrx_word' id='word_1_330' title='bbox 1420 3789 1511 3856; x_wconf 88' lang='lat' dir='ltr'><strong>Nullo</strong></span> 
     </span>
     <span class='ocr_line' id='line_1_35' title="bbox 184 3884 1511 3973; baseline -0.003 -21"><span class='ocrx_word' id='word_1_331' title='bbox 184 3886 284 3952; x_wconf 91' lang='lat' dir='ltr'><strong>modo</strong></span> <span class='ocrx_word' id='word_1_332' title='bbox 314 3886 435 3962; x_wconf 84' lang='lat' dir='ltr'><strong>licebit,</strong></span> <span class='ocrx_word' id='word_1_333' title='bbox 473 3885 557 3973; x_wconf 92' lang='lat' dir='ltr'><strong>qnod</strong></span> <span class='ocrx_word' id='word_1_334' title='bbox 588 3897 651 3950; x_wconf 90' lang='lat' dir='ltr'><strong>tum</strong></span> <span class='ocrx_word' id='word_1_335' title='bbox 682 3895 713 3950; x_wconf 89' lang='lat' dir='ltr'><strong>et</strong></span> <span class='ocrx_word' id='word_1_336' title='bbox 743 3884 799 3951; x_wconf 85' lang='lat' dir='ltr'><strong>tibi</strong></span> <span class='ocrx_word' id='word_1_337' title='bbox 826 3885 914 3952; x_wconf 91' lang='lat' dir='ltr'><strong>licuit</strong></span> <span class='ocrx_word' id='word_1_338' title='bbox 943 3894 974 3951; x_wconf 91' lang='lat' dir='ltr'><strong>et</strong></span> <span class='ocrx_word' id='word_1_339' title='bbox 1001 3885 1118 3951; x_wconf 88' lang='lat' dir='ltr'><strong>multis.</strong></span> <span class='ocrx_word' id='word_1_340' title='bbox 1174 3889 1511 3971; x_wconf 77' lang='grc' dir='ltr'><strong><em>Φαινοπροσωπητέον</em></strong></span> 
     </span>
     <span class='ocr_line' id='line_1_36' title="bbox 185 3977 1546 4065; baseline -0.004 -19"><span class='ocrx_word' id='word_1_341' title='bbox 185 4001 264 4064; x_wconf 86' lang='lat' dir='ltr'><strong>ergo</strong></span> <span class='ocrx_word' id='word_1_342' title='bbox 295 3989 326 4044; x_wconf 92' lang='lat' dir='ltr'><strong>et</strong></span> <span class='ocrx_word' id='word_1_343' title='bbox 353 3991 436 4046; x_wconf 78' lang='grc' dir='ltr'><em>ἰτέον</em></span> <span class='ocrx_word' id='word_1_344' title='bbox 463 3980 496 4044; x_wconf 94' lang='lat' dir='ltr'><strong>in</strong></span> <span class='ocrx_word' id='word_1_345' title='bbox 524 3985 646 4045; x_wconf 78' lang='lat' dir='ltr'><strong>castra?</strong></span> <span class='ocrx_word' id='word_1_346' title='bbox 677 3981 788 4046; x_wconf 88' lang='lat' dir='ltr'><strong>Millies</strong></span> <span class='ocrx_word' id='word_1_347' title='bbox 816 3985 898 4046; x_wconf 92' lang='lat' dir='ltr'><strong>mori</strong></span> <span class='ocrx_word' id='word_1_348' title='bbox 928 3981 1061 4056; x_wconf 83' lang='lat' dir='ltr'><strong>melius,</strong></span> <span class='ocrx_word' id='word_1_349' title='bbox 1094 3979 1166 4044; x_wconf 91' lang='lat' dir='ltr'><strong>buic</strong></span> <span class='ocrx_word' id='word_1_350' title='bbox 1194 3980 1380 4065; x_wconf 90' lang='lat' dir='ltr'><strong>praesertim</strong></span> <span class='ocrx_word' id='word_1_351' title='bbox 1402 3977 1546 4042; x_wconf 74' lang='lat' dir='ltr'><strong>aetati.³⁵</strong></span> 
     </span>
     <span class='ocr_line' id='line_1_37' title="bbox 184 4075 1503 4160; baseline -0.003 -21"><span class='ocrx_word' id='word_1_352' title='bbox 184 4079 294 4160; x_wconf 88' lang='lat' dir='ltr'><strong>ltaque</strong></span> <span class='ocrx_word' id='word_1_353' title='bbox 321 4095 371 4138; x_wconf 89' lang='lat' dir='ltr'><strong>me</strong></span> <span class='ocrx_word' id='word_1_354' title='bbox 398 4075 471 4140; x_wconf 88' lang='lat' dir='ltr'><strong>idus</strong></span> <span class='ocrx_word' id='word_1_355' title='bbox 504 4075 632 4139; x_wconf 86' lang='lat' dir='ltr'><strong>Martiae</strong></span> <span class='ocrx_word' id='word_1_356' title='bbox 660 4096 722 4139; x_wconf 89' lang='lat' dir='ltr'><strong>non</strong></span> <span class='ocrx_word' id='word_1_357' title='bbox 750 4085 811 4139; x_wconf 88' lang='lat' dir='ltr'><strong>tarn</strong></span> <span class='ocrx_word' id='word_1_358' title='bbox 840 4076 1042 4141; x_wconf 88' lang='lat' dir='ltr'><strong>consolantur</strong></span> <span class='ocrx_word' id='word_1_359' title='bbox 1071 4094 1163 4160; x_wconf 90' lang='lat' dir='ltr'><strong>quam</strong></span> <span class='ocrx_word' id='word_1_360' title='bbox 1200 4085 1299 4138; x_wconf 83' lang='lat' dir='ltr'><strong>antea.</strong></span> <span class='ocrx_word' id='word_1_361' title='bbox 1356 4076 1503 4156; x_wconf 85' lang='lat' dir='ltr'><strong>Magnum</strong></span> 
     </span>
     <span class='ocr_line' id='line_1_38' title="bbox 185 4166 957 4234; baseline 0 0"><span class='ocrx_word' id='word_1_362' title='bbox 185 4168 270 4234; x_wconf 90' lang='lat' dir='ltr'><strong>enim</strong></span> <span class='ocrx_word' id='word_1_363' title='bbox 292 4167 439 4234; x_wconf 90' lang='lat' dir='ltr'><strong>mendum</strong></span> <span class='ocrx_word' id='word_1_364' title='bbox 463 4169 631 4234; x_wconf 85' lang='lat' dir='ltr'><strong>continent.</strong></span> <span class='ocrx_word' id='word_1_365' title='bbox 674 4168 740 4232; x_wconf 84' lang='lat' dir='ltr'><strong>Etsi</strong></span> <span class='ocrx_word' id='word_1_366' title='bbox 760 4166 806 4232; x_wconf 93' lang='lat' dir='ltr'><strong>illi</strong></span> <span class='ocrx_word' id='word_1_367' title='bbox 827 4166 957 4234; x_wconf 87' lang='lat' dir='ltr'><strong>iuvenes</strong></span> 
     </span>
    </p>
   </div>
   <div class='ocr_carea' id='block_1_7' title="bbox 183 4389 1516 5096">
    <p class='ocr_par' dir='ltr' id='par_1_7' title="bbox 183 4389 1516 5096">
     <span class='ocr_line' id='line_1_39' title="bbox 257 4389 1513 4460; baseline -0.003 -14"><span class='ocrx_word' id='word_1_368' title='bbox 257 4397 283 4446; x_wconf 88' lang='grc'><strong>3.</strong></span> <span class='ocrx_word' id='word_1_369' title='bbox 305 4401 394 4446; x_wconf 82' lang='lat' dir='ltr'><strong>cutem</strong></span> <span class='ocrx_word' id='word_1_370' title='bbox 421 4401 468 4448; x_wconf 74' lang='lat' dir='ltr'><strong>boc</strong></span> <span class='ocrx_word' id='word_1_371' title='bbox 495 4397 659 4447; x_wconf 79' lang='lat' dir='ltr'><strong>absurdius?</strong></span> <span class='ocrx_word' id='word_1_372' title='bbox 696 4393 754 4446; x_wconf 81' lang='lat' dir='ltr'><strong>Hoc</strong></span> <span class='ocrx_word' id='word_1_373' title='bbox 781 4395 811 4444; x_wconf 79' lang='lat' dir='ltr'><strong>ll.</strong></span> <span class='ocrx_word' id='word_1_374' title='bbox 841 4417 869 4430; x_wconf 90' lang='lat'><strong>-·</strong></span> <span class='ocrx_word' id='word_1_375' title='bbox 907 4397 932 4447; x_wconf 86' lang='lat'><strong>5.</strong></span> <span class='ocrx_word' id='word_1_376' title='bbox 950 4399 1029 4459; x_wconf 82' lang='lat' dir='ltr'><strong>ponti</strong></span> <span class='ocrx_word' id='word_1_377' title='bbox 1048 4397 1094 4447; x_wconf 78' lang='lat' dir='ltr'><strong>itt.</strong></span> <span class='ocrx_word' id='word_1_378' title='bbox 1116 4421 1146 4433; x_wconf 95' lang='lat'><em>-</em></span> <span class='ocrx_word' id='word_1_379' title='bbox 1184 4397 1210 4447; x_wconf 87' lang='grc'><strong>0.</strong></span> <span class='ocrx_word' id='word_1_380' title='bbox 1230 4401 1348 4460; x_wconf 76' lang='lat' dir='ltr'><strong>tyranno</strong></span> <span class='ocrx_word' id='word_1_381' title='bbox 1366 4389 1513 4457; x_wconf 83' lang='lat' dir='ltr'><strong>(spatium)</strong></span> 
     </span>
     <span class='ocr_line' id='line_1_40' title="bbox 183 4459 1511 4531; baseline -0.002 -15"><span class='ocrx_word' id='word_1_382' title='bbox 183 4467 317 4531; x_wconf 83' lang='lat' dir='ltr'><strong>poaaideri</strong></span> <span class='ocrx_word' id='word_1_383' title='bbox 336 4468 357 4516; x_wconf 94' lang='lat' dir='ltr'><strong>l.</strong></span> <span class='ocrx_word' id='word_1_384' title='bbox 390 4491 416 4502; x_wconf 96' lang='lat'><em>-</em></span> <span class='ocrx_word' id='word_1_385' title='bbox 455 4468 696 4518; x_wconf 76' lang='lat' dir='ltr'><strong>7.enm0m.1t.</strong></span> <span class='ocrx_word' id='word_1_386' title='bbox 725 4491 757 4504; x_wconf 92' lang='lat'>-</span> <span class='ocrx_word' id='word_1_387' title='bbox 793 4467 819 4516; x_wconf 84' lang='grc'><strong>0.</strong></span> <span class='ocrx_word' id='word_1_388' title='bbox 839 4467 954 4516; x_wconf 75' lang='lat' dir='ltr'><strong>recondo</strong></span> <span class='ocrx_word' id='word_1_389' title='bbox 972 4468 1010 4518; x_wconf 76' lang='lat' dir='ltr'><strong>u.</strong></span> <span class='ocrx_word' id='word_1_390' title='bbox 1036 4491 1061 4502; x_wconf 94' lang='lat'><em>-</em></span> <span class='ocrx_word' id='word_1_391' title='bbox 1101 4459 1464 4531; x_wconf 79' lang='lat' dir='ltr'><strong>10.atquidem]aquidcm</strong></span> <span class='ocrx_word' id='word_1_392' title='bbox 1489 4465 1511 4513; x_wconf 96' lang='lat' dir='ltr'><strong>l.</strong></span> 
     </span>
     <span class='ocr_line' id='line_1_41' title="bbox 187 4535 1514 4608; baseline -0.005 -20"><span class='ocrx_word' id='word_1_393' title='bbox 187 4567 217 4575; x_wconf 96' lang='lat'>—</span> <span class='ocrx_word' id='word_1_394' title='bbox 238 4537 412 4589; x_wconf 76' lang='grc' dir='ltr'><strong><em>παντελικον</em></strong></span> <span class='ocrx_word' id='word_1_395' title='bbox 431 4539 460 4588; x_wconf 84' lang='lat' dir='ltr'><strong>ll.</strong></span> <span class='ocrx_word' id='word_1_396' title='bbox 489 4562 518 4572; x_wconf 98' lang='lat'><em>-</em></span> <span class='ocrx_word' id='word_1_397' title='bbox 555 4539 598 4586; x_wconf 84' lang='lat'><strong>11.</strong></span> <span class='ocrx_word' id='word_1_398' title='bbox 618 4543 766 4600; x_wconf 78' lang='lat' dir='ltr'><strong>optumam</strong></span> <span class='ocrx_word' id='word_1_399' title='bbox 784 4536 816 4585; x_wconf 80' lang='lat' dir='ltr'><strong>lt.</strong></span> <span class='ocrx_word' id='word_1_400' title='bbox 844 4562 874 4572; x_wconf 92' lang='lat'>-</span> <span class='ocrx_word' id='word_1_401' title='bbox 912 4535 1013 4608; x_wconf 75' lang='grc' dir='ltr'><em>Λῆρος</em></span> <span class='ocrx_word' id='word_1_402' title='bbox 1030 4535 1122 4600; x_wconf 77' lang='grc' dir='ltr'><strong><em>πολύς</em></strong></span> <span class='ocrx_word' id='word_1_403' title='bbox 1145 4551 1200 4588; x_wconf 89' lang='lat' dir='ltr'><strong>orn.</strong></span> <span class='ocrx_word' id='word_1_404' title='bbox 1219 4539 1251 4586; x_wconf 84' lang='lat' dir='ltr'><strong>lt.</strong></span> <span class='ocrx_word' id='word_1_405' title='bbox 1273 4562 1301 4574; x_wconf 92' lang='lat'><em>-</em></span> <span class='ocrx_word' id='word_1_406' title='bbox 1342 4536 1384 4585; x_wconf 73' lang='lat' dir='ltr'><strong>ic.</strong></span> <span class='ocrx_word' id='word_1_407' title='bbox 1406 4535 1514 4598; x_wconf 79' lang='lat' dir='ltr'><strong>etquid</strong></span> 
     </span>
     <span class='ocr_line' id='line_1_42' title="bbox 188 4607 1514 4671; baseline -0.004 -14"><span class='ocrx_word' id='word_1_408' title='bbox 188 4609 208 4657; x_wconf 91' lang='lat' dir='ltr'><strong>l.</strong></span> <span class='ocrx_word' id='word_1_409' title='bbox 242 4633 274 4642; x_wconf 89' lang='lat'>—</span> <span class='ocrx_word' id='word_1_410' title='bbox 314 4609 356 4658; x_wconf 81' lang='lat'><strong>15.</strong></span> <span class='ocrx_word' id='word_1_411' title='bbox 377 4610 523 4658; x_wconf 81' lang='lat' dir='ltr'><strong>tinniotom</strong></span> <span class='ocrx_word' id='word_1_412' title='bbox 541 4609 570 4655; x_wconf 82' lang='lat' dir='ltr'><strong>in</strong></span> <span class='ocrx_word' id='word_1_413' title='bbox 589 4607 610 4657; x_wconf 90' lang='lat' dir='ltr'><strong>l.</strong></span> <span class='ocrx_word' id='word_1_414' title='bbox 644 4631 676 4642; x_wconf 93' lang='lat'><em>-</em></span> <span class='ocrx_word' id='word_1_415' title='bbox 711 4608 755 4656; x_wconf 92' lang='grc'><strong>20.</strong></span> <span class='ocrx_word' id='word_1_416' title='bbox 774 4619 819 4656; x_wconf 78' lang='grc' dir='ltr'><strong>ιν·</strong></span> <span class='ocrx_word' id='word_1_417' title='bbox 839 4607 872 4657; x_wconf 84' lang='lat' dir='ltr'><strong>lt.</strong></span> <span class='ocrx_word' id='word_1_418' title='bbox 905 4630 935 4643; x_wconf 89' lang='lat'><strong>-·</strong></span> <span class='ocrx_word' id='word_1_419' title='bbox 973 4609 1017 4657; x_wconf 84' lang='grc'><strong>22.</strong></span> <span class='ocrx_word' id='word_1_420' title='bbox 1046 4609 1212 4671; x_wconf 69' lang='grc' dir='ltr'><strong>Ωιιαηιᾳιιαηι</strong></span> <span class='ocrx_word' id='word_1_421' title='bbox 1236 4607 1343 4656; x_wconf 80' lang='lat' dir='ltr'><strong>minima</strong></span> <span class='ocrx_word' id='word_1_422' title='bbox 1365 4617 1459 4654; x_wconf 78' lang='lat' dir='ltr'><strong>vereor</strong></span> <span class='ocrx_word' id='word_1_423' title='bbox 1481 4617 1514 4653; x_wconf 82' lang='lat' dir='ltr'><strong>aa</strong></span> 
     </span>
     <span class='ocr_line' id='line_1_43' title="bbox 184 4676 1514 4728; baseline -0.004 0"><span class='ocrx_word' id='word_1_424' title='bbox 184 4692 241 4728; x_wconf 82' lang='lat' dir='ltr'><strong>non</strong></span> <span class='ocrx_word' id='word_1_425' title='bbox 253 4679 363 4728; x_wconf 81' lang='lat' dir='ltr'><strong>nibillt.</strong></span> <span class='ocrx_word' id='word_1_426' title='bbox 395 4705 413 4714; x_wconf 97' lang='lat'>-</span> <span class='ocrx_word' id='word_1_427' title='bbox 434 4691 495 4728; x_wconf 83' lang='lat' dir='ltr'><strong>nac</strong></span> <span class='ocrx_word' id='word_1_428' title='bbox 508 4679 662 4728; x_wconf 80' lang='lat' dir='ltr'><strong>coniectura</strong></span> <span class='ocrx_word' id='word_1_429' title='bbox 675 4677 832 4728; x_wconf 78' lang='lat' dir='ltr'><strong>Cratander.</strong></span> <span class='ocrx_word' id='word_1_430' title='bbox 853 4700 884 4712; x_wconf 90' lang='lat'><em>-</em></span> <span class='ocrx_word' id='word_1_431' title='bbox 903 4676 947 4726; x_wconf 88' lang='lat'><strong>25.</strong></span> <span class='ocrx_word' id='word_1_432' title='bbox 967 4679 1041 4728; x_wconf 82' lang='lat' dir='ltr'><strong>timet</strong></span> <span class='ocrx_word' id='word_1_433' title='bbox 1056 4678 1101 4728; x_wconf 85' lang='lat' dir='ltr'><strong>lil.</strong></span> <span class='ocrx_word' id='word_1_434' title='bbox 1123 4701 1153 4713; x_wconf 92' lang='lat'><em>-</em></span> <span class='ocrx_word' id='word_1_435' title='bbox 1174 4677 1217 4726; x_wconf 84' lang='grc'><strong>20.</strong></span> <span class='ocrx_word' id='word_1_436' title='bbox 1239 4676 1514 4726; x_wconf 80' lang='lat' dir='ltr'><strong>cloriaaa&#39;murnoa&#39;rum</strong></span> 
     </span>
     <span class='ocr_line' id='line_1_44' title="bbox 185 4745 1514 4807; baseline -0.004 -9"><span class='ocrx_word' id='word_1_437' title='bbox 185 4749 319 4799; x_wconf 84' lang='lat' dir='ltr'><strong>Orelliua:</strong></span> <span class='ocrx_word' id='word_1_438' title='bbox 340 4749 517 4798; x_wconf 77' lang='lat' dir='ltr'><strong>cloriaaimum</strong></span> <span class='ocrx_word' id='word_1_439' title='bbox 534 4748 577 4807; x_wconf 84' lang='lat' dir='ltr'><strong>bl,</strong></span> <span class='ocrx_word' id='word_1_440' title='bbox 604 4750 691 4798; x_wconf 75' lang='lat' dir='ltr'><strong>otram</strong></span> <span class='ocrx_word' id='word_1_441' title='bbox 708 4747 882 4796; x_wconf 80' lang='lat' dir='ltr'><strong>cloriaaimum</strong></span> <span class='ocrx_word' id='word_1_442' title='bbox 900 4747 967 4797; x_wconf 81' lang='lat' dir='ltr'><strong>lilii.</strong></span> <span class='ocrx_word' id='word_1_443' title='bbox 1000 4749 1055 4799; x_wconf 87' lang='lat' dir='ltr'><strong>Cir.</strong></span> <span class='ocrx_word' id='word_1_444' title='bbox 1073 4747 1166 4802; x_wconf 81' lang='lat'><strong>1..15‚</strong></span> <span class='ocrx_word' id='word_1_445' title='bbox 1187 4748 1238 4807; x_wconf 88' lang='grc'><strong>20,</strong></span> <span class='ocrx_word' id='word_1_446' title='bbox 1258 4747 1284 4796; x_wconf 84' lang='grc'><strong>2.</strong></span> <span class='ocrx_word' id='word_1_447' title='bbox 1314 4771 1345 4782; x_wconf 99' lang='grc'>-</span> <span class='ocrx_word' id='word_1_448' title='bbox 1382 4746 1427 4795; x_wconf 80' lang='grc'><strong>28.</strong></span> <span class='ocrx_word' id='word_1_449' title='bbox 1447 4745 1514 4795; x_wconf 79' lang='lat' dir='ltr'><strong>deai-</strong></span> 
     </span>
     <span class='ocr_line' id='line_1_45' title="bbox 185 4814 1512 4882; baseline -0.003 -14"><span class='ocrx_word' id='word_1_450' title='bbox 185 4825 290 4868; x_wconf 82' lang='lat' dir='ltr'><strong>atomoa</strong></span> <span class='ocrx_word' id='word_1_451' title='bbox 309 4819 434 4868; x_wconf 79' lang='lat' dir='ltr'><strong>Ernestio</strong></span> <span class='ocrx_word' id='word_1_452' title='bbox 452 4825 561 4869; x_wconf 85' lang='lat' dir='ltr'><strong>auctore</strong></span> <span class='ocrx_word' id='word_1_453' title='bbox 581 4818 746 4868; x_wconf 83' lang='lat' dir='ltr'><strong>Scbuetaiua·</strong></span> <span class='ocrx_word' id='word_1_454' title='bbox 769 4839 800 4850; x_wconf 92' lang='lat'><em>-</em></span> <span class='ocrx_word' id='word_1_455' title='bbox 829 4817 874 4866; x_wconf 82' lang='grc'><strong>20.</strong></span> <span class='ocrx_word' id='word_1_456' title='bbox 893 4820 973 4879; x_wconf 69' lang='lat' dir='ltr'><strong>quoae·</strong></span> <span class='ocrx_word' id='word_1_457' title='bbox 994 4820 1005 4868; x_wconf 91' lang='lat' dir='ltr'><strong>l</strong></span> <span class='ocrx_word' id='word_1_458' title='bbox 1024 4824 1050 4868; x_wconf 90' lang='lat' dir='ltr'><strong>et</strong></span> <span class='ocrx_word' id='word_1_459' title='bbox 1069 4832 1109 4882; x_wconf 89' lang='lat' dir='ltr'><strong>pr.</strong></span> <span class='ocrx_word' id='word_1_460' title='bbox 1129 4817 1167 4866; x_wconf 81' lang='lat' dir='ltr'><strong>ll.</strong></span> <span class='ocrx_word' id='word_1_461' title='bbox 1187 4841 1219 4853; x_wconf 94' lang='lat'><em>-</em></span> <span class='ocrx_word' id='word_1_462' title='bbox 1247 4814 1512 4881; x_wconf 57' lang='grc'><strong>00000301.-</strong></span> 
     </span>
     <span class='ocr_line' id='line_1_46' title="bbox 183 4881 1513 4953; baseline -0.004 -15"><span class='ocrx_word' id='word_1_463' title='bbox 183 4891 316 4953; x_wconf 80' lang='lat' dir='ltr'><strong>potua&#39;sact</strong></span> <span class='ocrx_word' id='word_1_464' title='bbox 341 4889 416 4940; x_wconf 82' lang='lat' dir='ltr'><strong>lilii.</strong></span> <span class='ocrx_word' id='word_1_465' title='bbox 454 4889 624 4944; x_wconf 81' lang='lat' dir='ltr'><strong>(Emendarit</strong></span> <span class='ocrx_word' id='word_1_466' title='bbox 642 4881 815 4946; x_wconf 79' lang='lat' dir='ltr'><strong>Cratander.)</strong></span> <span class='ocrx_word' id='word_1_467' title='bbox 845 4911 873 4923; x_wconf 95' lang='lat'>-</span> <span class='ocrx_word' id='word_1_468' title='bbox 911 4886 955 4938; x_wconf 79' lang='grc'><strong>30.</strong></span> <span class='ocrx_word' id='word_1_469' title='bbox 986 4884 1135 4950; x_wconf 77' lang='lat' dir='ltr'><strong>Pompeius]</strong></span> <span class='ocrx_word' id='word_1_470' title='bbox 1163 4886 1257 4936; x_wconf 66' lang='lat' dir='ltr'><strong>Sutor</strong></span> <span class='ocrx_word' id='word_1_471' title='bbox 1283 4887 1380 4937; x_wconf 71' lang='lat' dir='ltr'><strong>abliiu</strong></span> <span class='ocrx_word' id='word_1_472' title='bbox 1408 4887 1435 4936; x_wconf 89' lang='lat' dir='ltr'><strong>in</strong></span> <span class='ocrx_word' id='word_1_473' title='bbox 1458 4901 1513 4948; x_wconf 84' lang='lat' dir='ltr'><strong>mg.</strong></span> 
     </span>
     <span class='ocr_line' id='line_1_47' title="bbox 187 4955 1516 5022; baseline -0.002 -12"><span class='ocrx_word' id='word_1_474' title='bbox 187 4961 293 5021; x_wconf 74' lang='lat' dir='ltr'><strong>Repeti.</strong></span> <span class='ocrx_word' id='word_1_475' title='bbox 313 4959 407 5009; x_wconf 84' lang='lat' dir='ltr'><strong>bamb.</strong></span> <span class='ocrx_word' id='word_1_476' title='bbox 439 4985 471 4996; x_wconf 92' lang='lat'>-</span> <span class='ocrx_word' id='word_1_477' title='bbox 508 4958 738 5010; x_wconf 76' lang='lat' dir='ltr'><strong>³1.cmelsst1:</strong></span> <span class='ocrx_word' id='word_1_478' title='bbox 767 4961 840 5006; x_wconf 81' lang='lat' dir='ltr'><strong>carto</strong></span> <span class='ocrx_word' id='word_1_479' title='bbox 859 4955 889 5006; x_wconf 78' lang='lat' dir='ltr'><strong>E.</strong></span> <span class='ocrx_word' id='word_1_480' title='bbox 915 4979 941 4990; x_wconf 92' lang='lat'>-</span> <span class='ocrx_word' id='word_1_481' title='bbox 979 4959 1023 5008; x_wconf 83' lang='grc'><strong>32.</strong></span> <span class='ocrx_word' id='word_1_482' title='bbox 1043 4959 1213 5022; x_wconf 74' lang='lat' dir='ltr'><strong>nequeenim</strong></span> <span class='ocrx_word' id='word_1_483' title='bbox 1231 4959 1286 5008; x_wconf 83' lang='lat' dir='ltr'><strong>ium</strong></span> <span class='ocrx_word' id='word_1_484' title='bbox 1307 4957 1455 5008; x_wconf 82' lang='lat' dir='ltr'><strong>Victorius:</strong></span> <span class='ocrx_word' id='word_1_485' title='bbox 1483 4969 1516 5007; x_wconf 79' lang='lat' dir='ltr'><strong>aaa</strong></span> 
     </span>
     <span class='ocr_line' id='line_1_48' title="bbox 185 5022 1428 5096; baseline -0.001 -17"><span class='ocrx_word' id='word_1_486' title='bbox 185 5033 294 5095; x_wconf 76' lang='lat' dir='ltr'><strong>protom</strong></span> <span class='ocrx_word' id='word_1_487' title='bbox 314 5029 357 5093; x_wconf 79' lang='lat' dir='ltr'><strong>M,</strong></span> <span class='ocrx_word' id='word_1_488' title='bbox 375 5043 527 5096; x_wconf 74' lang='lat' dir='ltr'><strong>aspamam</strong></span> <span class='ocrx_word' id='word_1_489' title='bbox 544 5030 596 5090; x_wconf 86' lang='lat' dir='ltr'><strong>m,</strong></span> <span class='ocrx_word' id='word_1_490' title='bbox 614 5041 695 5092; x_wconf 77' lang='lat' dir='ltr'><strong>aequa</strong></span> <span class='ocrx_word' id='word_1_491' title='bbox 712 5026 782 5081; x_wconf 73' lang='lat' dir='ltr'><strong>soon</strong></span> <span class='ocrx_word' id='word_1_492' title='bbox 801 5022 914 5091; x_wconf 86' lang='lat' dir='ltr'><strong>(omiaao</strong></span> <span class='ocrx_word' id='word_1_493' title='bbox 932 5029 999 5086; x_wconf 81' lang='lat' dir='ltr'><strong>ioan)</strong></span> <span class='ocrx_word' id='word_1_494' title='bbox 1018 5028 1049 5078; x_wconf 84' lang='lat' dir='ltr'><strong>li.</strong></span> <span class='ocrx_word' id='word_1_495' title='bbox 1073 5051 1100 5064; x_wconf 91' lang='lat'>-</span> <span class='ocrx_word' id='word_1_496' title='bbox 1139 5029 1183 5080; x_wconf 74' lang='lat' dir='ltr'><strong>dd.</strong></span> <span class='ocrx_word' id='word_1_497' title='bbox 1203 5029 1289 5080; x_wconf 77' lang='lat' dir='ltr'><strong>licebit</strong></span> <span class='ocrx_word' id='word_1_498' title='bbox 1306 5028 1386 5076; x_wconf 86' lang='lat' dir='ltr'><strong>modo</strong></span> <span class='ocrx_word' id='word_1_499' title='bbox 1406 5029 1428 5078; x_wconf 94' lang='lat' dir='ltr'><strong>l.</strong></span> 
     </span>
    </p>
   </div>
   <div class='ocr_carea' id='block_1_8' title="bbox 0 0 1845 5892">
    <p class='ocr_par' dir='ltr' id='par_1_8' title="bbox 0 0 1845 5892">
     <span class='ocr_line' id='line_1_49' title="bbox 0 0 1845 5892; baseline 0 0"><span class='ocrx_word' id='word_1_500' title='bbox 0 0 1845 5892; x_wconf 95' lang='lat' dir='ltr'><strong> </strong></span> 
     </span>
    </p>
   </div>
  </div>
 </body>
</html>
