3658 5930
469 477 470 482 κ
547 445 621 506 LlB.
642 443 711 506 xll.
754 444 813 506 ΕΡ.
834 441 887 505 68.
908 442 960 508 te.
983 442 1033 504 50.
1056 445 1107 505 51.
1129 442 1181 505 52.
1427 441 1490 506 oto

641 597 1019 684 mteucmp

649 723 793 789 CICERO
815 721 959 787 ATTICO
982 723 1013 790 S.

252 842 279 903 1.
309 835 459 901 Tironem
484 831 586 898 haheo
619 833 726 907 citius,
764 855 857 922 quam
889 831 1033 897 verebar.
1077 832 1170 900 Venit
1190 834 1284 899 etiam
1304 836 1423 916 Nicias;
1460 849 1491 903 et

166 931 324 1002 Valerium
353 928 448 994 hodie
477 926 643 993 audiebam
671 949 741 993 esse
766 937 945 993 venturum.
997 928 1147 1005 Quamvis
1169 928 1260 994 multi
1281 929 1359 1004 sint,
1391 933 1491 1016 magis

167 1039 270 1093 tamen
300 1044 356 1088 cro
385 1023 489 1098 solus,
526 1022 668 1108 quamsi
698 1043 780 1087 unus
810 1042 905 1086 esses.
950 1021 1012 1087 Sed
1034 1032 1183 1108 exspecto
1205 1032 1253 1095 te,
1290 1023 1509 1103 aPeducaeo,

164 1123 286 1206 utique.
335 1123 382 1182 Tu
404 1127 507 1182 autem
529 1115 683 1201 significas
706 1116 823 1202 aliquid
845 1121 938 1180 etiam
962 1127 1042 1181 ante.
1097 1123 1215 1183 Verum
1237 1117 1267 1182 id
1292 1117 1434 1203 quidem,
1457 1127 1493 1184 ut

163 1220 297 1302 poteris.
354 1219 385 1277 2.
415 1217 461 1277 lle
488 1211 642 1296 Vergilio,
679 1221 715 1276 ut
736 1210 857 1277 scribis.
900 1214 969 1274 Hoc
993 1219 1097 1276 tamen
1118 1212 1212 1276 velim
1234 1213 1330 1286 scire,
1366 1212 1493 1298 quatrdo

165 1309 282 1376 auctio.
324 1307 494 1392 Epistulam
523 1305 563 1370 ad
585 1309 749 1372 Caesarem
771 1304 852 1370 mitti
873 1304 967 1369 video
989 1304 1046 1370 tihi
1067 1305 1201 1392 placere.
1246 1304 1493 1391 Ouidqnaerist

163 1403 243 1468 Mihi
265 1423 392 1488 quoque
415 1400 475 1465 hoc
496 1400 580 1465 idem
602 1400 739 1464 maxime
761 1399 892 1485 placuit,
927 1407 958 1462 et
980 1420 1019 1465 eo
1041 1400 1153 1485 magis,
1188 1399 1273 1487 qnod
1295 1399 1371 1464 nihil
1393 1410 1441 1464 est
1461 1400 1494 1465 in

166 1519 220 1572 ea,
243 1496 305 1562 nisi
327 1495 436 1582 optimi
459 1495 554 1568 civis,
577 1493 695 1558 sedita
718 1493 846 1578 optimi,
875 1501 910 1556 ut
931 1502 1090 1579 tempora,
1113 1491 1228 1580 quihus
1249 1512 1362 1577 parere
1384 1515 1531 1568 omnesw

166 1599 330 1658 πολιτικοὶ
351 1590 556 1678 praecipiunt.
613 1588 675 1653 Sed
697 1587 757 1653 scis
779 1587 821 1652 ita
843 1584 934 1650 nohis
957 1607 1025 1650 esse
1047 1587 1167 1661 visum,
1189 1595 1225 1652 ut
1245 1587 1296 1652 isti
1319 1597 1389 1652 ante
1410 1587 1494 1672 lege·

166 1695 248 1750 rent.
293 1691 339 1751 Tu
361 1685 458 1770 igitur
479 1683 510 1748 id
534 1680 669 1747 curabis.
713 1680 789 1753 Sed,
819 1679 879 1744 nisi
902 1679 993 1764 plane
1015 1679 1054 1745 iis
1076 1680 1232 1767 intelliges
1252 1680 1395 1766 placere,
1424 1682 1493 1746 mit-

167 1778 261 1844 tenda
283 1800 345 1844 nou
369 1788 424 1842 est.
477 1777 512 1842 ld
535 1786 639 1842 autern
661 1785 767 1839 utrum
790 1773 834 1838 illi
856 1773 1008 1848 sentiant,
1038 1794 1118 1838 aune
1139 1774 1298 1848 simulent,
1327 1785 1361 1840 tu
1383 1774 1495 1841 intelli-

170 1892 237 1957 ges.
281 1872 355 1936 Mihi
379 1871 536 1936 simulatio
558 1891 617 1956 pro
640 1866 858 1953 repudiatione
874 1865 979 1931 luerit.
1024 1872 1130 1934 Τοῠτο
1153 1874 1188 1933 δὲ
1207 1869 1352 1954 haldup.
1394 1875 1424 1935 3.
1448 1875 1493 1934 lle

168 1966 319 2032 Caerellia
342 1965 418 2052 quid
440 1962 496 2028 tihi
518 1965 673 2050 placeret,
697 1961 771 2027 Tiro
794 1960 870 2026 mihi
892 1962 1046 2028 narravit:
1079 1960 1196 2028 dehere
1217 1985 1280 2029 non
1303 1985 1371 2029 esse
1393 1963 1531 2048 digni-1,

168 2061 238 2124 tatis
260 2080 363 2136 meae;
394 2058 654 2146 perscriptionum
675 2055 732 2121 tihi
753 2055 894 2140 placere:

338 2184 405 2244 Hoc
425 2191 572 2253 metuere,
595 2182 724 2243 alterum
743 2181 778 2241 ia
798 2187 878 2241 metu
896 2197 958 2240 aaa
974 2198 1093 2259 ponere.

169 2302 230 2368 Sed
260 2311 291 2367 et
320 2301 396 2366 haec
417 2314 447 2367 et
469 2301 565 2366 multa
587 2301 645 2364 alia
668 2321 786 2365 coram.
830 2299 1017 2366 Sustiucnda
1039 2313 1158 2376 tamen,
1187 2301 1213 2366 si
1235 2301 1292 2367 tihi
1315 2301 1492 2378 videbitur,

168 2397 283 2463 solutio
306 2407 353 2462 est
374 2396 509 2462 nominis
533 2394 732 2468 Caerelliani,
756 2393 829 2459 dum
853 2403 884 2458 et
905 2391 944 2459 de
961 2397 1086 2460 Metone
1101 2405 1132 2460 et
1147 2395 1187 2460 de
1201 2395 1333 2462 Faberio
1349 2397 1492 2462 sciamus.

631 2561 1033 2646 cu(eucmw
1501 2597 1530 2641 a

647 2686 790 2749 cleuao
812 2685 956 2748 ATTICO
979 2685 1011 2749 S.

254 2804 281 2865 1.
314 2804 348 2864 L.
380 2797 516 2863 Tullium
544 2800 725 2862 Montanum
754 2795 851 2870 nosti,
888 2794 943 2881 qui
972 2815 1043 2859 cum
1074 2797 1224 2863 Cicerone
1252 2800 1411 2884 prolectus
1435 2810 1491 2867 est.

167 2895 215 2962 hh
244 2895 314 2958 eius
346 2891 467 2957 sororis
499 2891 571 2955 viro
603 2890 720 2955 litteras
742 2889 865 2976 accepi,
901 2895 1083 2956 Montanum
1104 2893 1218 2958 Planco
1240 2893 1376 2970 dehere,
1406 2894 1491 2982 quod

168 3011 261 3076 praes
285 3007 345 3075 pro
367 2985 518 3050 Flaminio
540 2984 594 3058 sit,
626 2985 697 3047 HS.
719 3003 820 3061 xxv.;
853 2983 891 3048 de
913 3005 949 3048 ea
972 3005 1008 3048 re
1030 2985 1134 3050 nescio
1157 2985 1231 3072 quid
1254 2998 1283 3052 te
1305 3010 1322 3053 a
1344 2995 1491 3055 Montano

169 3093 324 3169 rogatum.
384 3083 462 3144 Sane
495 3077 609 3152 velim,
647 3077 711 3141 sive
743 3077 872 3141 Plancus
900 3087 947 3142 est
974 3077 1132 3162 rogandus
1161 3081 1226 3144 sive
1254 3102 1315 3166 qua
1342 3104 1378 3146 re
1403 3093 1529 3169 potos„

169 3175 258 3241 illum
286 3176 417 3247 iuvare,
454 3172 553 3238 iuves.
610 3174 749 3236 Pertinet
776 3169 815 3235 ad
845 3180 986 3235 nostrum
1015 3171 1160 3237 officium.
1204 3175 1237 3239 Si
1259 3196 1310 3239 res
1333 3175 1389 3241 tihi
1409 3175 1492 3242 lorte

169 3269 277 3335 notior
304 3277 351 3333 est
380 3288 473 3354 quarn
502 3265 579 3330 mihi
609 3275 663 3330 ant
689 3263 717 3329 si
744 3263 889 3330 Plancum
911 3265 1085 3350 rogandum
1107 3277 1214 3353 putas,
1242 3268 1360 3334 scribas
1381 3269 1492 3340 adme

169 3362 281 3438 velim,
314 3370 365 3434 ut,
396 3359 471 3445 quid
499 3358 546 3424 rei
575 3357 615 3423 sit
644 3365 674 3422 ct
702 3357 777 3444 quid
806 3359 996 3442 rogandum,
1030 3361 1135 3427 sciam.
1181 3367 1210 3428 2.
1233 3368 1279 3428 lle
1301 3364 1432 3449 epistola
1454 3365 1493 3431 ad

171 3460 334 3524 Caesarem
366 3454 441 3541 quid
475 3453 592 3539 egeris,
626 3462 783 3537 exspecto.
842 3457 888 3517 lle
912 3453 1004 3526 Silio,
1038 3475 1101 3520 non
1123 3456 1164 3521 ita
1186 3478 1259 3522 sane
1282 3455 1400 3526 laboro.
1447 3464 1493 3524 Tu

169 3551 289 3616 minut
312 3549 501 3634 Scapulanos
535 3556 589 3612 aut
618 3546 783 3612 Clodianos
810 3547 925 3612 efficias
953 3569 1079 3614 necessa
1101 3559 1157 3616 est.
1207 3550 1269 3615 Sed
1290 3547 1396 3617 nescio'
1417 3552 1529 3640 quid20

169 3644 288 3710 videris
310 3642 454 3708 dubitare
477 3643 515 3708 de
539 3640 667 3712 Clodia:
699 3650 823 3714 utrum,
854 3640 980 3726 quando
1003 3643 1123 3716 veniat,
1157 3667 1196 3710 an
1218 3644 1319 3710 sintne
1342 3646 1491 3712 venales?

169 3737 232 3804 Sed
265 3737 340 3824 quid
370 3746 431 3812 est,
463 3735 549 3823 quod
570 3733 664 3800 audio
688 3734 884 3818 Spintherem
905 3735 1016 3801 secisse
1038 3737 1231 3804 divortium?
1267 3744 1296 3803 3.
1319 3745 1366 3805 De
1387 3740 1492 3826 lingua

168 3832 277 3897 Latina
299 3832 403 3898 securi
425 3853 458 3896 es
482 3829 587 3894 animi.
633 3827 739 3901 Dices,
774 3828 827 3913 qui
849 3829 921 3894 talia
947 3829 1139 3896 conscribis?
1170 3834 1376 3920 ’Aadypatpa
1399 3844 1491 3914 sunt;

169 3925 293 3992 minore
320 3924 432 3990 labore
455 3923 550 4002 hunt;
574 3921 671 3988 verha
691 3929 810 3985 tantum
832 3921 949 3999 allero,
972 3923 1085 4010 quihus
1106 3923 1241 3995 abundo.

240 4127 266 4176 5.
286 4129 309 4176 si
327 4132 357 4176 to
373 4139 444 4175 unos
461 4125 580 4175 malebat
598 4123 798 4172 ornatum.-
827 4122 959 4173 Peducaeo
978 4124 1051 4174 Mll·
1071 4125 1186 4176 Pedoceo
1206 4125 1300 4177 19.-
1338 4127 1367 4178 6.
1387 4125 1491 4192 Vnum]

172 4203 261 4246 utrum
279 4197 388 4249 ML-
423 4196 450 4246 6.
473 4195 577 4258 placeri
596 4208 637 4257 pr.
657 4191 755 4242 11.-
792 4193 818 4242 6.
839 4206 939 4256 qooque
957 4193 1005 4242 hoc
1022 4191 1102 4257 idem]
1121 4209 1222 4259 quoque
1239 4197 1314 4248 hodie
1331 4197 1391 4257 Ml,
1418 4199 1493 4248 hodie

172 4278 276 4330 qaoque
305 4269 338 4318 11.
376 4263 477 4329 <Corra
498 4262 653 4327 exl)-
692 4259 1493 4329 16616661.-16.ηἰιι“ορ16ηιηιιοεορ11611.-

172 4338 216 4386 11.
244 4337 288 4386 aed
314 4339 337 4386 st
362 4337 438 4385 nobis
466 4349 506 4398 pr.
533 4335 580 4396 M
611 4331 657 4382 aed
687 4334 753 4382 scito
776 4333 817 4382 ltu
843 4333 918 4382 nahts
942 4333 965 4382 u
988 4340 1015 4383 et
1038 4348 1108 4385 corr.
1128 4336 1165 4388 111
1204 4334 1290 4400 (Corr.
1312 4351 1343 4387 ex
1361 4337 1490 4397 121.-)

173 4405 215 4456 13.
245 4403 325 4469 unm]
350 4411 411 4457 onte
436 4406 494 4465 Ml,
526 4418 562 4454 on
587 4403 704 4453 oeroll.
743 4399 914 4464 (Emendavrt
931 4401 1089 4463 Victorius)
1117 4431 1145 4442 -
1183 4407 1322 4470 intellipea.
1358 4407 1408 4458 Sed
1428 4407 1492 4458 mihi

172 4476 246 4526 Mlll.
285 4477 318 4533 (11
346 4475 412 4527 Cod.
441 4477 556 4525 correxit
574 4473 721 4523 Lambinus
741 4473 767 4521 ln
787 4472 863 4523 Curis
883 4473 1008 4532 sec)-
1048 4475 1092 4524 16.
1117 4474 1242 4562 ppidop
1261 4491 1322 4526 cum
1342 4491 1396 4540 mg
1417 4477 1490 4529 Crat.

172 4545 343 4596 Schuetzlus.
364 4545 524 4597 Ml'lAOCH
539 4544 623 4594 Codd.
644 4543 733 4600 Basti,
753 4542 852 4614 γνώσῃ
870 4543 909 4592 Vh
929 4547 955 4592 et
973 4542 1034 4593 sort
1054 4545 1100 4599 M.
1118 4547 1193 4609 μυία
1211 4545 1270 4612 ὅση
1287 4548 1491 4598 Bosioauctore

172 4616 211 4675 ll,
231 4631 285 4666 om
307 4615 411 4666 Graece
430 4616 538 4665 ut.-
577 4615 620 4664 l9.
641 4579 868 4664 Cerettdmltoe
902 4611 1021 4662 Metione
1045 4615 1119 4665 Mlll.
1156 4615 1240 4676 (Corr.
1266 4617 1293 4666 iu
1313 4618 1491 4674 Munatium.)

174 4695 248 4736 -et
267 4687 298 4735 de
316 4686 456 4736 Fabere'et
475 4685 505 4735 de
522 4683 726 4734 Faber-iol.-
764 4683 808 4731 22.
828 4683 900 4731 noeti
917 4696 971 4732 om.
991 4684 1075 4733 1.-
1111 4683 1154 4734 26.
1175 4700 1218 4736 rx.
1239 4685 1314 4738 atat.
1351 4687 1439 4746 (Corr.
1459 4702 1491 4738 ex

172 4755 305 4815 XY.)-
342 4755 714 4820 26.1ον1111311611.-
750 4753 793 4803 26.
817 4751 855 4800 To
873 4753 979 4812 ooth,
1001 4753 1067 4802 Tum
1084 4756 1235 4804 coti.-
1275 4757 1318 4808 31.
1338 4772 1375 4807 cn
1392 4754 1490 4821 etatae]

171 4840 208 4876 on
225 4829 247 4875 11
264 4827 434 4876 nielli.—
470 4824 572 4885 3361]
591 4827 628 4872 ast
646 4837 686 4886 pr.
707 4821 744 4872 11
775 4847 806 4857 -
844 4821 900 4871 alin
920 4835 969 4884 que
986 4824 1080 4872 sertae
1106 4837 1147 4886 pr.
1166 4825 1211 4886 M,
1233 4827 1299 4876 talto
1318 4827 1492 4889 eenamcen-

170 4898 262 4948 aers'ht's
280 4911 351 4947 corr.
372 4897 460 4948 M·
499 4891 678 4966 «ακόγραφα
698 4891 740 4942 vel
757 4885 946 4964 ἁγιόγραφα»
967 4907 1021 4955 mg
1040 4891 1125 4944 M.-
1145 4893 1189 4945 36.
1211 4895 1328 4961 tamum]
1349 4907 1435 4952 tamen
1444 4899 1490 4950 ttt.
