3662 5908
576 441 649 504 LlB.
672 443 754 504 IIllI.
796 443 855 506 ΕΡ.
877 443 928 508 63.
951 441 1002 504 dd.
1024 443 1076 506 65.
1097 442 1148 506 66.
1460 447 1522 508 259

199 596 373 665 maioribus
404 597 591 666 confirmare
613 600 730 685 poterit
752 609 783 664 et
802 597 962 666 beneficiis
984 599 1049 664 suis
1070 599 1221 685 obligare.
1265 604 1333 666 Hoc
1353 601 1386 667 16
1409 622 1522 688 genero

197 697 224 758 si
252 713 325 758 eum
346 691 507 757 adiuveris
529 713 568 758 eo
591 692 710 768 studio,
744 715 809 780 quo
831 691 1010 768 ostendisti.
1043 694 1126 776 apud
1149 695 1252 782 ipsum
1273 696 1522 782 praeclarissime

198 781 361 872 posueris,
384 786 440 851 sed
461 786 539 852 mihi
561 786 654 853 etiam
675 787 886 873 gratissimum
908 786 1030 854 feceris.
1070 875 1074 882 ι

663 958 752 1020 cxx
797 954 844 1038 (A.
871 957 1067 1040 66166.)

531 1081 571 1143 M.
594 1078 737 1143 CICERO
760 1079 792 1142 S.
814 1082 851 1142 D.
872 1082 906 1144 P.
929 1081 1033 1144 SILIO
1056 1083 1194 1146 PROPR.
1533 1105 1546 1142 s

285 1185 414 1280 1.(11616
435 1193 468 1254 Ρ.
491 1189 812 1276 16666116111166666,
842 1191 896 1277 661
920 1212 1033 1278 operas
1053 1191 1086 1258 in
1115 1193 1270 1280 scriptura
1291 1213 1351 1280 pro
1373 1194 1523 1280 magistro

198 1287 264 1360 dat.
286 1284 377 1383 (mihi
406 1303 528 1348 summa
553 1269 748 1349 familiaritas
781 1286 1038 1373 consuetudoque
1071 1277 1142 1376 esti
1166 1287 1325 1374 multaque
1347 1301 1379 1356 et
1413 1311 1523 1376 magua
1614 1303 1705 1396 fg,

197 1379 279 1446 inter
299 1401 357 1446 uos
386 1376 489 1444 olliciu
511 1376 601 1463 paria
631 1387 663 1444 et
688 1387 794 1443 mutua
826 1379 1032 1445 intercedunt.
1085 1383 1161 1446 Eius
1189 1403 1309 1446 summa
1334 1383 1524 1450 existimatio

197 1475 302 1559 agitur
321 1473 354 1539 iu
376 1493 431 1543 co,
465 1479 501 1535 ut
521 1471 681 1556 pactiones
713 1492 784 1538 cum
808 1472 983 1540 civitatibus
1009 1475 1139 1562 reliquis
1168 1475 1321 1542 conficiat.
1378 1483 1447 1544 Nou
1473 1499 1524 1543 me

196 1567 347 1655 praeterit
378 1585 436 1631 nos
469 1584 537 1629 eam
564 1585 632 1629 rem
662 1565 777 1651 Ephesi
807 1576 955 1653 expertos
981 1589 1050 1634 esse
1079 1591 1181 1655 neque
1217 1569 1256 1634 ab
1292 1570 1436 1657 Ephesiis
1457 1571 1560 1638 atlon

197 1662 293 1728 modo
315 1662 484 1747 Impetrare
512 1657 662 1743 potuisse.
716 1659 779 1725 Sed
799 1661 965 1747 quoniam,
999 1663 1263 1748 quemadmodum
1286 1685 1394 1732 omnes
1416 1666 1525 1730 existi-

196 1764 283 1821 mant
303 1763 335 1820 et
355 1774 415 1839 ego
436 1751 591 1836 intelligo,
627 1761 679 1817 tua
701 1773 772 1818 cum
794 1775 915 1820 mmma
936 1755 1129 1841 integritate.
1159 1766 1225 1821 tum
1244 1757 1395 1842 singulari
1417 1758 1525 1822 huma-

197 1850 294 1916 nitate
316 1857 348 1912 et
368 1844 606 1912 mausuetudine
628 1857 813 1912 consecutus
835 1869 885 1923 es,
921 1857 972 1921 ut,
1005 1848 1228 1916 lubentissimis
1258 1855 1403 1926 Graecis,
1430 1864 1523 1926 6616,

196 1941 283 2030 quod
304 1941 400 2016 velis,
423 1959 632 2023 consequare,
663 1949 737 2026 pcto
758 1961 778 2006 a
799 1949 829 2005 te
851 1942 885 2006 iu
905 1943 1057 2008 maiorem
1079 1942 1225 2019 modum,
1253 1953 1289 2009 ut
1310 1943 1439 2010 honoris
1461 1945 1524 2011 mei

196 2057 291 2102 causa
319 2034 376 2100 hac
403 2033 496 2099 laude
534 2037 704 2120 Hisponem
741 2033 821 2099 affici
850 2036 937 2101 velis.
992 2041 1021 2101 2.
1052 2040 1216 2102 Praeterea
1239 2057 1310 2102 cum
1332 2037 1425 2103 sociis
1446 2040 1560 2104 scri-¹³

196 2139 309 2218 pturae
332 2127 408 2194 miti
430 2147 550 2193 summa
571 2127 768 2192 necessitudo
791 2137 856 2201 est,
892 2150 956 2195 non
978 2129 1079 2194 solum
1103 2130 1144 2196 ob
1167 2152 1236 2196 eam
1259 2153 1407 2208 causam,
1438 2132 1524 2220 quod

197 2245 234 2289 ea
256 2222 388 2289 societas
422 2221 570 2286 universa
605 2221 637 2285 iu
665 2242 734 2285 mea
764 2221 908 2297 ddecet,
945 2223 1001 2288 sed
1022 2225 1115 2288 etiam
1138 2224 1224 2312 quod
1245 2225 1404 2313 plerisque
1430 2226 1523 2290 sociis

196 2326 272 2384 utor
292 2315 544 2382 familiarissime.
595 2319 641 2381 lta
663 2323 694 2378 et
714 2315 887 2402 Hisponem
909 2337 1014 2382 meum
1036 2337 1095 2403 per
1122 2340 1172 2384 me
1194 2319 1318 2385 ornaris
1340 2327 1372 2383 et
1392 2319 1524 2384 societa-

197 2422 260 2476 tem
282 2410 358 2475 mihi
379 2408 626 2475 coniunctiorem
648 2408 761 2474 feceris
784 2419 879 2497 tuque
900 2411 969 2497 ipse
991 2420 1021 2476 et
1043 2433 1083 2476 ex
1106 2410 1199 2478 huius
1221 2411 1429 2490 observantia,
1452 2434 1523 2499 gra-

196 2505 308 2571 tissimi
326 2503 479 2595 hominis,
502 2514 533 2570 et
555 2525 596 2568 ex
619 2503 777 2570 sociorum
799 2504 916 2590 gratia,
937 2504 1100 2570 hominum
1121 2506 1401 2592 amplissimorum,
1423 2507 1522 2574 maxi·
1530 2523 1559 2562 ¹⁰
1627 2477 1650 2572 d

196 2620 284 2665 mum
306 2592 442 2664 fructum
463 2596 568 2685 capies
590 2605 621 2662 et
642 2619 691 2662 me
713 2619 837 2664 summo
859 2597 1012 2663 beneflcio
1034 2598 1188 2666 alleceris.
1245 2600 1296 2669 Sic
1321 2599 1406 2666 euim
1427 2600 1522 2668 velim

198 2691 373 2766 existimes,
410 2711 451 2756 ex
473 2699 536 2756 tota
561 2699 613 2756 tua
635 2691 797 2778 provincia
820 2693 969 2779 omnique
991 2691 1051 2758 isto
1074 2691 1209 2780 imperio
1231 2694 1305 2759 nihil
1329 2715 1414 2771 esse,
1438 2694 1523 2782 quod

197 2784 274 2851 milri
296 2784 414 2870 gratius
436 2783 540 2850 Iacere
562 2786 673 2872 possis.

646 2956 752 3018 cxvi.
796 2953 849 3034 (a,
876 2956 907 3019 6.
931 2957 1075 3036 6166.)

599 3079 640 3140 M.
663 3077 805 3141 CICERO
826 3079 861 3140 P.
884 3077 1068 3141 SERVILIO
1091 3080 1122 3141 S.
1468 3115 1472 3122 ·
1534 3116 1561 3152 sa

284 3193 313 3253 1.
334 3193 371 3254 Α.
394 3188 575 3263 Caecinam,
613 3187 749 3252 maxime
772 3187 938 3275 proprium
961 3186 1105 3252 clientem
1126 3186 1266 3254 familiae
1288 3200 1426 3264 vestrae,
1459 3213 1524 3258 uon
1641 3260 1649 3270 ,

197 3283 452 3350 commendarem
484 3281 560 3356 tibi,
590 3301 661 3346 cum
688 3279 822 3354 scirem,
856 3301 918 3366 qua
946 3279 1007 3345 lide
1034 3279 1065 3345 16
1096 3289 1187 3356 1666,
1224 3303 1285 3368 qua
1308 3283 1472 3351 clementia
1492 3285 1524 3352 16

197 3377 395 3442 calamitosos
417 3375 537 3442 soleres
559 3396 644 3449 esse,
660 3374 737 3460 (nisi
759 3367 819 3447 mel
833 3384 864 3438 ct
884 3374 982 3459 patris
1003 3373 1085 3450 eius,
1107 3396 1172 3462 quo
1193 3396 1262 3440 sum
1284 3376 1524 3444 familiarissime

199 3492 291 3544 usus,
310 3467 478 3626 (memoria
499 3480 531 3534 et
552 3467 645 3534 huius
666 3468 793 3534 fortuna
815 3467 859 3534 ita
879 3459 1053 3564 moneret.)
1079 3478 1113 3534 ut
1135 3468 1270 3536 hominis
1291 3470 1438 3537 omnibus
1460 3493 1526 3538 me·
1601 3451 1674 3538 *αἱ

198 3585 270 3630 cum
303 3562 413 3628 sudiis
441 3561 617 3646 officiisque
646 3561 890 3628 coniunctissimi
911 3583 1040 3628 movere
1064 3561 1206 3629 debebat.
1255 3569 1335 3630 Ate
1356 3563 1417 3632 hoc
1438 3570 1563 3630 omnies

198 3656 398 3724 contentione
419 3666 510 3743 peto,
532 3656 597 3732 sic,
629 3666 665 3723 ut
686 3656 805 3722 6161666
827 3675 918 3731 cura,
941 3659 1062 3722 maiore
1083 3656 1179 3722 animi
1200 3655 1310 3722 labore
1331 3669 1439 3745 petere
1460 3681 1524 3726 uon

198 3751 332 3839 possim,
353 3759 389 3817 ut
410 3750 450 3817 ad
471 3771 525 3826 66,
548 3771 628 3838 quae
649 3758 703 3816 tua
723 3760 834 3836 sponte
856 3750 924 3816 sine
945 3749 1129 3838 cuiusquam
1151 3751 1421 3818 commendatione
1442 3753 1526 3820 Iace-

198 3867 250 3912 res
271 3845 304 3911 16
325 3844 484 3911 hominem
506 3852 625 3908 tuntum
648 3853 679 3908 61
700 3844 811 3919 talem,
843 3845 1075 3919 calamitosum,
1105 3844 1243 3930 aliquem
1264 3845 1397 3912 alienant
1416 3868 1524 3913 cumu-

198 3940 263 4005 lum
285 3959 374 4004 meae
395 3938 538 4011 litterae,
562 3959 626 4025 quo
648 3937 818 4003 studiosius
839 3958 931 4010 eum,
962 3937 1199 4025 quibuscunque
1220 3937 1316 4005 rebus
1337 3941 1454 4026 possis,
1476 3933 1540 4006 iu·¹

199 4053 264 4098 ves.
317 4036 348 4097 2.
378 4032 501 4110 Quodsi
522 4037 640 4098 Romae
661 4030 792 4105 luisses,
814 4035 908 4096 etiam
928 4031 1059 4097 salutem
1080 4038 1116 4096 Α.
1139 4032 1289 4098 Caecinae
1309 4055 1467 4108 essemus,
1489 4044 1560 4100 utss

199 4126 308 4214 opinio
339 4147 409 4192 mea
431 4125 511 4201 lert,
548 4147 606 4212 per
627 4134 658 4190 te
679 4125 858 4204 consecuti;
888 4124 927 4190 de
949 4146 1011 4211 qua
1032 4135 1135 4190 161666
1156 4144 1299 4210 maguam
1320 4148 1409 4213 spem
1430 4126 1523 4193 hubo·

200 4243 285 4296 mus,
322 4220 393 4286 freti
415 4220 577 4286 clementia
596 4220 734 4304 collegae
754 4218 810 4284 161.
864 4223 966 4293 11666,
989 4219 1137 4305 quoniam
1160 4229 1243 4284 tuam
1267 4220 1416 4286 iustitiam
1437 4240 1526 4288 secu·-

201 4323 250 4380 tus
277 4314 465 4380 tutissimum
493 4312 552 4378 sibi
581 4322 707 4398 portum
741 4311 936 4398 provinciam
964 4312 1054 4378 istam
1082 4311 1173 4376 duxit
1194 4333 1278 4388 esse,
1316 4313 1409 4378 etiam
1431 4324 1524 4401 atque

200 4407 293 4473 etiam
321 4417 351 4472 te
379 4427 460 4492 rogo
487 4416 582 4493 atque
607 4425 684 4479 oro,
722 4415 756 4470 ut
787 4426 859 4471 cum
890 4416 921 4470 ct
950 4406 982 4470 in
1004 4405 1146 4493 reliquiis
1167 4407 1283 4472 veteris
1304 4407 1523 4492 negotiationis

199 4500 382 4587 colligendis
415 4501 503 4566 iuves
524 4509 555 4564 ct
576 4498 688 4566 ceteris
715 4496 812 4564 rebus
833 4509 919 4583 tegas
940 4508 1034 4586 atque
1056 4507 1173 4564 tueare.
1216 4504 1286 4566 Hoc
1306 4501 1384 4566 milri
1403 4506 1559 4583 gratioso

199 4594 303 4661 lacere
324 4593 401 4660 nihil
422 4605 522 4680 potes.

267 4813 620 4864 adornamentorum.
658 4810 699 4863 Cl.
719 4811 798 4862 fland
817 4811 896 4861 Ture.
917 4811 952 4861 11.
974 4825 1001 4874 p.
1020 4811 1082 4862 522.
1102 4811 1153 4863 06.
1175 4837 1204 4848 -
1242 4813 1412 4876 1111161616
1429 4815 1518 4868 11.-

199 4885 243 4934 11.
262 4885 386 4949 quantem
404 4883 450 4934 M:
478 4897 557 4948 66666
575 4883 605 4933 11.
627 4909 656 4919 -
703 4882 746 4932 15.
766 4882 869 4931 leudem
895 4880 932 4932 M.
960 4903 993 4918 -
1029 4881 1216 4946 6166661666
1241 4883 1286 4934 M:
1318 4898 1397 4949 66166
1424 4885 1455 4936 11.
1489 4912 1517 4923 -

200 4954 421 5004 3616116666
438 4953 476 5004 11.
498 4979 530 4988 -
565 4953 643 5003 dueta
660 4965 711 5003 esse
729 4952 775 5002 m:
803 4963 854 5001 mc
870 4951 947 5000 116611
966 4950 997 5001 ll.
1018 4972 1049 4987 -
1084 4953 1129 5002 39.
1149 4953 1265 5017 reliquiis
1282 4953 1320 5006 N:
1340 4954 1446 5020 reliquis
1459 4955 1517 5008 1111.

199 5022 278 5076 Cuul.
297 5024 356 5076 116.
374 5025 420 5074 Vl.
439 5037 484 5087 ep.
503 5024 530 5074 8.
549 5020 580 5085 R.
598 5023 625 5074 2.
