3662 5908
322 411 386 474 210
755 408 1032 474 EPISTOLARUM
1053 411 1106 474 ΑΙ)
1128 411 1220 476 last.

322 568 380 636 dos
404 567 552 655 putabat,
588 586 670 654 quos
692 565 745 632 ille
764 565 925 632 dilexisset
949 576 981 632 et
1000 565 1114 653 quibus
1135 587 1228 634 carus
1248 565 1370 634 luisset.
1426 570 1537 656 ltaque
1559 568 1662 636 etad

322 684 374 730 me
399 662 432 728 in
453 660 591 730 Ciliciam
612 659 699 727 venit
714 659 898 748 (multisque
920 660 953 726 in
978 659 1075 726 rebus
1103 660 1180 726 mibi
1203 681 1318 747 magno
1343 665 1413 728 usui
1438 662 1496 729 luit
1517 673 1551 728 et
1576 662 1661 730 fides

322 756 389 822 eius
411 763 443 821 et
463 751 647 856 prudentia)
677 764 723 830 et,
756 763 791 820 ut
811 755 941 841 opinor,
975 753 1032 818 tibi
1054 755 1086 820 in
1114 753 1331 820 Alexandrino
1358 754 1461 831 bello,
1499 767 1659 844 quantum

323 850 426 916 studio
449 859 481 914 ct
501 848 647 914 fidelitate
668 847 819 936 consequi
839 849 960 934 potuit,
993 869 1056 914 non
1078 847 1187 915 deluit.
1237 853 1268 914 3.
1291 847 1385 927 Quod
1407 870 1479 916 curn
1509 863 1660 936 speraret

299 954 353 1009 ⁸te
375 964 502 1032 quoque
523 944 566 1010 ita
587 941 786 1018 existimare,
820 941 852 1007 in
875 941 1054 1028 Hispaniam
1076 942 1115 1008 ad
1137 951 1185 1017 te,
1207 945 1344 1008 maxime
1366 943 1420 1008 ille
1441 944 1572 1031 quidem
1594 967 1656 1011 suo

324 1038 472 1112 consilio,
505 1036 676 1102 sedetiam
697 1057 748 1102 mc
769 1044 917 1110 auctore,
955 1045 1003 1100 est
1024 1033 1194 1121 proiectus.
1244 1038 1301 1102 Cui
1324 1056 1384 1121 ego
1406 1037 1657 1103 commendatio-

323 1151 395 1196 nem
422 1152 486 1198 non
519 1152 588 1196 sum
614 1130 790 1217 pollicitus,
823 1123 897 1195 non'
916 1129 991 1215 quin
1014 1149 1082 1194 eam
1109 1128 1275 1194 valituram
1296 1128 1381 1216 apud
1406 1139 1437 1195 te
1459 1129 1654 1211 arbitrarer3

323 1224 381 1290 sed
401 1246 505 1312 neque
526 1246 621 1310 egere
643 1223 720 1290 mibi
744 1222 1016 1289 commendatione
1038 1221 1218 1296 videbatur,
1252 1223 1361 1310 quiet
1385 1223 1418 1288 in
1440 1222 1525 1290 bello
1548 1231 1652 1290 tecum

323 1316 435 1385 luisset
463 1326 494 1385 et
525 1328 657 1406 propior
679 1317 863 1383 memoriam
886 1317 990 1384 Crassi
1011 1314 1050 1382 de
1072 1317 1134 1383 tuis
1154 1339 1237 1385 unus
1258 1324 1356 1394 esset,
1379 1327 1426 1392 et,
1449 1317 1476 1382 si
1497 1318 1543 1384 uti
1566 1341 1653 1384 com-

287 1411 578 1480 ¹⁰mendationibus
604 1412 715 1488 vellet,
752 1410 846 1478 etiam
872 1431 932 1498 per
952 1410 1030 1478 alios
1053 1433 1126 1477 cum
1154 1409 1298 1478 videbam
1320 1411 1352 1477 id
1374 1412 1525 1499 consequi
1547 1433 1652 1500 posse.

330 1506 555 1573 Testimonium
577 1506 640 1571 mei
664 1504 704 1571 de
732 1525 772 1572 eo
798 1504 920 1581 iudicii,
953 1504 1039 1592 quod
1067 1504 1186 1592 etipse
1208 1505 1311 1590 magni
1332 1504 1517 1570 aestimabat
1538 1516 1571 1570 et
1592 1527 1652 1591 ego

328 1599 412 1685 apud
439 1608 470 1664 te
491 1599 596 1665 valere
617 1620 703 1665 eram
725 1606 889 1685 expertus,
912 1599 941 1664 ei
956 1597 1100 1664 lubenter
1114 1598 1197 1664 dedi.
1238 1604 1269 1664 t.
1291 1604 1424 1665 Doctum
1439 1599 1537 1684 igitur
1551 1600 1654 1665 bomi-

327 1716 398 1760 nem
431 1694 566 1781 cognovi
598 1703 630 1759 et
660 1693 770 1760 studiis
802 1693 930 1780 optimis
962 1692 1118 1769 deditum,
1154 1693 1251 1780 idque
1272 1715 1290 1758 a
1311 1714 1422 1780 puero.
1465 1699 1543 1759 Nam
1566 1693 1653 1758 dorni

325 1809 415 1854 meae
436 1809 507 1854 cum
530 1787 668 1854 Diodoto
691 1792 813 1862 Stoico,
841 1787 968 1878 bomine
991 1786 1202 1853 meoiudicio
1224 1786 1454 1860 eruditissimo,
1477 1786 1612 1851 multum
1635 1807 1654 1851 a

288 1891 314 1931 ¹⁵
323 1902 425 1968 puero
459 1881 529 1948 mic
585 1887 673 1948 Nunc
699 1890 820 1956 autem,
858 1881 1004 1947 incensus
1033 1880 1138 1946 studio
1160 1902 1268 1946 rerum
1291 1889 1436 1954 tuarum,
1464 1901 1517 1946 eas
1539 1879 1655 1945 litteris

323 1975 451 2042 Graecis
472 1973 621 2041 mandare
648 1973 803 2060 cupiebat.
845 1980 942 2041 Posse
963 1973 1123 2040 arbitror:
1153 1976 1235 2041 valet
1255 1973 1399 2060 ingenio;
1425 1973 1519 2039 babet
1541 1995 1655 2050 usum3

322 2069 529 2156 iampridem
557 2069 589 2134 in
612 2088 651 2133 eo
673 2089 789 2154 genere
811 2069 908 2136 studii
935 2069 1172 2154 litterarumque
1193 2077 1354 2147 versatur;
1391 2067 1572 2132 satisfacere
1594 2066 1656 2131 im·

321 2163 505 2230 mortalitati
539 2161 666 2228 laudum
700 2170 824 2228 tuarum
852 2161 1038 2228 mirabiliter
1070 2161 1166 2248 cupit.
1227 2160 1332 2227 Habes
1367 2159 1526 2248 opinionis
1562 2181 1656 2225 meae

322 2257 552 2330 testimonium,
575 2254 630 2321 sed
653 2264 687 2322 tu
709 2255 769 2321 boc
791 2255 911 2321 lacilius
933 2255 1031 2322 multo
1053 2276 1112 2341 pro
1134 2264 1187 2321 tua
1209 2255 1361 2340 singulari
1381 2254 1549 2342 prudentia
1571 2253 1656 2320 iudi-

282 2355 312 2400 ²⁰
322 2348 418 2416 cabis.
460 2353 499 2413 Et
520 2359 639 2422 tamen,
676 2346 763 2434 quod
783 2369 985 2434 negaveram,
1018 2347 1205 2416 commendo
1228 2347 1285 2414 tibi
1307 2369 1392 2414 eum.
1435 2347 1601 2436 Quidquid
1622 2349 1655 2414 ei

321 2441 591 2516 commodaveris,
615 2441 677 2507 erit
697 2440 731 2506 id
752 2441 828 2506 mibi
850 2441 1004 2508 maiorem
1026 2442 1058 2507 in
1080 2441 1208 2510 modum
1231 2451 1364 2529 gratum.

775 2585 873 2648 rvn.
916 2583 966 2662 (A.
992 2585 1024 2648 u
1046 2585 1078 2648 c.
1101 2581 1187 2667 ros.)

695 2708 839 2774 CICERO
862 2708 893 2772 S.
915 2709 953 2770 Ι).
976 2707 1060 2771 SER.
1082 2706 1270 2772 SULPICIO.

409 2823 438 2886 1.
460 2823 511 2884 Μ.
534 2817 666 2893 Curius,
696 2818 750 2905 qui
773 2817 871 2884 Patris
893 2817 1092 2903 negotiatur,
1124 2816 1230 2882 multis
1252 2825 1284 2881 ct
1304 2818 1425 2903 magnis
1446 2819 1486 2885 de
1508 2821 1612 2886 causis
1633 2841 1651 2884 a

281 2927 372 2978 mmo
394 2911 545 2997 diligitur.
588 2917 664 2977 Nam
686 2923 718 2978 et
738 2911 872 2976 amicitia
894 2921 1042 2998 pervetus
1064 2909 1140 2975 mibi
1162 2932 1233 2976 cum
1255 2931 1295 2976 co
1317 2921 1381 2986 est,
1404 2921 1439 2978 ut
1457 2913 1597 2999 primurn
1619 2914 1651 2978 in

322 3006 426 3072 lorum
448 3005 550 3080 venit,
571 3005 729 3084 instituta;
751 3015 782 3070 et
803 3005 903 3070 Patris
925 3025 996 3070 cum
1019 3003 1185 3091 aliquoties
1207 3013 1313 3078 antea,
1336 3015 1403 3070 tum
1426 3007 1573 3092 proxime
1589 3007 1651 3074 boc

320 3099 500 3166 miserrimo
522 3097 624 3175 bello,
646 3098 758 3164 domus
781 3099 849 3165 eius
870 3107 935 3166 tota
957 3097 1033 3163 rnibi
1055 3097 1172 3185 patuit:
1205 3119 1267 3184 qua
1293 3099 1319 3164 si
1349 3119 1429 3184 opus
1451 3098 1565 3166 luisset
1588 3111 1649 3166 tam

319 3215 420 3260 essem
448 3213 525 3258 usus
551 3214 646 3279 quam
673 3213 753 3258 mea.
809 3191 980 3259 Maximum
1010 3201 1115 3256 autem
1143 3190 1219 3256 mibi
1252 3191 1410 3258 vinculum
1438 3215 1509 3259 cum
1541 3203 1652 3260 coest

320 3285 410 3373 quasi
431 3285 596 3351 sanctioris
617 3284 779 3351 cuiusdam
800 3285 1057 3358 necessitudinis,
1080 3283 1165 3371 quod
1189 3294 1235 3349 est
1249 3284 1340 3350 Attici
1355 3287 1455 3353 nostri
1469 3286 1651 3354 familiaris·

282 3379 419 3444 absimus
441 3400 577 3465 eumque
599 3401 696 3446 unum
718 3389 844 3466 practer
864 3390 988 3445 ceteros
1010 3378 1158 3444 observat
1179 3399 1215 3442 ac
1237 3377 1349 3464 diligit.
1393 3383 1422 3451 2.
1446 3383 1550 3460 Quem
1572 3383 1601 3448 si
1615 3394 1651 3450 tu

321 3472 382 3537 iam
404 3471 487 3539 lorte
508 3473 670 3558 cognosti,
706 3482 782 3558 puto
811 3495 862 3538 me
885 3473 961 3549 boc,
996 3470 1081 3560 quod
1103 3471 1201 3544 facio,
1238 3471 1344 3538 lacere
1367 3475 1479 3540 serius.
1536 3479 1581 3540 Ea
1604 3487 1652 3542 cst

321 3565 403 3629 enim
425 3565 614 3632 humanitate
636 3575 667 3631 et
689 3565 902 3641 observantia,
926 3578 960 3632 ut
982 3587 1054 3631 cunr
1077 3564 1134 3630 tibi
1156 3565 1216 3630 iam
1235 3567 1337 3653 ipsum
1359 3588 1417 3653 per
1438 3589 1472 3632 se
1489 3564 1652 3633 commen-

322 3659 427 3724 datum
449 3670 566 3745 putem.
610 3660 703 3737 Quod
726 3669 829 3724 tamen
851 3660 877 3724 si
900 3659 941 3724 itn
964 3671 1025 3734 est,
1049 3679 1163 3743 magno
1185 3680 1282 3745 opere
1304 3681 1321 3724 a
1344 3670 1374 3724 tc
1396 3681 1536 3746 quaeso,
1560 3671 1596 3727 ut
1611 3661 1650 3727 ad
1692 3735 1695 3739 .

321 3773 391 3816 eam
414 3751 621 3827 voluntatem,
658 3753 684 3818 si
715 3774 809 3840 quarn
839 3751 870 3816 in
897 3752 984 3817 illum
1012 3761 1082 3817 ante
1112 3753 1167 3818 has
1197 3775 1281 3818 meas
1318 3754 1435 3819 litteras
1472 3756 1649 3828 contulisti,

284 3860 415 3932 tequam
451 3845 604 3912 maximus
635 3855 738 3932 potest
771 3865 840 3910 mea
875 3844 1145 3911 commendatione
1174 3848 1317 3913 cumulus
1346 3847 1482 3913 accedat.
1539 3853 1570 3914 3.
1594 3849 1650 3914 Sin

320 3947 423 4003 autem
445 3949 577 4025 propter
599 3938 817 4004 verecundiam
840 3957 927 4002 suam
949 3938 1053 4003 minus
1074 3959 1108 4003 se
1130 3939 1187 4003 tibi
1209 3938 1321 4005 obtulit
1337 3951 1390 4006 aut
1414 3943 1559 4007 nondum
1576 3964 1649 4009 eum

320 4031 395 4098 satis
417 4030 514 4096 habes
536 4032 695 4115 cognitum
717 4039 768 4096 aut
791 4051 870 4118 quae
892 4051 983 4096 cansa
1017 4040 1081 4105 est,
1118 4052 1175 4097 cur
1207 4034 1334 4099 maioris
1367 4036 1650 4102 commendationis

320 4123 476 4208 indigeat.
508 4125 553 4190 sic
582 4125 638 4189 tibi
672 4145 744 4189 eum
767 4121 972 4194 commendo,
1009 4133 1044 4187 ut
1065 4144 1167 4210 neque
1189 4126 1309 4191 maiore
1331 4127 1434 4192 studio
1457 4149 1648 4217 quemqnam

320 4239 423 4305 neque
451 4217 636 4283 iustioribus
664 4216 828 4282 decausis
859 4216 1080 4282 commendare
1102 4220 1240 4303 possim;
1277 4219 1452 4306 faciamque
1474 4221 1526 4294 id,
1562 4221 1649 4308 qnod

282 4311 436 4378 sodebent
458 4312 560 4377 iacere
583 4312 620 4386 ii,
643 4311 698 4396 qui
720 4311 868 4395 religiose
890 4319 921 4374 ct
943 4310 1010 4399 sine
1032 4309 1202 4376 ambitione
1224 4315 1459 4379 commendant:
1482 4315 1648 4400 spondebo

321 4410 404 4472 enim
428 4403 484 4470 tibi
507 4405 555 4469 vel
577 4404 682 4491 potins
703 4404 844 4491 spondeo
866 4403 897 4468 in
921 4424 1033 4490 meque
1055 4404 1193 4490 recipio,
1216 4427 1271 4472 eos
1287 4428 1356 4471 esse
1371 4413 1420 4472 Μ’.
1438 4409 1525 4473 Curii
1542 4431 1649 4474 moros

320 4519 454 4585 eamque
483 4519 555 4564 cum
582 4496 787 4584 probitatem,
823 4507 888 4563 tum
924 4497 1017 4561 etiarn
1041 4496 1280 4573 humanitatem,
1303 4509 1338 4566 ut
1359 4522 1432 4566 eum
1454 4513 1486 4567 et
1507 4504 1648 4568 amicitia

319 4601 372 4658 tua
405 4599 437 4656 et
466 4600 528 4655 tam
557 4598 700 4654 accurata
732 4589 1016 4664 commendatione,
1049 4589 1075 4654 si
1106 4589 1163 4654 tibi
1185 4591 1226 4656 sit
1258 4593 1414 4676 cognitus,
1450 4593 1582 4679 dignum
1607 4595 1649 4661 sis

389 4767 416 4817 8.
436 4763 653 4832 egcrsmtlu'llc
679 4765 743 4814 midi
761 4779 833 4830 egero
852 4765 881 4816 ll.
912 4789 943 4802 -·
993 4767 1035 4817 11.
1055 4780 1139 4816 msam
1157 4767 1194 4816 Μ.
1226 4791 1259 4802 -
1305 4769 1347 4818 to.
1366 4769 1484 4832 cupiebat
1504 4771 1548 4820 lll:
1575 4773 1649 4834 cupit

320 4837 468 4888 Ernestius.
499 4862 533 4872 —
570 4835 614 4886 1⁸.
634 4835 767 4898 opintoms
785 4835 822 4886 Μ.
855 4861 886 4872 -
922 4837 967 4887 21.
986 4837 1015 4886 td
1040 4837 1104 4886 mtto·
1121 4838 1247 4887 maiorem
1266 4837 1301 4887 lts
1332 4841 1361 4888 td
1378 4842 1504 4890 maiorem
1521 4841 1582 4891 ΜΕ.
1616 4867 1646 4878 -

319 4907 363 4957 at.
384 4908 422 4960 dl·
442 4908 530 4957 curtus
547 4905 585 4956 Μ.
608 4929 636 4940 -
675 4903 719 4954 26.
739 4907 797 4954 veni
815 4905 853 4955 Μ.
879 4929 914 4939 -
947 4908 1035 4968 putris
1056 4905 1171 4956 Rrrrestll
1189 4920 1297 4971 operae.
1324 4933 1352 4944 -
1390 4909 1432 4960 32.
1452 4912 1539 4974 ipsum
1557 4925 1605 4974 per
1621 4924 1649 4962 se

319 4975 366 5026 bl:
393 4989 441 5039 per
466 4989 493 5028 ss
521 4978 607 5039 tpcum
633 4973 664 5024 E.
695 4995 725 5008 -
761 4973 805 5024 ³5.
834 4981 919 5038 potest
947 4989 1004 5026 mec
1028 4975 1184 5028 Manutius:
1214 4985 1306 5040 posteo
1325 4977 1369 5036 Μ.
1392 4988 1454 5044 port
1471 4993 1529 5032 mco
1550 4981 1580 5032 11.
1616 5003 1646 5016 -

318 5045 364 5096 to.
383 5048 411 5095 to·
428 5044 466 5099 Μ.
487 5070 518 5083 -
554 5045 600 5096 12.
618 5057 677 5094 cum
694 5041 738 5096 lla
758 5050 813 5094 tum
831 5043 861 5095 u.
