3658 5930
801 441 861 504 ΕΡ.
883 441 935 504 ΑΙ)
957 441 1130 505 ATTlCUll

769 599 849 662 rur.
890 596 944 674 (n.
974 599 1006 662 ιι
1029 600 1061 662 c.
1083 599 1173 680 roo.)

789 720 931 786 CICERO
954 721 1097 786 ATTICO
1121 723 1150 786 S.

402 839 430 899 1.
451 838 497 899 De
518 853 568 896 me
590 829 768 897 excusando
790 831 875 919 apud
895 829 1081 917 Appuleium
1099 829 1246 896 dederam
1269 829 1307 896 ad
1330 841 1360 896 te
1381 830 1483 917 pridie
1505 834 1647 904 litteras.

317 927 398 992 Nihil
420 947 489 992 esse
511 925 628 1010 negotii
650 923 797 991 arbitror.
842 929 1069 1011 Quemcunque
1084 926 1270 1012 appellaris,
1292 946 1385 991 nemo
1401 925 1533 1010 negabit.
1573 928 1645 992 Sed

292 1022 502 1107 ‘Septimium
524 1018 598 1085 vide
620 1026 651 1084 et
671 1023 838 1085 Laenatem
866 1029 897 1084 et
919 1020 1083 1085 Statilium.
1127 1017 1240 1084 Tribus
1266 1019 1348 1084 enim
1371 1041 1450 1106 opus
1474 1033 1528 1086 est.
1572 1021 1644 1086 Sed

316 1113 392 1180 milri
423 1119 541 1179 Laenas
570 1122 668 1178 totum
697 1121 868 1199 receperat.
912 1116 941 1178 2.
965 1111 1057 1190 Quod
1087 1112 1199 1178 scribis
1227 1113 1358 1179 alunio
1387 1122 1417 1178 te
1438 1115 1642 1200 appellatum.

315 1211 445 1274 omnino
467 1206 650 1275 Cornificius
671 1207 809 1294 locuples
838 1216 906 1282 est:
934 1206 989 1273 sed
1019 1219 1121 1273 tamen
1151 1207 1231 1272 scire
1253 1207 1367 1281 velim,
1404 1208 1528 1293 quando
1549 1209 1643 1272 dicar

317 1301 536 1388 spopondisse,
560 1312 591 1366 et
612 1322 671 1387 pro
692 1315 800 1388 patre,
823 1323 902 1366 aune
925 1322 984 1388 pro
1005 1301 1088 1379 filio;
1109 1322 1211 1388 noque
1233 1322 1272 1368 eo
1294 1303 1414 1375 minus,
1448 1302 1637 1376 meotilis,

316 1407 538 1483 procuratores
567 1395 725 1462 Cornificii
754 1405 785 1460 et
815 1396 1002 1481 Appuleium
1032 1395 1260 1481 praediatorem
1291 1395 1420 1460 videbis.
1474 1401 1504 1460 3.
1541 1394 1639 1472 Quod

283 1505 368 1555 acme
390 1487 429 1554 ab
451 1489 510 1555 hoc
531 1511 676 1555 maerore
702 1491 841 1555 recreari
872 1491 935 1564 vis,
973 1489 1063 1564 lacis,
1093 1500 1126 1555 ut
1162 1490 1282 1566 omnia:
1318 1489 1372 1554 sed
1402 1511 1452 1554 me
1473 1489 1549 1554 milri
1571 1509 1637 1554 uon

317 1583 453 1650 doluisse
482 1594 516 1649 tu
544 1585 630 1650 testis
660 1605 703 1650 es.
747 1584 825 1649 Nihil
856 1585 940 1648 enim
973 1582 1012 1649 de
1042 1603 1186 1648 maerore
1219 1583 1389 1648 minuendo
1418 1583 1565 1668 scriptum
1594 1581 1637 1646 ab

316 1677 382 1742 ullo
405 1687 465 1750 est,
495 1678 580 1763 quod
602 1698 662 1763 ego
683 1699 746 1744 non
769 1677 854 1744 domi
876 1687 947 1742 tuae
969 1677 1109 1763 legerim.
1154 1677 1215 1743 Sed
1243 1698 1368 1742 ornnem
1391 1677 1637 1742 consolationem

317 1769 413 1837 vineit
441 1770 542 1836 dolor.
597 1775 679 1850 Quin
702 1773 795 1837 etiam
817 1771 892 1847 leci,
923 1772 1009 1858 quod
1029 1771 1173 1858 prolecto
1195 1780 1267 1836 ante
1289 1792 1340 1836 me
1362 1792 1475 1846 nemo,
1513 1781 1546 1836 ut
1566 1771 1637 1856 ipse

317 1886 368 1931 me
395 1886 454 1952 per
481 1866 600 1932 litteras
628 1868 825 1945 consolarer;
855 1888 947 1953 quem
975 1864 1090 1932 librum
1119 1865 1159 1930 ad
1188 1875 1218 1930 te
1246 1865 1380 1940 mittam,
1415 1871 1440 1930 si
1463 1865 1638 1951 descripse-

282 1973 308 2016 ¹⁶
318 1961 381 2026 rint
401 1959 531 2026 librarii.
573 1961 703 2026 affirmo
725 1959 781 2027 tibi
802 1961 917 2027 nullam
940 1960 1185 2026 consolationem
1208 1979 1276 2026 esse
1299 1961 1401 2024 talem.
1451 1965 1546 2025 'l'otos
1568 1959 1637 2024 dies

164 2053 167 2060 ’
317 2054 437 2132 scribo;
461 2076 524 2121 uon
546 2074 609 2141 quo
632 2055 794 2142 proficiam
816 2055 910 2142 quid,
941 2053 996 2120 sed
1019 2055 1170 2140 tantisper
1191 2053 1357 2140 impedior.
1399 2059 1467 2119 Non
1489 2053 1634 2140 equidem

317 2148 452 2213 satis-
476 2147 523 2212 vis
551 2148 634 2213 enim
662 2158 812 2234 urget-
838 2149 894 2214 sed
923 2149 1051 2214 relaxor
1080 2159 1182 2214 tamen
1213 2148 1409 2234 †omniaque
1437 2148 1536 2222 nitor,
1572 2167 1636 2213 nou

318 2240 358 2307 ad
379 2242 531 2316 animum,
561 2241 617 2307 sed
648 2242 688 2309 ad
716 2243 835 2309 vultum
858 2245 975 2329 ipsum,
1011 2243 1037 2309 si
1059 2263 1187 2329 queam,
1217 2241 1439 2319 reficiendum
1474 2241 1568 2328 idque
1590 2241 1636 2306 la-

317 2335 403 2400 cieus
424 2334 583 2399 interdum
604 2335 680 2402 milri
702 2356 833 2420 peccare
857 2337 981 2410 videor,
1011 2335 1168 2401 interdum
1190 2344 1374 2420 peccaturus
1396 2354 1481 2410 esse,
1510 2335 1568 2400 nisi
1591 2335 1635 2399 la·

279 2429 407 2493 nciam.
464 2426 606 2493 Solitudo
629 2429 746 2514 aliquid
767 2430 906 2504 adiuvat,
929 2428 983 2495 sed
1007 2429 1105 2494 multo
1127 2430 1196 2514 plus
1218 2429 1403 2515 proliceret,
1430 2427 1511 2496 situ
1534 2438 1636 2492 tamen

156 2548 177 2646 p
318 2527 618 2681 intereslsleffhquac
641 2523 718 2589 milri
739 2546 800 2590 una
822 2545 915 2632 causa
936 2534 985 2682 esp
1005 2522 1076 2682 lpinc
1098 2522 1288 2682 dlipcedendi.
1331 2529 1424 2597 Nam,
1447 2542 1506 2608 pro
1527 2522 1635 2681 mealia,

317 2627 404 2682 reete
455 2626 804 2704 aeataquamquam
834 2640 936 2704 ipsum
987 2637 1069 2682 neo.
1139 2638 1180 2683 on
1210 2639 1291 2683 enrnr
1323 2618 1385 2683 ianr
1415 2617 1447 2681 in
1470 2639 1520 2682 nae
1552 2619 1636 2682 icnr

318 2731 387 2775 esse
408 2712 538 2797 poteris.
596 2712 760 2778 Perierunt
780 2713 849 2789 illa,
878 2733 957 2800 quae
979 2711 1116 2782 amabas.
1160 2711 1189 2778 l.
1211 2717 1257 2778 De
1279 2713 1367 2778 Bruti
1390 2711 1430 2777 ad
1452 2731 1503 2776 me
1524 2711 1636 2776 litteris

318 2804 428 2891 scripsi
450 2804 489 2870 ad
510 2814 540 2870 te
563 2815 672 2872 antea:
706 2806 878 2892 prudenter
900 2806 1049 2894 scriptae;
1085 2805 1139 2872 sed
1161 2805 1256 2880 nihil,
1285 2805 1369 2893 quod
1392 2811 1442 2870 mo
1464 2803 1635 2869 adiuvaret.

280 2897 413 2977 uQuod
435 2898 474 2965 ad
497 2908 527 2966 te
549 2899 690 2985 scripsit,
712 2899 745 2966 id
767 2901 898 2978 vellem,
920 2912 954 2967 ut
975 2903 1041 2987 ipse
1064 2901 1202 2978 adesset;
1226 2912 1310 2965 certe
1331 2898 1467 2986 aliquid,
1489 2897 1636 2985 quoniam

319 3013 370 3058 me
393 3004 453 3058 tam
477 2994 565 3059 valde
586 3004 683 3068 amat.
706 2995 878 3062 adiuvaret.
922 2995 1043 3073 Quodsi
1065 2994 1141 3081 quid
1155 2995 1250 3067 scios,
1273 2993 1391 3058 scribas
1405 2991 1445 3057 ad
1462 3013 1511 3056 mo
1532 2990 1636 3062 velim,

321 3087 457 3152 maxime
478 3097 599 3161 autern,
622 3093 720 3154 Pansa
742 3089 877 3174 quando.
920 3095 965 3155 De
986 3089 1100 3164 Attica,
1123 3087 1232 3166 doleo;
1254 3087 1350 3152 credo
1372 3097 1474 3152 tamen
1496 3088 1636 3151 Cratero.

320 3181 428 3247 Piliam
450 3182 522 3267 angi
545 3191 632 3262 veta;
661 3188 734 3249 satis
756 3184 865 3250 solitus
887 3205 921 3249 es
943 3204 1085 3248 maerore
1107 3202 1165 3268 pro
1188 3179 1344 3248 omuibus.

777 3355 841 3417 ιιι.
891 3351 945 3435 (A.
971 3355 1002 3418 ιι
1026 3355 1058 3417 c.
1081 3353 1174 3430 roo.)

281 3477 310 3520 ⁸⁰
800 3476 941 3542 ClCEliO
962 3475 1106 3539 ATTICO
1129 3476 1160 3538 S.

402 3585 491 3667 Apud
520 3585 725 3672 Appuleium,
753 3587 899 3672 quoniam
930 3586 962 3650 in
991 3593 1179 3672 perpetuum
1211 3605 1273 3649 nnn
1303 3585 1417 3671 placet.
1454 3585 1485 3649 in
1515 3582 1582 3650 dies
1602 3594 1636 3649 ut

318 3698 468 3752 excuser.
506 3677 638 3744 ridebis.
682 3683 717 3744 ln
739 3677 797 3744 hac
819 3679 987 3746 solitudine
1009 3700 1102 3744 careo
1124 3679 1264 3745 omnium
1286 3679 1466 3765 colloquio:
1503 3699 1635 3765 cumque

317 3790 409 3836 mano
437 3791 488 3836 me
516 3771 548 3837 iu
576 3773 684 3838 silvam
713 3771 847 3838 abstrusi
878 3774 1004 3839 densam
1034 3783 1064 3840 et
1091 3793 1250 3859 asperam,
1285 3795 1347 3838 non
1370 3793 1450 3838 exeo
1472 3773 1544 3838 inde
1566 3781 1634 3836 ante

318 3885 496 3952 vesperum.
540 3868 716 3932 Secundum
745 3877 775 3933 te
798 3867 874 3932 nihil
896 3877 942 3933 est
971 3867 1046 3932 milri
1069 3868 1200 3934 amicius
1221 3867 1397 3934 solitudine.
1443 3872 1478 3932 ln
1502 3887 1538 3932 ea
1560 3865 1634 3930 milri

386 4083 414 4134 1.
433 4098 489 4136 οιιι.
509 4085 546 4136 Μ.
576 4113 605 4126 -
652 4087 679 4138 3.
710 4087 862 4153 Apuleplum
879 4087 916 4138 Μ.
947 4113 974 4125 -
1013 4087 1041 4138 6.
1069 4086 1185 4150 Septium
1203 4087 1240 4138 Μ.
1271 4109 1298 4122 -
1343 4087 1370 4138 6.
1400 4083 1485 4150 lunio]
1506 4085 1571 4148 «ep.
1591 4085 1632 4134 17.

210 4213 215 4226 ἱ
318 4153 426 4204 maur
439 4157 552 4216 dicitur:
572 4159 729 4208 alterutrum
744 4171 842 4208 nomen
859 4164 1016 4221 corruptum
1031 4157 1172 4208 ridebatur
1187 4158 1291 4221 lleynio
1308 4158 1334 4207 in
1354 4157 1541 4208 bisentulum
1561 4167 1634 4217 prae-

319 4225 435 4276 diatorio
454 4240 480 4290 p.
500 4227 562 4278 ³0.»
582 4231 679 4280 Barsa.
701 4251 731 4264 -
768 4230 794 4281 o.
812 4230 1021 4292 praedicatorem
1040 4228 1071 4278 li.
1093 4251 1123 4264 -
1160 4231 1204 4278 tt·
1223 4229 1333 4291 &sotere
1350 4227 1388 4289 tn]
1408 4229 1527 4291 &foueat
1546 4233 1576 4274 ut
1594 4239 1631 4286 pr.

319 4293 357 4345 Μ.
389 4320 419 4332 -
454 4295 583 4363 nroerore]
610 4298 701 4349 dolore
730 4298 762 4348 11.
791 4324 818 4336 -
858 4299 902 4349 11.
933 4311 974 4348 me
1001 4312 1054 4348 om.
1080 4299 1110 4348 11.
1140 4324 1172 4334 -
1208 4297 1251 4347 10.
1272 4299 1407 4360 impedior.
1445 4295 1504 4346 Non
1521 4295 1633 4358 equidem

317 4366 384 4416 rotie
410 4367 538 4424 (relaxort
559 4395 589 4406 -
615 4371 654 4418 nir
680 4369 748 4418 araim
772 4375 848 4432 urprt
874 4392 904 4406 -
930 4367 975 4419 aed
1000 4369 1062 4418 Aac.
1088 4369 1186 4418 tertia:
1216 4369 1359 4429 impedior.
1377 4382 1431 4417 aon
1448 4365 1564 4430 equidem
1583 4370 1631 4415 cet.

318 4434 350 4486 li.
371 4459 401 4472 -
438 4437 481 4488 17.
500 4439 537 4488 od
556 4442 692 4502 maioque
708 4441 781 4489 altor
799 4439 844 4495 Μ.
864 4440 900 4490 od
918 4440 1007 4488 omniu
1025 4441 1183 4502 quaeritur
1201 4438 1221 4490 1.
1243 4437 1349 4496 Uinea,
1370 4439 1390 4487 11
1409 4444 1434 4487 et
1448 4435 1532 4487 codd.
1552 4435 1631 4485 llorll.

317 4504 410 4555 Malim
430 4521 491 4557 cum
511 4509 722 4570 Wesenbergior
744 4517 831 4559 tarmen
849 4510 968 4572 omnirpm
984 4509 1011 4557 oi
1021 4511 1115 4557 enitor.
1129 4508 1179 4559 Οι.
1191 4533 1222 4543 -
1242 4508 1283 4558 tii.
1294 4505 1404 4572 cauum]
1415 4508 1507 4556 vulnus
1520 4506 1551 4554 11.
1571 4506 1633 4562 (Μι-

319 4576 384 4626 llm:
404 4578 440 4627 od
455 4579 576 4642 uultum,
596 4581 624 4629 id
641 4581 726 4642 iprum
743 4581 766 4628 ει·
784 4593 884 4644 queem.
905 4578 969 4638 Οιι.)
985 4603 1015 4612 -
1037 4579 1080 4627 30.
1099 4572 1196 4639 tumea]
1214 4579 1293 4627 stium
1313 4591 1366 4640 mg·
1381 4579 1484 4639 llepett.
1499 4575 1630 4626 11100.-

246 4672 252 4682 ·
318 4645 363 4696 21.
390 4647 505 4699 docendi
529 4664 569 4713 pr.
598 4650 635 4701 Μ.
668 4675 697 4685 -
736 4649 780 4698 22.
807 4650 835 4698 id
857 4651 942 4711 iprum
969 4661 1031 4698 cum
1060 4662 1114 4709 mg.
1134 4649 1241 4711 Repeti.
1262 4649 1354 4697 Lamo.
1375 4647 1541 4698 Schuetzius.
1580 4644 1631 4694 Clr.

320 4715 397 4766 lland
427 4719 460 4769 ad
481 4719 619 4783 Wopkens
639 4733 664 4783 p.
686 4719 747 4769 301.
776 4743 805 4754 ·-
842 4719 886 4769 2l·
906 4719 1032 4783 quodam
1050 4719 1187 4770 adiuuaret
1206 4720 1268 4768 Aac.
1288 4718 1423 4768 secunda:
1444 4717 1512 4782 quod
1529 4730 1568 4766 ms
1586 4715 1634 4764 od-

318 4787 439 4838 trrunrent
457 4789 540 4847 Μ111,
571 4804 621 4855 quo
639 4804 679 4840 me
697 4789 853 4838 adiuuarent
871 4803 932 4838 cum
953 4789 1083 4840 lambino
1104 4789 1133 4838 ll.
1166 4813 1195 4824 -
1233 4789 1276 4838 13.
1300 4787 1366 4838 velle
1390 4788 1464 4839 11111.
1503 4785 1546 4848 (Ut
1570 4797 1631 4843 nos.

318 4869 374 4918 mg.
406 4855 490 4921 Crat.)
521 4883 551 4897 -
587 4860 631 4910 06.
662 4855 809 4920 adiuuaret]
838 4859 931 4909 nature
956 4858 993 4909 Μ.
1022 4884 1053 4895 -
1089 4859 1132 4908 27.
1155 4871 1237 4922 puteo
1262 4857 1321 4908 Μ11.
1354 4883 1385 4895 -
1439 4857 1556 4908 cratero.
1595 4855 1633 4904 Pt-

318 4924 382 4976 liom
399 4931 463 4992 oapi
480 4936 548 4979 uae.
568 4931 633 4980 antia
650 4938 689 4980 ert
706 4942 823 4979 moerore
841 4928 876 4988 Ζ,
897 4928 1015 4980 Cratero.
1053 4929 1148 4978 Piliam
1166 4930 1231 4992 oapi
1250 4928 1354 4978 oneratur
1371 4929 1394 4977 ir
1412 4934 1450 4978 eat
1467 4940 1580 4976 moerere
1598 4925 1632 4983 Μ,

319 4991 451 5046 Craterus.
488 4997 584 5048 Piliam
602 5002 669 5063 oapi
684 4999 800 5050 oetolot.
836 5001 859 5048 is
878 5006 915 5048 ert
933 4999 1025 5049 rottrro
1042 5011 1156 5048 moerere
1173 4998 1213 5058 ll,
1245 4999 1355 5048 Cratero
1374 4997 1489 5060 Opilium
1516 4997 1579 5060 nnpi
1595 5007 1632 5043 oe

319 5065 394 5116 taint
410 5067 627 5119 idestruoarors
646 5069 668 5120 l.
705 5068 793 5127 (Corr-
814 5081 844 5118 οι
865 5069 908 5127 t.)
928 5093 956 5106 -
995 5067 1038 5118 30.
1059 5081 1113 5118 om.
1132 5067 1170 5119 Μ.
1193 5093 1219 5104 -
1258 5067 1302 5117 33.
1321 5067 1410 5132 mona]
1429 5069 1542 5118 mmm
1561 5066 1591 5116 11.
