3668 5924
657 415 730 480 tie.
751 415 804 480 iii.
846 416 905 482 ΕΡ.
926 415 958 480 d.
979 417 1009 482 5.
1031 417 1061 480 6.
1457 415 1517 480 sel

16 617 17 626 ι
117 647 123 662 ⁸
199 593 276 640 rens
295 570 390 645 dixit,
412 570 440 638 si
461 569 632 636 incivitate
653 570 791 638 licuisset
811 569 872 638 sibi
893 591 978 646 esse,
1000 571 1077 638 anibi
1098 593 1133 638 se
1153 571 1396 650 satisfacturum
1419 593 1520 661 neque

201 689 251 733 mc
280 665 450 753 quidquam
473 664 688 749 interrogavit
737 670 767 736 l.
788 670 835 731 lle
856 664 1016 741 versibus,
1048 687 1128 752 quos
1150 664 1206 732 tibi
1228 687 1246 730 a
1267 686 1318 732 me
1339 663 1434 732 scribi
1456 666 1519 740 vis,

199 760 288 826 deest
317 759 392 826 mibi
419 758 547 844 quidem
572 778 686 844 opera,
713 779 794 845 qnae
824 779 887 825 non
915 758 1010 826 modo
1038 769 1158 845 tempus
1186 759 1360 832 sedetiam
1383 759 1520 826 animuin

200 875 331 920 vacuum
360 851 401 917 ab
427 852 513 918 omni
535 872 610 918 cura
633 851 805 930 desiderct;
838 852 894 918 sed
921 852 1008 918 abest
1035 853 1127 918 etiam
1155 853 1403 936 ἐνθουσιασμός.
1452 859 1520 918 Non

198 949 282 1013 enim
310 966 418 1012 snmus
446 945 576 1011 omnino
604 945 671 1011 sine
698 967 772 1012 cura
799 946 953 1012 venientis
979 947 1066 1022 anni,
1101 948 1159 1014 elsi
1181 967 1288 1012 sumus
1309 947 1376 1012 sine
1397 946 1544 1014 timores

199 1041 299 1106 Simul
321 1050 353 1104 et
373 1038 451 1106 illud
473 1073 513 1086 -
536 1039 603 1105 sine
624 1039 687 1104 ulla
709 1039 886 1107 mehercule
914 1051 1061 1124 εἰρωνείᾳ
1081 1040 1197 1127 loquor
1217 1077 1254 1088 ·-
1281 1039 1338 1106 libi
1359 1040 1447 1106 istius
1468 1062 1521 1126 ge·

199 1133 285 1199 neris
306 1133 339 1198 in
360 1133 527 1199 scribendo
554 1133 678 1219 priores
706 1142 811 1219 partes
841 1131 946 1199 tribuo
968 1155 1061 1221 qaam
1083 1133 1168 1200 mibi.
1212 1138 1243 1200 5.
1264 1139 1311 1202 De
1331 1133 1519 1200 bibliotheca

199 1236 251 1293 tna
282 1230 400 1294 Graeca
427 1225 616 1314 supplenda,
647 1225 736 1292 libris
765 1227 1007 1302 commutandis,
1037 1227 1155 1294 Latinis
1175 1227 1407 1313 comparandis:
1430 1227 1521 1294 valde

200 1321 295 1386 velim
320 1321 380 1386 ista
409 1320 536 1396 confici,
569 1320 754 1406 praesertim
783 1342 854 1388 cnm
885 1320 925 1387 ad
957 1343 1062 1388 meum
1091 1342 1218 1408 qnoque
1245 1341 1338 1386 nsum
1371 1332 1520 1408 spectent.

199 1415 262 1480 Sed
290 1433 367 1498 ego,
395 1413 471 1480 mibi
498 1414 558 1501 ipsi
586 1414 644 1480 ista
665 1435 724 1500 per
744 1435 839 1501 quem
860 1435 965 1500 agam,
994 1437 1056 1481 non
1084 1414 1200 1490 babeo,
1234 1435 1336 1501 neque
1362 1417 1445 1482 enim
1468 1433 1558 1482 vete

198 1507 280 1574 nalia
301 1517 387 1582 sunt,
418 1528 498 1594 qnae
520 1507 649 1596 quidem
671 1508 829 1594 placeant,
863 1519 895 1575 et
915 1509 1026 1576 confici
1047 1509 1107 1576 nisi
1128 1529 1186 1596 per
1206 1508 1364 1574 hominem
1386 1519 1418 1575 et
1438 1511 1523 1596 peri·

199 1612 265 1668 tum
295 1613 327 1667 ct
355 1599 533 1685 diligentem
565 1621 628 1667 non
664 1613 803 1688 possunt.
862 1603 1036 1692 Chrysippo
1064 1611 1164 1668 tamen
1198 1601 1362 1689 imperibo
1390 1612 1422 1668 et
1449 1625 1519 1670 curn

199 1694 398 1784 Tprennione
427 1694 548 1781 loquar.
597 1702 643 1761 De
666 1695 741 1762 lisoo
763 1697 838 1783 qnid
865 1698 965 1782 egerit
987 1696 1112 1782 Scipio,
1144 1715 1302 1780 quaeram.
1355 1697 1449 1774 Quod
1474 1698 1521 1762 vi·

198 1788 324 1854 debitur
351 1797 471 1853 rectum
501 1809 584 1862 esse,
620 1788 749 1855 curabo.
806 1796 852 1856 De
884 1791 1070 1864 Ascanione,
1107 1799 1141 1856 ιιι
1172 1810 1265 1863 vero,
1301 1790 1386 1876 quod
1416 1790 1518 1864 voles,

200 1882 313 1958 lacics;
339 1902 390 1946 mc
420 1881 497 1946 nibil
526 1887 701 1969 interpono.
750 1888 797 1951 De
818 1882 999 1950 suburbano
1021 1883 1106 1971 quod
1128 1903 1191 1948 non
1212 1903 1379 1968 properas.
1409 1882 1519 1960 loudo;
1533 1901 1557 1940 u

198 1987 234 2042 ιιι
265 1973 333 2060 [ιιι]
357 1973 486 2050 babeas,
523 1975 644 2042 bortor.
686 1980 716 2042 6.
745 1981 829 2042 llaec
857 1979 968 2064 scripsi
996 2000 1024 2043 a.
1053 1977 1083 2042 d.
1113 1997 1161 2044 ιι.
1183 1975 1312 2042 llalend.
1334 1976 1519 2052 novembr..

197 2091 263 2157 quo
285 2068 335 2135 die
355 2067 421 2134 ludi
443 2068 729 2145 committebantur,
751 2070 784 2135 in
805 2071 1014 2137 Tusculanum
1035 2069 1235 2157 proficiscens
1256 2069 1434 2157 ducensque
1454 2093 1522 2138 me·

197 2185 270 2229 cum
293 2163 475 2229 Ciceronem
496 2183 601 2228 meum
623 2163 655 2228 in
677 2163 784 2230 ludum
806 2163 963 2238 discendi,
990 2185 1054 2230 non
1076 2161 1222 2238 lusionis;
1255 2182 1291 2227 ea
1313 2184 1348 2228 re
1369 2185 1431 2231 non
1454 2165 1521 2232 lon·

197 2257 289 2342 gius,
324 2277 418 2341 quam
441 2257 577 2332 vellem,
612 2256 698 2344 qnod
728 2257 907 2344 Pomptinio
937 2256 978 2323 ad
1011 2255 1202 2343 triumphum
1235 2277 1263 2321 a.
1296 2255 1326 2322 d.
1357 2275 1420 2323 ιιι..
1441 2264 1519 2325 Non.

198 2348 367 2416 Novembr.
397 2349 540 2416 volebam
571 2350 690 2416 adesse.
744 2351 865 2416 Etenim
896 2351 957 2416 erit
986 2350 1093 2416 nescio
1121 2348 1198 2436 qnid
1226 2349 1386 2434 negotioli.
1426 2339 1557 2424 (damu

198 2449 276 2511 Cato
305 2454 336 2509 et
363 2442 529 2518 Servilius,
558 2453 737 2538 praetores,
765 2443 980 2530 probibitores
1001 2465 1035 2508 se
1057 2427 1231 2526 minantur)
1259 2464 1331 2517 nee,
1352 2445 1426 2530 quid
1448 2466 1517 2530 pos·
1575 2399 1725 2517 lisffl

197 2539 276 2612 siut,
307 2539 383 2604 scio.
433 2537 488 2604 llle
511 2538 594 2602 enim
616 2546 648 2604 et
668 2543 802 2625 Appium
829 2537 989 2630 consulem
1017 2559 1123 2604 secum
1152 2535 1278 2603 babebit
1307 2547 1339 2602 et
1358 2549 1520 2624 praetores

197 2642 230 2698 et
250 2631 394 2699 tubunos
415 2631 457 2718 pl.
489 2619 563 2713 (Sed
583 2631 741 2698 minantur
762 2641 882 2708 tamen,
903 2631 935 2697 in
949 2631 1123 2719 primisque
1139 2633 1227 2714 ”qu
1250 2646 1353 2700 neser
1375 2635 1413 2710 Q·
1429 2635 1521 2698 Scae-
1605 2627 1653 2706 νέ

199 2721 295 2811 vola.)
323 2730 421 2800 Cura,
443 2725 486 2790 mi
507 2725 692 2792 suavissime
714 2735 746 2792 et
766 2726 926 2792 carissime
947 2727 1060 2801 lister,
1083 2735 1118 2792 ut
1138 2726 1251 2792 adeas.

625 2867 705 2930 ue
731 2867 778 2930 rr.
821 2867 872 2948 (A.
898 2868 930 2931 e.
953 2867 986 2931 c.
1007 2865 1093 2950 roo.)
1529 2875 1556 2914 ι.

640 2990 795 3054 MARCUS
824 2990 863 3064 Q.
885 2991 1027 3054 FRATRI
1049 2990 1080 3052 S.

292 3106 319 3166 l.
348 3099 442 3179 Quod
473 3099 615 3188 quaeris,
648 3098 724 3186 qnid
752 3099 792 3165 de
818 3098 879 3163 illis
906 3097 996 3164 libris
1023 3099 1158 3184 egerim,
1192 3121 1287 3186 quos,
1318 3120 1389 3165 eum
1419 3119 1521 3166 essem

198 3195 230 3260 in
254 3199 409 3270 Cumano,
439 3194 579 3260 scrihere
600 3192 737 3266 institui,
768 3213 831 3258 non
852 3191 971 3258 cessavi
992 3213 1094 3279 neque
1116 3215 1225 3270 cesso;
1256 3193 1311 3260 sed
1344 3214 1436 3278 saepe
1458 3193 1519 3258 iam

198 3289 355 3356 scribendi
378 3298 477 3356 totum
498 3287 665 3354 consilinm
686 3287 901 3373 rationemque
923 3286 1050 3352 mutavi.
1106 3293 1182 3354 Nam
1204 3287 1266 3354 iam
1288 3285 1411 3354 duobus
1433 3288 1521 3354 lactis
1643 3281 1660 3364 3

176 3383 305 3456 'libris,
341 3387 373 3448 in
403 3369 534 3469 quibus,
570 3379 807 3448 novendialibus
835 3379 874 3446 iis
906 3377 1011 3454 feriis,
1048 3400 1128 3467 quae
1154 3380 1280 3446 luerunt
1308 3381 1463 3447 Tuditano
1489 3392 1559 3447 etto

198 3477 336 3564 Aquillio
357 3475 554 3551 consulibus,
577 3495 682 3542 sermo
703 3483 751 3540 est
771 3495 789 3538 a
810 3495 861 3540 me
882 3473 1040 3540 institutus
1061 3473 1197 3540 Africani
1218 3475 1323 3562 paullo
1345 3484 1415 3539 ante
1436 3494 1522 3541 mor-
1626 3478 1641 3548 ,ἶ

199 3582 279 3647 tem,
310 3582 342 3635 et
361 3551 483 3644 Laelii]
506 3569 602 3645 Pbili,
624 3568 758 3644 Manilii,
787 3571 826 3647 0.
849 3567 1025 3634 Tuberonis
1047 3577 1079 3634 et
1098 3568 1196 3634 Laelii
1216 3589 1422 3662 generorum,
1444 3573 1522 3634 Fan-
1623 3577 1645 3676 p

198 3665 242 3731 nii
272 3675 303 3730 et
331 3663 515 3730 Scaevolae:
543 3683 648 3730 mimo
674 3673 778 3728 autem
807 3666 840 3728 in
868 3682 982 3728 novem
1011 3672 1043 3728 et
1063 3661 1130 3728 dies
1159 3671 1189 3728 et
1217 3661 1315 3730 libros
1337 3661 1521 3730 distributus

198 3759 238 3826 de
260 3759 380 3846 optimo
411 3766 492 3824 statu
513 3757 647 3824 civitatis
675 3766 708 3821 et
727 3755 768 3821 de
790 3756 909 3843 optimo
937 3755 1065 3822 cive-
1092 3777 1166 3822 sane
1188 3756 1352 3846 texebatur
1373 3776 1453 3842 opus
1474 3757 1522 3822 lu·

198 3853 321 3919 colente
344 3852 567 3938 bominumque
589 3850 722 3936 dignitas
744 3849 935 3936 aliquantum
957 3847 1090 3915 orationi
1118 3850 1266 3936 ponderis
1288 3848 1439 3914 afferebat
1459 3867 1558 3922 -,se

198 3947 220 4012 ii
243 3946 316 4012 libri
346 3967 418 4012 curn
445 3950 478 4010 in
499 3945 674 4011 Tusculano
701 3942 777 4009 mibi
805 3943 1006 4029 legerentur,
1035 3942 1181 4010 audiente
1203 3942 1358 4016 salustio.
1380 3943 1522 4008 admoni-

199 4050 249 4106 tus
276 4061 346 4105 sum
374 4038 414 4104 ab
441 4039 496 4104 illo
525 4038 624 4104 multo
650 4036 772 4103 maiore
800 4039 984 4103 auctoritate
1011 4035 1072 4102 illis
1094 4035 1133 4100 de
1154 4036 1250 4102 rebus
1271 4035 1332 4102 dici
1354 4057 1465 4122 posse,
1494 4035 1521 4102 si

199 4133 267 4221 ipse
288 4135 438 4220 loquerer
459 4131 498 4197 de
519 4152 556 4196 re
577 4130 717 4217 publica,
740 4131 926 4216 praesertim
947 4149 1019 4195 cum
1040 4149 1141 4194 essem
1163 4151 1226 4196 non
1240 4131 1421 4198 Heraclides
1442 4136 1523 4197 Pon-

198 4229 292 4303 ticus,
320 4227 376 4292 sed
397 4226 570 4292 consularis
592 4236 623 4291 et
643 4226 688 4302 is,
710 4228 764 4312 qui
785 4225 819 4290 in
839 4223 984 4291 mammis
1005 4233 1146 4289 versatus
1169 4223 1201 4288 in
1222 4244 1259 4289 re
1280 4224 1406 4311 publica
1426 4224 1521 4290 rebus

270 4420 1523 4496 s.reunsteu1.-a.smstamssese.-s.aeut]saoen.-o.stpa·

199 4499 263 4569 velq
287 4512 355 4549 nese
383 4499 467 4549 ceteri
485 4500 584 4549 irossiu.
613 4524 644 4536 -
681 4495 962 4550 1⁰.icbebocnrni.
990 4493 1120 4545 Gronovil
1138 4495 1228 4557 operis
1247 4495 1277 4544 Ε.
1311 4521 1340 4532 -
1388 4495 1431 4546 li.
1450 4492 1521 4560 μοι]

198 4571 307 4634 Pbpeteo
327 4571 357 4621 ll.
374 4594 406 4606 -
425 4569 469 4620 ld.
488 4577 518 4618 ιιι
535 4583 590 4619 ons.
610 4570 676 4630 ite,
696 4569 856 4619 seclusimus
875 4578 932 4617 nos.
947 4590 976 4601 -
996 4563 1091 4616 iubeas
1108 4571 1266 4627 corruptum
1286 4566 1393 4615 videtur
1419 4566 1470 4616 01.
1491 4589 1521 4601 -

200 4653 261 4690 νιιι.
282 4641 328 4689 ill.
362 4663 392 4675 -·
430 4640 474 4691 ie.
493 4636 591 4703 quum]
619 4653 776 4704 quamquem
795 4638 912 4687 malebat
931 4634 1079 4685 Ernestins.
1112 4657 1140 4670 -
1191 4635 1342 4698 Pompiiuio
1362 4635 1521 4686 Lambinnss

198 4711 340 4774 Pomptino
358 4709 411 4769 iti,
436 4711 559 4759 Psintino
575 4709 606 4760 it.
642 4731 672 4746 -·
707 4710 750 4760 20.
771 4721 822 4758 esse
840 4707 872 4756 ll.
904 4729 929 4740 —
968 4705 1038 4770 quod
1056 4704 1077 4754 i.
1107 4727 1136 4738 -
1174 4705 1218 4754 21.
1239 4703 1373 4768 seruilius]
1401 4705 1524 4756 calvities

199 4780 231 4830 ll.
261 4803 292 4816 -
328 4779 389 4844 aec]
414 4785 438 4830 st
459 4779 489 4829 it.
521 4803 551 4816 -
587 4786 697 4842 possunt
723 4779 745 4829 l.
779 4803 806 4815 -
845 4777 889 4826 22.
910 4777 977 4824 assim
1003 4789 1058 4824 om.
1080 4774 1111 4824 ll.
1145 4797 1175 4810 -
1212 4775 1470 4825 2³.minuussturl·
1493 4799 1517 4812 -

198 4851 243 4901 ite.
262 4847 351 4915 suctu]
369 4851 456 4915 {adlit
476 4863 515 4914 pr.
535 4849 581 4910 ili,
600 4850 648 4912 sset
668 4849 701 4898 iti
721 4854 747 4898 et
765 4860 836 4898 corr.
855 4846 893 4897 ii.
915 4868 947 4880 -
982 4845 1025 4895 di.
1044 4845 1147 4908 Aquilio
1165 4844 1233 4895 lilll.
1255 4867 1284 4879 -
1322 4845 1415 4910 tenne]
1434 4845 1524 4896 Semio

199 4921 272 4970 1.-
311 4927 347 4970 eat
366 4917 457 4984 uma]
477 4926 513 4971 sat
534 4925 622 4970 tossen
639 4918 704 4974 llll.
724 4915 999 4970 satcmstomcssi.
1019 4940 1049 4952 -
1088 4914 1131 4964 32.
1151 4915 1294 4978 Manliique
1311 4913 1454 4981 (Muciique
1471 4913 1522 4978 m.)

200 4990 344 5040 Tuberonis
368 4991 442 5041 lditl.
477 5015 498 5024 -
539 4989 583 5040 34.
610 4989 735 5040 luculente
758 4988 827 5040 tiit:
859 4986 999 5038 tremisce
1026 4984 1069 5035 ili.
1104 5007 1135 5020 -
1171 4983 1311 5035 eo.tt1t=
1343 4987 1370 5036 ii
1388 4986 1461 5039 ldiii.
1491 5007 1521 5022 -

198 5059 243 5112 ee.
263 5061 292 5110 lu
308 5073 337 5111 re
353 5057 470 5124 publicu]
493 5060 531 5110 rei
547 5059 666 5124 peditem
685 5058 715 5110 it.
