<?xml version="1.0" encoding="UTF-8"?>
<!DOCTYPE html PUBLIC "-//W3C//DTD XHTML 1.0 Transitional//EN"
    "http://www.w3.org/TR/xhtml1/DTD/xhtml1-transitional.dtd">
<html xmlns="http://www.w3.org/1999/xhtml" xml:lang="en" lang="en">
 <head>
  <title>
</title>
<meta http-equiv="Content-Type" content="text/html;charset=utf-8" />
  <meta name='ocr-system' content='tesseract 3.04.00' />
  <meta name='ocr-capabilities' content='ocr_page ocr_carea ocr_par ocr_line ocrx_word'/>
</head>
<body>
  <div class='ocr_page' id='page_1' title='image "./mtulliiciceroni06baitgoog_0321.png"; bbox 0 0 3662 5908; ppageno 0'>
   <div class='ocr_carea' id='block_1_1' title="bbox 315 395 1196 463">
    <p class='ocr_par' dir='ltr' id='par_1_1' title="bbox 315 395 1196 463">
     <span class='ocr_line' id='line_1_1' title="bbox 315 395 1196 463; baseline 0.006 -5"><span class='ocrx_word' id='word_1_1' title='bbox 315 395 377 458; x_wconf 71' lang='lat'><strong>258</strong></span> <span class='ocrx_word' id='word_1_2' title='bbox 734 395 1008 460; x_wconf 78' lang='lat' dir='ltr'><strong>Ertsrotarttttt</strong></span> <span class='ocrx_word' id='word_1_3' title='bbox 1030 397 1082 459; x_wconf 78' lang='lat' dir='ltr'><strong>ab</strong></span> <span class='ocrx_word' id='word_1_4' title='bbox 1104 397 1196 463; x_wconf 80' lang='lat' dir='ltr'><strong>thl.</strong></span> 
     </span>
    </p>
   </div>
   <div class='ocr_carea' id='block_1_2' title="bbox 314 549 1637 713">
    <p class='ocr_par' dir='ltr' id='par_1_2' title="bbox 314 549 1637 713">
     <span class='ocr_line' id='line_1_2' title="bbox 314 549 1637 661; baseline 0.002 -43"><span class='ocrx_word' id='word_1_5' title='bbox 314 562 349 618; x_wconf 90' lang='lat' dir='ltr'><strong>ut</strong></span> <span class='ocrx_word' id='word_1_6' title='bbox 378 551 506 661; x_wconf 84' lang='lat' dir='ltr'><strong>habeas,</strong></span> <span class='ocrx_word' id='word_1_7' title='bbox 544 573 608 640; x_wconf 81' lang='lat' dir='ltr'><strong>qno</strong></span> <span class='ocrx_word' id='word_1_8' title='bbox 647 573 707 618; x_wconf 88' lang='lat' dir='ltr'><strong>me.</strong></span> <span class='ocrx_word' id='word_1_9' title='bbox 764 556 810 618; x_wconf 89' lang='lat' dir='ltr'><strong>lta</strong></span> <span class='ocrx_word' id='word_1_10' title='bbox 838 571 983 636; x_wconf 92' lang='lat' dir='ltr'><strong>magnum</strong></span> <span class='ocrx_word' id='word_1_11' title='bbox 1021 549 1207 618; x_wconf 89' lang='lat' dir='ltr'><strong>beneficium</strong></span> <span class='ocrx_word' id='word_1_12' title='bbox 1244 560 1331 617; x_wconf 91' lang='lat' dir='ltr'><strong>tuum</strong></span> <span class='ocrx_word' id='word_1_13' title='bbox 1365 571 1479 636; x_wconf 90' lang='lat' dir='ltr'><strong>magno</strong></span> <span class='ocrx_word' id='word_1_14' title='bbox 1508 553 1637 630; x_wconf 85' lang='lat' dir='ltr'><strong>cumulo</strong></span> 
     </span>
     <span class='ocr_line' id='line_1_3' title="bbox 314 667 451 713; baseline 0.007 -3"><span class='ocrx_word' id='word_1_15' title='bbox 314 667 451 713; x_wconf 82' lang='lat' dir='ltr'><strong>auxeris.</strong></span> 
     </span>
    </p>
   </div>
   <div class='ocr_carea' id='block_1_3' title="bbox 642 785 1303 974">
    <p class='ocr_par' dir='ltr' id='par_1_3' title="bbox 642 785 1303 974">
     <span class='ocr_line' id='line_1_4' title="bbox 765 785 1187 870; baseline 0.002 -20"><span class='ocrx_word' id='word_1_16' title='bbox 765 789 877 851; x_wconf 75' lang='lat' dir='ltr'><strong>curt.</strong></span> <span class='ocrx_word' id='word_1_17' title='bbox 919 785 967 868; x_wconf 79' lang='lat' dir='ltr'><strong>(a,</strong></span> <span class='ocrx_word' id='word_1_18' title='bbox 993 787 1024 850; x_wconf 89' lang='lat' dir='ltr'><strong>u</strong></span> <span class='ocrx_word' id='word_1_19' title='bbox 1048 788 1078 852; x_wconf 84' lang='lat' dir='ltr'><strong>c,</strong></span> <span class='ocrx_word' id='word_1_20' title='bbox 1101 787 1187 870; x_wconf 82' lang='lat' dir='ltr'><strong>rot.)</strong></span> 
     </span>
     <span class='ocr_line' id='line_1_5' title="bbox 642 908 1303 974; baseline 0.002 -1"><span class='ocrx_word' id='word_1_21' title='bbox 642 910 682 973; x_wconf 87' lang='lat' dir='ltr'><strong>u.</strong></span> <span class='ocrx_word' id='word_1_22' title='bbox 705 908 848 973; x_wconf 82' lang='lat' dir='ltr'><strong>crunno</strong></span> <span class='ocrx_word' id='word_1_23' title='bbox 870 910 901 972; x_wconf 92' lang='grc' dir='ltr'><strong>ε.</strong></span> <span class='ocrx_word' id='word_1_24' title='bbox 923 912 961 972; x_wconf 90' lang='lat' dir='ltr'><strong>n.</strong></span> <span class='ocrx_word' id='word_1_25' title='bbox 983 911 1016 971; x_wconf 74' lang='grc' dir='ltr'><strong>Ρ,</strong></span> <span class='ocrx_word' id='word_1_26' title='bbox 1039 908 1142 972; x_wconf 83' lang='lat' dir='ltr'><strong>suto</strong></span> <span class='ocrx_word' id='word_1_27' title='bbox 1163 909 1303 974; x_wconf 83' lang='lat' dir='ltr'><strong>rnorn.</strong></span> 
     </span>
    </p>
   </div>
   <div class='ocr_carea' id='block_1_4' title="bbox 128 1035 1635 1430">
    <p class='ocr_par' dir='ltr' id='par_1_4' title="bbox 128 1035 1635 1430">
     <span class='ocr_line' id='line_1_6' title="bbox 291 1035 1635 1126; baseline 0.007 -28"><span class='ocrx_word' id='word_1_28' title='bbox 291 1057 304 1098; x_wconf 87' lang='lat' dir='ltr'><strong>s</strong></span> <span class='ocrx_word' id='word_1_29' title='bbox 400 1045 427 1105; x_wconf 95' lang='lat'><strong>1.</strong></span> <span class='ocrx_word' id='word_1_30' title='bbox 465 1046 534 1107; x_wconf 90' lang='lat' dir='ltr'><strong>Non</strong></span> <span class='ocrx_word' id='word_1_31' title='bbox 555 1042 661 1126; x_wconf 89' lang='lat' dir='ltr'><strong>putavi</strong></span> <span class='ocrx_word' id='word_1_32' title='bbox 693 1037 763 1103; x_wconf 90' lang='lat' dir='ltr'><strong>lieri</strong></span> <span class='ocrx_word' id='word_1_33' title='bbox 794 1058 904 1124; x_wconf 87' lang='lat' dir='ltr'><strong>posse,</strong></span> <span class='ocrx_word' id='word_1_34' title='bbox 927 1049 962 1104; x_wconf 91' lang='lat' dir='ltr'><strong>ut</strong></span> <span class='ocrx_word' id='word_1_35' title='bbox 982 1036 1059 1102; x_wconf 92' lang='lat' dir='ltr'><strong>mihi</strong></span> <span class='ocrx_word' id='word_1_36' title='bbox 1082 1035 1176 1103; x_wconf 89' lang='lat' dir='ltr'><strong>verba</strong></span> <span class='ocrx_word' id='word_1_37' title='bbox 1203 1036 1365 1118; x_wconf 88' lang='lat' dir='ltr'><strong>deessent;</strong></span> <span class='ocrx_word' id='word_1_38' title='bbox 1398 1040 1454 1107; x_wconf 91' lang='lat' dir='ltr'><strong>sed</strong></span> <span class='ocrx_word' id='word_1_39' title='bbox 1471 1052 1575 1108; x_wconf 88' lang='lat' dir='ltr'><strong>tamen</strong></span> <span class='ocrx_word' id='word_1_40' title='bbox 1601 1043 1635 1108; x_wconf 95' lang='lat' dir='ltr'><strong>in</strong></span> 
     </span>
     <span class='ocr_line' id='line_1_7' title="bbox 313 1129 1635 1222; baseline -0.001 -20"><span class='ocrx_word' id='word_1_41' title='bbox 313 1140 354 1202; x_wconf 92' lang='grc' dir='ltr'><strong>Μ.</strong></span> <span class='ocrx_word' id='word_1_42' title='bbox 377 1137 492 1202; x_wconf 79' lang='lat' dir='ltr'><strong>Laenio</strong></span> <span class='ocrx_word' id='word_1_43' title='bbox 509 1133 757 1199; x_wconf 88' lang='lat' dir='ltr'><strong>commendando</strong></span> <span class='ocrx_word' id='word_1_44' title='bbox 773 1131 893 1198; x_wconf 89' lang='lat' dir='ltr'><strong>desunt.</strong></span> <span class='ocrx_word' id='word_1_45' title='bbox 937 1134 1044 1217; x_wconf 89' lang='lat' dir='ltr'><strong>ltaque</strong></span> <span class='ocrx_word' id='word_1_46' title='bbox 1062 1151 1129 1195; x_wconf 91' lang='lat' dir='ltr'><strong>rem</strong></span> <span class='ocrx_word' id='word_1_47' title='bbox 1146 1129 1202 1196; x_wconf 92' lang='lat' dir='ltr'><strong>tihi</strong></span> <span class='ocrx_word' id='word_1_48' title='bbox 1221 1152 1378 1219; x_wconf 79' lang='lat' dir='ltr'><strong>exponam</strong></span> <span class='ocrx_word' id='word_1_49' title='bbox 1396 1134 1503 1222; x_wconf 81' lang='lat' dir='ltr'><strong>paucis</strong></span> <span class='ocrx_word' id='word_1_50' title='bbox 1516 1136 1635 1212; x_wconf 82' lang='lat' dir='ltr'><strong>verbis,</strong></span> 
     </span>
     <span class='ocr_line' id='line_1_8' title="bbox 313 1219 1635 1315; baseline 0.002 -21"><span class='ocrx_word' id='word_1_51' title='bbox 313 1228 369 1294; x_wconf 92' lang='lat' dir='ltr'><strong>sed</strong></span> <span class='ocrx_word' id='word_1_52' title='bbox 394 1241 514 1305; x_wconf 90' lang='lat' dir='ltr'><strong>tamen,</strong></span> <span class='ocrx_word' id='word_1_53' title='bbox 543 1240 578 1295; x_wconf 93' lang='lat' dir='ltr'><strong>ut</strong></span> <span class='ocrx_word' id='word_1_54' title='bbox 609 1228 699 1315; x_wconf 90' lang='lat' dir='ltr'><strong>plane</strong></span> <span class='ocrx_word' id='word_1_55' title='bbox 729 1227 908 1313; x_wconf 84' lang='lat' dir='ltr'>perspicere</span> <span class='ocrx_word' id='word_1_56' title='bbox 939 1223 1040 1312; x_wconf 90' lang='lat' dir='ltr'><strong>possis</strong></span> <span class='ocrx_word' id='word_1_57' title='bbox 1070 1224 1261 1290; x_wconf 88' lang='lat' dir='ltr'><strong>voluntatem</strong></span> <span class='ocrx_word' id='word_1_58' title='bbox 1286 1248 1399 1294; x_wconf 88' lang='lat' dir='ltr'><strong>meam.</strong></span> <span class='ocrx_word' id='word_1_59' title='bbox 1433 1219 1635 1312; x_wconf 82' lang='lat' dir='ltr'><strong>(incredibile</strong></span> 
     </span>
     <span class='ocr_line' id='line_1_9' title="bbox 128 1313 1634 1430; baseline 0 -42"><span class='ocrx_word' id='word_1_60' title='bbox 128 1338 221 1430; x_wconf 32' lang='lat' dir='ltr'><strong>*sid</strong></span> <span class='ocrx_word' id='word_1_61' title='bbox 313 1333 376 1398; x_wconf 90' lang='lat' dir='ltr'><strong>est,</strong></span> <span class='ocrx_word' id='word_1_62' title='bbox 412 1323 520 1410; x_wconf 91' lang='lat' dir='ltr'><strong>quanti</strong></span> <span class='ocrx_word' id='word_1_63' title='bbox 548 1322 697 1387; x_wconf 88' lang='lat' dir='ltr'><strong>faciamus</strong></span> <span class='ocrx_word' id='word_1_64' title='bbox 720 1331 751 1386; x_wconf 87' lang='lat' dir='ltr'><strong>et</strong></span> <span class='ocrx_word' id='word_1_65' title='bbox 780 1341 840 1406; x_wconf 91' lang='lat' dir='ltr'><strong>ego</strong></span> <span class='ocrx_word' id='word_1_66' title='bbox 861 1329 893 1385; x_wconf 92' lang='lat' dir='ltr'><strong>et</strong></span> <span class='ocrx_word' id='word_1_67' title='bbox 923 1318 1021 1384; x_wconf 90' lang='lat' dir='ltr'><strong>frater</strong></span> <span class='ocrx_word' id='word_1_68' title='bbox 1041 1313 1163 1406; x_wconf 89' lang='lat' dir='ltr'><strong>meus,)</strong></span> <span class='ocrx_word' id='word_1_69' title='bbox 1187 1318 1241 1406; x_wconf 86' lang='lat' dir='ltr'><strong>qui</strong></span> <span class='ocrx_word' id='word_1_70' title='bbox 1264 1320 1341 1387; x_wconf 92' lang='lat' dir='ltr'><strong>mihi</strong></span> <span class='ocrx_word' id='word_1_71' title='bbox 1365 1322 1546 1390; x_wconf 88' lang='lat' dir='ltr'><strong>carissimus</strong></span> <span class='ocrx_word' id='word_1_72' title='bbox 1568 1335 1634 1398; x_wconf 91' lang='lat' dir='ltr'><strong>est,</strong></span> 
     </span>
    </p>
   </div>
   <div class='ocr_carea' id='block_1_5' title="bbox 276 1411 1636 2437">
    <p class='ocr_par' dir='ltr' id='par_1_5' title="bbox 292 1411 1634 1503">
     <span class='ocr_line' id='line_1_10' title="bbox 292 1411 1634 1503; baseline 0.001 -20"><span class='ocrx_word' id='word_1_73' title='bbox 292 1422 356 1490; x_wconf 79' lang='lat' dir='ltr'><strong>lM·</strong></span> <span class='ocrx_word' id='word_1_74' title='bbox 373 1417 544 1498; x_wconf 76' lang='lat' dir='ltr'><strong>Laenium.)</strong></span> <span class='ocrx_word' id='word_1_75' title='bbox 585 1415 620 1481; x_wconf 94' lang='lat' dir='ltr'><strong>ld</strong></span> <span class='ocrx_word' id='word_1_76' title='bbox 643 1413 677 1480; x_wconf 89' lang='lat' dir='ltr'><strong>lit</strong></span> <span class='ocrx_word' id='word_1_77' title='bbox 697 1437 768 1480; x_wconf 89' lang='lat' dir='ltr'><strong>cum</strong></span> <span class='ocrx_word' id='word_1_78' title='bbox 789 1411 932 1501; x_wconf 87' lang='lat' dir='ltr'><strong>plurimis</strong></span> <span class='ocrx_word' id='word_1_79' title='bbox 954 1417 1022 1478; x_wconf 89' lang='lat' dir='ltr'><strong>eius</strong></span> <span class='ocrx_word' id='word_1_80' title='bbox 1044 1411 1170 1487; x_wconf 87' lang='lat' dir='ltr'><strong>officiis,</strong></span> <span class='ocrx_word' id='word_1_81' title='bbox 1194 1422 1259 1478; x_wconf 92' lang='lat' dir='ltr'><strong>tum</strong></span> <span class='ocrx_word' id='word_1_82' title='bbox 1285 1436 1406 1482; x_wconf 90' lang='lat' dir='ltr'><strong>summa</strong></span> <span class='ocrx_word' id='word_1_83' title='bbox 1422 1417 1577 1503; x_wconf 75' lang='lat' dir='ltr'><strong>probitate</strong></span> <span class='ocrx_word' id='word_1_84' title='bbox 1602 1429 1634 1484; x_wconf 88' lang='lat' dir='ltr'><strong>et</strong></span> 
     </span>
    </p>

    <p class='ocr_par' dir='ltr' id='par_1_6' title="bbox 278 1505 1636 1972">
     <span class='ocr_line' id='line_1_11' title="bbox 278 1505 1635 1599; baseline 0.006 -30"><span class='ocrx_word' id='word_1_85' title='bbox 278 1510 464 1596; x_wconf 76' lang='lat' dir='ltr'><strong>sosingulari</strong></span> <span class='ocrx_word' id='word_1_86' title='bbox 489 1509 652 1575; x_wconf 92' lang='lat' dir='ltr'><strong>modestia.</strong></span> <span class='ocrx_word' id='word_1_87' title='bbox 700 1513 781 1575; x_wconf 89' lang='lat' dir='ltr'><strong>Eum</strong></span> <span class='ocrx_word' id='word_1_88' title='bbox 814 1527 873 1592; x_wconf 91' lang='lat' dir='ltr'><strong>ego</strong></span> <span class='ocrx_word' id='word_1_89' title='bbox 897 1529 917 1572; x_wconf 89' lang='lat' dir='ltr'><strong>a</strong></span> <span class='ocrx_word' id='word_1_90' title='bbox 944 1527 995 1572; x_wconf 90' lang='lat' dir='ltr'><strong>me</strong></span> <span class='ocrx_word' id='word_1_91' title='bbox 1018 1505 1220 1572; x_wconf 90' lang='lat' dir='ltr'><strong>invitissimus</strong></span> <span class='ocrx_word' id='word_1_92' title='bbox 1250 1507 1371 1586; x_wconf 84' lang='lat' dir='ltr'><strong>dimisi,</strong></span> <span class='ocrx_word' id='word_1_93' title='bbox 1407 1532 1478 1577; x_wconf 91' lang='lat' dir='ltr'><strong>cum</strong></span> <span class='ocrx_word' id='word_1_94' title='bbox 1503 1521 1635 1599; x_wconf 86' lang='lat' dir='ltr'><strong>propter</strong></span> 
     </span>
     <span class='ocr_line' id='line_1_12' title="bbox 313 1600 1634 1686; baseline 0.002 -18"><span class='ocrx_word' id='word_1_95' title='bbox 313 1604 554 1670; x_wconf 66' lang='lat' dir='ltr'><strong>familiaritatem</strong></span> <span class='ocrx_word' id='word_1_96' title='bbox 576 1612 608 1667; x_wconf 89' lang='lat' dir='ltr'><strong>et</strong></span> <span class='ocrx_word' id='word_1_97' title='bbox 628 1601 862 1668; x_wconf 88' lang='lat' dir='ltr'><strong>consuetudinis</strong></span> <span class='ocrx_word' id='word_1_98' title='bbox 883 1600 1081 1672; x_wconf 88' lang='lat' dir='ltr'><strong>suavitatem,</strong></span> <span class='ocrx_word' id='word_1_99' title='bbox 1104 1609 1170 1665; x_wconf 92' lang='lat' dir='ltr'><strong>tum</strong></span> <span class='ocrx_word' id='word_1_100' title='bbox 1192 1601 1277 1686; x_wconf 90' lang='lat' dir='ltr'><strong>quod</strong></span> <span class='ocrx_word' id='word_1_101' title='bbox 1307 1603 1529 1670; x_wconf 82' lang='lat' dir='ltr'><strong>consiliosius</strong></span> <span class='ocrx_word' id='word_1_102' title='bbox 1552 1604 1634 1671; x_wconf 89' lang='lat' dir='ltr'><strong>fideli</strong></span> 
     </span>
     <span class='ocr_line' id='line_1_13' title="bbox 312 1693 1634 1782; baseline 0.001 -19"><span class='ocrx_word' id='word_1_103' title='bbox 312 1719 348 1763; x_wconf 88' lang='lat' dir='ltr'><strong>ao</strong></span> <span class='ocrx_word' id='word_1_104' title='bbox 374 1697 459 1764; x_wconf 94' lang='lat' dir='ltr'><strong>bono</strong></span> <span class='ocrx_word' id='word_1_105' title='bbox 483 1697 628 1763; x_wconf 87' lang='lat' dir='ltr'><strong>lubenter</strong></span> <span class='ocrx_word' id='word_1_106' title='bbox 653 1695 773 1761; x_wconf 91' lang='lat' dir='ltr'><strong>utebar.</strong></span> <span class='ocrx_word' id='word_1_107' title='bbox 816 1699 847 1759; x_wconf 69' lang='lat'><strong>2.</strong></span> <span class='ocrx_word' id='word_1_108' title='bbox 870 1693 932 1759; x_wconf 87' lang='lat' dir='ltr'><strong>Sed</strong></span> <span class='ocrx_word' id='word_1_109' title='bbox 951 1715 1082 1768; x_wconf 82' lang='lat' dir='ltr'><strong>vercor,</strong></span> <span class='ocrx_word' id='word_1_110' title='bbox 1105 1714 1144 1762; x_wconf 89' lang='lat' dir='ltr'><strong>ne</strong></span> <span class='ocrx_word' id='word_1_111' title='bbox 1170 1693 1232 1759; x_wconf 92' lang='lat' dir='ltr'><strong>iam</strong></span> <span class='ocrx_word' id='word_1_112' title='bbox 1250 1716 1415 1782; x_wconf 86' lang='lat' dir='ltr'><strong>superesse</strong></span> <span class='ocrx_word' id='word_1_113' title='bbox 1437 1697 1514 1763; x_wconf 93' lang='lat' dir='ltr'><strong>mihi</strong></span> <span class='ocrx_word' id='word_1_114' title='bbox 1536 1698 1634 1764; x_wconf 85' lang='lat' dir='ltr'><strong>verba</strong></span> 
     </span>
     <span class='ocr_line' id='line_1_14' title="bbox 311 1785 1635 1879; baseline -0.001 -22"><span class='ocrx_word' id='word_1_115' title='bbox 311 1803 418 1879; x_wconf 90' lang='lat' dir='ltr'><strong>putes,</strong></span> <span class='ocrx_word' id='word_1_116' title='bbox 451 1812 533 1878; x_wconf 90' lang='lat' dir='ltr'><strong>quae</strong></span> <span class='ocrx_word' id='word_1_117' title='bbox 551 1790 693 1856; x_wconf 81' lang='lat' dir='ltr'><strong>dixeram</strong></span> <span class='ocrx_word' id='word_1_118' title='bbox 719 1789 874 1855; x_wconf 90' lang='lat' dir='ltr'><strong>defutura.</strong></span> <span class='ocrx_word' id='word_1_119' title='bbox 918 1785 1109 1854; x_wconf 88' lang='lat' dir='ltr'><strong>Commendo</strong></span> <span class='ocrx_word' id='word_1_120' title='bbox 1138 1787 1194 1854; x_wconf 93' lang='lat' dir='ltr'><strong>tibi</strong></span> <span class='ocrx_word' id='word_1_121' title='bbox 1219 1787 1396 1866; x_wconf 89' lang='lat' dir='ltr'><strong>hominem,</strong></span> <span class='ocrx_word' id='word_1_122' title='bbox 1419 1790 1499 1856; x_wconf 90' lang='lat' dir='ltr'><strong>sicut</strong></span> <span class='ocrx_word' id='word_1_123' title='bbox 1520 1791 1635 1856; x_wconf 89' lang='lat' dir='ltr'><strong>intelli-</strong></span> 
     </span>
     <span class='ocr_line' id='line_1_15' title="bbox 311 1875 1636 1972; baseline -0.001 -21"><span class='ocrx_word' id='word_1_124' title='bbox 311 1891 358 1972; x_wconf 93' lang='lat' dir='ltr'><strong>gis</strong></span> <span class='ocrx_word' id='word_1_125' title='bbox 381 1905 447 1957; x_wconf 89' lang='lat' dir='ltr'><strong>me,</strong></span> <span class='ocrx_word' id='word_1_126' title='bbox 470 1883 591 1971; x_wconf 89' lang='lat' dir='ltr'><strong>dequo</strong></span> <span class='ocrx_word' id='word_1_127' title='bbox 613 1905 650 1949; x_wconf 91' lang='lat' dir='ltr'><strong>ea</strong></span> <span class='ocrx_word' id='word_1_128' title='bbox 670 1905 765 1971; x_wconf 89' lang='lat' dir='ltr'><strong>supra</strong></span> <span class='ocrx_word' id='word_1_129' title='bbox 788 1880 984 1968; x_wconf 89' lang='lat' dir='ltr'><strong>scripserim,</strong></span> <span class='ocrx_word' id='word_1_130' title='bbox 1007 1881 1123 1946; x_wconf 88' lang='lat' dir='ltr'><strong>debere</strong></span> <span class='ocrx_word' id='word_1_131' title='bbox 1148 1875 1429 1962; x_wconf 61' lang='lat' dir='ltr'><strong>commendareaa</strong></span> <span class='ocrx_word' id='word_1_132' title='bbox 1457 1892 1550 1971; x_wconf 86' lang='lat' dir='ltr'><strong>teque</strong></span> <span class='ocrx_word' id='word_1_133' title='bbox 1580 1907 1636 1950; x_wconf 82' lang='lat' dir='ltr'><strong>ve-</strong></span> 
     </span>
    </p>

    <p class='ocr_par' dir='ltr' id='par_1_7' title="bbox 276 1974 1634 2437">
     <span class='ocr_line' id='line_1_16' title="bbox 276 1974 1634 2065; baseline 0.001 -25"><span class='ocrx_word' id='word_1_134' title='bbox 276 1979 473 2045; x_wconf 82' lang='lat' dir='ltr'><strong>sshementer</strong></span> <span class='ocrx_word' id='word_1_135' title='bbox 505 1979 599 2044; x_wconf 90' lang='lat' dir='ltr'><strong>etiam</strong></span> <span class='ocrx_word' id='word_1_136' title='bbox 636 1989 729 2065; x_wconf 90' lang='lat' dir='ltr'><strong>atque</strong></span> <span class='ocrx_word' id='word_1_137' title='bbox 760 1977 854 2042; x_wconf 89' lang='lat' dir='ltr'><strong>etiam</strong></span> <span class='ocrx_word' id='word_1_138' title='bbox 878 1985 971 2063; x_wconf 89' lang='lat' dir='ltr'><strong>peto,</strong></span> <span class='ocrx_word' id='word_1_139' title='bbox 1007 1986 1057 2050; x_wconf 92' lang='lat' dir='ltr'><strong>ut,</strong></span> <span class='ocrx_word' id='word_1_140' title='bbox 1090 1974 1176 2064; x_wconf 80' lang='lat' dir='ltr'><strong>quod</strong></span> <span class='ocrx_word' id='word_1_141' title='bbox 1203 1975 1297 2042; x_wconf 88' lang='lat' dir='ltr'><strong>habet</strong></span> <span class='ocrx_word' id='word_1_142' title='bbox 1318 1977 1351 2043; x_wconf 94' lang='lat' dir='ltr'><strong>in</strong></span> <span class='ocrx_word' id='word_1_143' title='bbox 1382 1986 1435 2044; x_wconf 89' lang='lat' dir='ltr'><strong>tua</strong></span> <span class='ocrx_word' id='word_1_144' title='bbox 1471 1979 1634 2065; x_wconf 80' lang='lat' dir='ltr'><strong>provincia</strong></span> 
     </span>
     <span class='ocr_line' id='line_1_17' title="bbox 313 2068 1634 2159; baseline 0.001 -22"><span class='ocrx_word' id='word_1_145' title='bbox 313 2073 445 2158; x_wconf 91' lang='lat' dir='ltr'><strong>negotii,</strong></span> <span class='ocrx_word' id='word_1_146' title='bbox 469 2072 633 2159; x_wconf 79' lang='lat' dir='ltr'><strong>expedias3</strong></span> <span class='ocrx_word' id='word_1_147' title='bbox 656 2072 741 2159; x_wconf 88' lang='lat' dir='ltr'><strong>quod</strong></span> <span class='ocrx_word' id='word_1_148' title='bbox 760 2071 816 2136; x_wconf 86' lang='lat' dir='ltr'><strong>tibi</strong></span> <span class='ocrx_word' id='word_1_149' title='bbox 835 2068 992 2135; x_wconf 89' lang='lat' dir='ltr'><strong>videbitur</strong></span> <span class='ocrx_word' id='word_1_150' title='bbox 1005 2079 1125 2135; x_wconf 89' lang='lat' dir='ltr'><strong>rectum</strong></span> <span class='ocrx_word' id='word_1_151' title='bbox 1146 2091 1231 2145; x_wconf 87' lang='lat' dir='ltr'><strong>esse,</strong></span> <span class='ocrx_word' id='word_1_152' title='bbox 1253 2070 1314 2156; x_wconf 93' lang='lat' dir='ltr'><strong>ipsi</strong></span> <span class='ocrx_word' id='word_1_153' title='bbox 1329 2070 1424 2138; x_wconf 89' lang='lat' dir='ltr'><strong>dieas.</strong></span> <span class='ocrx_word' id='word_1_154' title='bbox 1465 2071 1634 2138; x_wconf 85' lang='lat' dir='ltr'><strong>Hominem</strong></span> 
     </span>
     <span class='ocr_line' id='line_1_18' title="bbox 312 2164 1633 2252; baseline -0.001 -21"><span class='ocrx_word' id='word_1_155' title='bbox 312 2167 493 2233; x_wconf 90' lang='lat' dir='ltr'><strong>facillimum</strong></span> <span class='ocrx_word' id='word_1_156' title='bbox 522 2164 838 2252; x_wconf 85' lang='lat' dir='ltr'><strong>liberalissimumque</strong></span> <span class='ocrx_word' id='word_1_157' title='bbox 870 2184 1049 2249; x_wconf 78' lang='lat' dir='ltr'><strong>cognosces.</strong></span> <span class='ocrx_word' id='word_1_158' title='bbox 1092 2166 1200 2249; x_wconf 86' lang='lat' dir='ltr'><strong>ltaque</strong></span> <span class='ocrx_word' id='word_1_159' title='bbox 1223 2172 1253 2229; x_wconf 92' lang='lat' dir='ltr'><strong>te</strong></span> <span class='ocrx_word' id='word_1_160' title='bbox 1275 2184 1376 2250; x_wconf 91' lang='lat' dir='ltr'><strong>rogo,</strong></span> <span class='ocrx_word' id='word_1_161' title='bbox 1397 2173 1432 2230; x_wconf 90' lang='lat' dir='ltr'><strong>ut</strong></span> <span class='ocrx_word' id='word_1_162' title='bbox 1453 2185 1524 2230; x_wconf 91' lang='lat' dir='ltr'><strong>eum</strong></span> <span class='ocrx_word' id='word_1_163' title='bbox 1549 2165 1633 2231; x_wconf 89' lang='lat' dir='ltr'><strong>solu-</strong></span> 
     </span>
     <span class='ocr_line' id='line_1_19' title="bbox 313 2256 1633 2344; baseline 0.002 -21"><span class='ocrx_word' id='word_1_164' title='bbox 313 2269 393 2333; x_wconf 87' lang='lat' dir='ltr'><strong>tum,</strong></span> <span class='ocrx_word' id='word_1_165' title='bbox 426 2258 581 2333; x_wconf 92' lang='lat' dir='ltr'><strong>liberum,</strong></span> <span class='ocrx_word' id='word_1_166' title='bbox 618 2257 768 2324; x_wconf 90' lang='lat' dir='ltr'><strong>conlectis</strong></span> <span class='ocrx_word' id='word_1_167' title='bbox 797 2257 865 2322; x_wconf 89' lang='lat' dir='ltr'><strong>eius</strong></span> <span class='ocrx_word' id='word_1_168' title='bbox 895 2256 1030 2342; x_wconf 89' lang='lat' dir='ltr'><strong>negotiis</strong></span> <span class='ocrx_word' id='word_1_169' title='bbox 1060 2276 1119 2342; x_wconf 91' lang='lat' dir='ltr'><strong>per</strong></span> <span class='ocrx_word' id='word_1_170' title='bbox 1144 2265 1193 2332; x_wconf 91' lang='lat' dir='ltr'><strong>te,</strong></span> <span class='ocrx_word' id='word_1_171' title='bbox 1226 2279 1320 2344; x_wconf 88' lang='lat' dir='ltr'><strong>quam</strong></span> <span class='ocrx_word' id='word_1_172' title='bbox 1352 2258 1489 2344; x_wconf 87' lang='lat' dir='ltr'><strong>primurn</strong></span> <span class='ocrx_word' id='word_1_173' title='bbox 1516 2259 1633 2325; x_wconf 89' lang='lat' dir='ltr'><strong>adme</strong></span> 
     </span>
     <span class='ocr_line' id='line_1_20' title="bbox 312 2349 1284 2437; baseline -0.001 -21"><span class='ocrx_word' id='word_1_174' title='bbox 312 2351 461 2416; x_wconf 82' lang='lat' dir='ltr'><strong>remittas.</strong></span> <span class='ocrx_word' id='word_1_175' title='bbox 505 2352 540 2417; x_wconf 92' lang='lat' dir='ltr'><strong>ld</strong></span> <span class='ocrx_word' id='word_1_176' title='bbox 560 2351 637 2418; x_wconf 92' lang='lat' dir='ltr'><strong>mihi</strong></span> <span class='ocrx_word' id='word_1_177' title='bbox 658 2351 812 2437; x_wconf 83' lang='lat' dir='ltr'><strong>fratrique</strong></span> <span class='ocrx_word' id='word_1_178' title='bbox 834 2369 906 2414; x_wconf 90' lang='lat' dir='ltr'><strong>meo</strong></span> <span class='ocrx_word' id='word_1_179' title='bbox 928 2349 1138 2435; x_wconf 89' lang='lat' dir='ltr'><strong>gratissimum</strong></span> <span class='ocrx_word' id='word_1_180' title='bbox 1161 2349 1284 2416; x_wconf 87' lang='lat' dir='ltr'><strong>feceris.</strong></span> 
     </span>
    </p>
   </div>
   <div class='ocr_carea' id='block_1_6' title="bbox 275 2516 1183 2602">
    <p class='ocr_par' dir='ltr' id='par_1_8' title="bbox 275 2516 1183 2602">
     <span class='ocr_line' id='line_1_21' title="bbox 275 2516 1183 2602; baseline 0 -20"><span class='ocrx_word' id='word_1_181' title='bbox 275 2555 304 2596; x_wconf 68' lang='lat'><strong>,0</strong></span> <span class='ocrx_word' id='word_1_182' title='bbox 764 2520 871 2583; x_wconf 71' lang='lat' dir='ltr'><strong>tarn</strong></span> <span class='ocrx_word' id='word_1_183' title='bbox 914 2518 1021 2602; x_wconf 75' lang='lat' dir='ltr'><strong>(nu</strong></span> <span class='ocrx_word' id='word_1_184' title='bbox 1044 2519 1075 2582; x_wconf 83' lang='lat' dir='ltr'><strong>c.</strong></span> <span class='ocrx_word' id='word_1_185' title='bbox 1098 2516 1183 2602; x_wconf 66' lang='lat' dir='ltr'><strong>roa)</strong></span> 
     </span>
    </p>
   </div>
   <div class='ocr_carea' id='block_1_7' title="bbox 642 2640 1304 2706">
    <p class='ocr_par' dir='ltr' id='par_1_9' title="bbox 642 2640 1304 2706">
     <span class='ocr_line' id='line_1_22' title="bbox 642 2640 1304 2706; baseline 0.002 -1"><span class='ocrx_word' id='word_1_186' title='bbox 642 2642 684 2705; x_wconf 98' lang='grc' dir='ltr'><strong>Μ.</strong></span> <span class='ocrx_word' id='word_1_187' title='bbox 706 2640 848 2705; x_wconf 81' lang='lat' dir='ltr'>CICERO</span> <span class='ocrx_word' id='word_1_188' title='bbox 871 2641 902 2704; x_wconf 89' lang='lat' dir='ltr'><strong>S.</strong></span> <span class='ocrx_word' id='word_1_189' title='bbox 924 2643 962 2704; x_wconf 89' lang='lat' dir='ltr'><strong>D.</strong></span> <span class='ocrx_word' id='word_1_190' title='bbox 983 2642 1017 2703; x_wconf 89' lang='lat' dir='ltr'><strong>P.</strong></span> <span class='ocrx_word' id='word_1_191' title='bbox 1040 2640 1144 2703; x_wconf 85' lang='lat' dir='ltr'><strong>sttttt</strong></span> <span class='ocrx_word' id='word_1_192' title='bbox 1166 2641 1304 2706; x_wconf 81' lang='lat' dir='ltr'><strong>PROPR.</strong></span> 
     </span>
    </p>
   </div>
   <div class='ocr_carea' id='block_1_8' title="bbox 173 2748 1633 4619">
    <p class='ocr_par' dir='ltr' id='par_1_10' title="bbox 313 2748 1633 3024">
     <span class='ocr_line' id='line_1_23' title="bbox 399 2748 1633 2840; baseline 0.003 -21"><span class='ocrx_word' id='word_1_193' title='bbox 399 2758 428 2819; x_wconf 93' lang='lat' dir='ltr'><strong>t.</strong></span> <span class='ocrx_word' id='word_1_194' title='bbox 449 2758 532 2818; x_wconf 87' lang='lat' dir='ltr'><strong>Nero</strong></span> <span class='ocrx_word' id='word_1_195' title='bbox 560 2771 649 2817; x_wconf 90' lang='lat' dir='ltr'><strong>mens</strong></span> <span class='ocrx_word' id='word_1_196' title='bbox 670 2750 817 2816; x_wconf 87' lang='lat' dir='ltr'><strong>mirificas</strong></span> <span class='ocrx_word' id='word_1_197' title='bbox 839 2749 921 2836; x_wconf 91' lang='lat' dir='ltr'><strong>apud</strong></span> <span class='ocrx_word' id='word_1_198' title='bbox 945 2771 996 2815; x_wconf 91' lang='lat' dir='ltr'><strong>me</strong></span> <span class='ocrx_word' id='word_1_199' title='bbox 1018 2748 1075 2815; x_wconf 93' lang='lat' dir='ltr'><strong>tibi</strong></span> <span class='ocrx_word' id='word_1_200' title='bbox 1097 2751 1211 2835; x_wconf 73' lang='lat' dir='ltr'><strong>gratim</strong></span> <span class='ocrx_word' id='word_1_201' title='bbox 1235 2752 1318 2836; x_wconf 88' lang='lat' dir='ltr'><strong>egit,</strong></span> <span class='ocrx_word' id='word_1_202' title='bbox 1346 2774 1477 2840; x_wconf 90' lang='lat' dir='ltr'><strong>prorsus</strong></span> <span class='ocrx_word' id='word_1_203' title='bbox 1498 2756 1633 2823; x_wconf 90' lang='lat' dir='ltr'><strong>incredi-</strong></span> 
     </span>
     <span class='ocr_line' id='line_1_24' title="bbox 313 2843 1633 2938; baseline 0.002 -24"><span class='ocrx_word' id='word_1_204' title='bbox 313 2847 412 2922; x_wconf 89' lang='lat' dir='ltr'><strong>biles,</strong></span> <span class='ocrx_word' id='word_1_205' title='bbox 448 2854 484 2912; x_wconf 90' lang='lat' dir='ltr'><strong>ut</strong></span> <span class='ocrx_word' id='word_1_206' title='bbox 505 2845 626 2910; x_wconf 90' lang='lat' dir='ltr'><strong>nullum</strong></span> <span class='ocrx_word' id='word_1_207' title='bbox 652 2845 807 2910; x_wconf 90' lang='lat' dir='ltr'><strong>honorem</strong></span> <span class='ocrx_word' id='word_1_208' title='bbox 835 2843 896 2910; x_wconf 90' lang='lat' dir='ltr'><strong>sibi</strong></span> <span class='ocrx_word' id='word_1_209' title='bbox 920 2843 1029 2910; x_wconf 90' lang='lat' dir='ltr'><strong>haberi</strong></span> <span class='ocrx_word' id='word_1_210' title='bbox 1054 2845 1194 2930; x_wconf 91' lang='lat' dir='ltr'><strong>potuisse</strong></span> <span class='ocrx_word' id='word_1_211' title='bbox 1221 2843 1351 2922; x_wconf 88' lang='lat' dir='ltr'><strong>diceret,</strong></span> <span class='ocrx_word' id='word_1_212' title='bbox 1380 2849 1433 2936; x_wconf 89' lang='lat' dir='ltr'><strong>qui</strong></span> <span class='ocrx_word' id='word_1_213' title='bbox 1452 2872 1470 2914; x_wconf 92' lang='lat' dir='ltr'><strong>a</strong></span> <span class='ocrx_word' id='word_1_214' title='bbox 1492 2861 1522 2916; x_wconf 91' lang='lat' dir='ltr'><strong>te</strong></span> <span class='ocrx_word' id='word_1_215' title='bbox 1540 2872 1633 2938; x_wconf 91' lang='lat' dir='ltr'><strong>prae-</strong></span> 
     </span>
     <span class='ocr_line' id='line_1_25' title="bbox 313 2937 1632 3024; baseline 0.002 -16"><span class='ocrx_word' id='word_1_216' title='bbox 313 2940 476 3008; x_wconf 90' lang='lat' dir='ltr'><strong>termissus</strong></span> <span class='ocrx_word' id='word_1_217' title='bbox 509 2949 601 3004; x_wconf 90' lang='lat' dir='ltr'><strong>esset.</strong></span> <span class='ocrx_word' id='word_1_218' title='bbox 657 2943 803 3023; x_wconf 83' lang='lat' dir='ltr'><strong>Magnum</strong></span> <span class='ocrx_word' id='word_1_219' title='bbox 825 2937 961 3004; x_wconf 89' lang='lat' dir='ltr'><strong>fructum</strong></span> <span class='ocrx_word' id='word_1_220' title='bbox 985 2958 1025 3002; x_wconf 84' lang='lat' dir='ltr'><strong>ex</strong></span> <span class='ocrx_word' id='word_1_221' title='bbox 1050 2937 1121 3023; x_wconf 90' lang='lat' dir='ltr'><strong>ipso</strong></span> <span class='ocrx_word' id='word_1_222' title='bbox 1144 2937 1264 3024; x_wconf 86' lang='lat' dir='ltr'><strong>capies;</strong></span> <span class='ocrx_word' id='word_1_223' title='bbox 1300 2940 1377 3006; x_wconf 91' lang='lat' dir='ltr'><strong>nihil</strong></span> <span class='ocrx_word' id='word_1_224' title='bbox 1402 2955 1449 3010; x_wconf 92' lang='lat' dir='ltr'><strong>est</strong></span> <span class='ocrx_word' id='word_1_225' title='bbox 1471 2945 1553 3010; x_wconf 91' lang='lat' dir='ltr'><strong>enim</strong></span> <span class='ocrx_word' id='word_1_226' title='bbox 1576 2945 1632 3011; x_wconf 93' lang='lat' dir='ltr'><strong>illo</strong></span> 
     </span>
    </p>

    <p class='ocr_par' dir='ltr' id='par_1_11' title="bbox 173 3031 1633 3495">
     <span class='ocr_line' id='line_1_26' title="bbox 173 3031 1631 3119; baseline -0.001 -14"><span class='ocrx_word' id='word_1_227' title='bbox 173 3033 177 3046; x_wconf 83' lang='lat'>&#39;</span> <span class='ocrx_word' id='word_1_228' title='bbox 276 3035 507 3104; x_wconf 82' lang='lat' dir='ltr'><strong>ssadolescente</strong></span> <span class='ocrx_word' id='word_1_229' title='bbox 532 3033 661 3118; x_wconf 77' lang='lat' dir='ltr'><strong>gratiam.</strong></span> <span class='ocrx_word' id='word_1_230' title='bbox 719 3032 781 3098; x_wconf 90' lang='lat' dir='ltr'><strong>Sed</strong></span> <span class='ocrx_word' id='word_1_231' title='bbox 817 3031 995 3097; x_wconf 87' lang='lat' dir='ltr'><strong>mehercule</strong></span> <span class='ocrx_word' id='word_1_232' title='bbox 1021 3031 1099 3096; x_wconf 91' lang='lat' dir='ltr'><strong>mihi</strong></span> <span class='ocrx_word' id='word_1_233' title='bbox 1122 3052 1248 3119; x_wconf 90' lang='lat' dir='ltr'><strong>quoque</strong></span> <span class='ocrx_word' id='word_1_234' title='bbox 1278 3035 1488 3119; x_wconf 87' lang='lat' dir='ltr'><strong>gratissimum</strong></span> <span class='ocrx_word' id='word_1_235' title='bbox 1513 3037 1631 3116; x_wconf 89' lang='lat' dir='ltr'><strong>fecisti;</strong></span> 
     </span>
     <span class='ocr_line' id='line_1_27' title="bbox 312 3123 1631 3216; baseline 0.002 -22"><span class='ocrx_word' id='word_1_236' title='bbox 312 3129 411 3216; x_wconf 88' lang='lat' dir='ltr'><strong>pluris</strong></span> <span class='ocrx_word' id='word_1_237' title='bbox 437 3127 520 3192; x_wconf 86' lang='lat' dir='ltr'><strong>enirn</strong></span> <span class='ocrx_word' id='word_1_238' title='bbox 546 3125 698 3192; x_wconf 84' lang='lat' dir='ltr'><strong>exomni</strong></span> <span class='ocrx_word' id='word_1_239' title='bbox 727 3125 889 3192; x_wconf 90' lang='lat' dir='ltr'><strong>nobilitate</strong></span> <span class='ocrx_word' id='word_1_240' title='bbox 915 3124 1071 3190; x_wconf 91' lang='lat' dir='ltr'><strong>nemiuem</strong></span> <span class='ocrx_word' id='word_1_241' title='bbox 1099 3123 1191 3191; x_wconf 88' lang='lat' dir='ltr'><strong>facio.</strong></span> <span class='ocrx_word' id='word_1_242' title='bbox 1234 3130 1360 3214; x_wconf 89' lang='lat' dir='ltr'><strong>ltaque,</strong></span> <span class='ocrx_word' id='word_1_243' title='bbox 1383 3131 1411 3195; x_wconf 92' lang='lat' dir='ltr'><strong>si</strong></span> <span class='ocrx_word' id='word_1_244' title='bbox 1437 3151 1475 3196; x_wconf 98' lang='lat' dir='ltr'><strong>ea</strong></span> <span class='ocrx_word' id='word_1_245' title='bbox 1497 3132 1631 3207; x_wconf 87' lang='lat' dir='ltr'><strong>feceris,</strong></span> 
     </span>
     <span class='ocr_line' id='line_1_28' title="bbox 312 3217 1631 3308; baseline 0.005 -22"><span class='ocrx_word' id='word_1_246' title='bbox 312 3243 392 3308; x_wconf 92' lang='lat' dir='ltr'><strong>quae</strong></span> <span class='ocrx_word' id='word_1_247' title='bbox 411 3220 463 3286; x_wconf 89' lang='lat' dir='ltr'><strong>ille</strong></span> <span class='ocrx_word' id='word_1_248' title='bbox 485 3241 542 3307; x_wconf 91' lang='lat' dir='ltr'><strong>per</strong></span> <span class='ocrx_word' id='word_1_249' title='bbox 565 3240 616 3284; x_wconf 89' lang='lat' dir='ltr'><strong>me</strong></span> <span class='ocrx_word' id='word_1_250' title='bbox 647 3227 751 3284; x_wconf 88' lang='lat' dir='ltr'><strong>tecum</strong></span> <span class='ocrx_word' id='word_1_251' title='bbox 775 3219 826 3303; x_wconf 89' lang='lat' dir='ltr'><strong>agi</strong></span> <span class='ocrx_word' id='word_1_252' title='bbox 848 3218 962 3293; x_wconf 82' lang='lat' dir='ltr'><strong>voluit,</strong></span> <span class='ocrx_word' id='word_1_253' title='bbox 991 3217 1202 3303; x_wconf 89' lang='lat' dir='ltr'><strong>gratissimum</strong></span> <span class='ocrx_word' id='word_1_254' title='bbox 1225 3221 1300 3286; x_wconf 93' lang='lat' dir='ltr'><strong>mihi</strong></span> <span class='ocrx_word' id='word_1_255' title='bbox 1326 3222 1449 3291; x_wconf 89' lang='lat' dir='ltr'><strong>feceris.</strong></span> <span class='ocrx_word' id='word_1_256' title='bbox 1490 3224 1631 3292; x_wconf 87' lang='lat' dir='ltr'><strong>Primum</strong></span> 
     </span>
     <span class='ocr_line' id='line_1_29' title="bbox 312 3310 1633 3388; baseline 0.002 -8"><span class='ocrx_word' id='word_1_257' title='bbox 312 3314 352 3380; x_wconf 90' lang='lat' dir='ltr'><strong>de</strong></span> <span class='ocrx_word' id='word_1_258' title='bbox 373 3314 523 3380; x_wconf 86' lang='lat' dir='ltr'><strong>Pausania</strong></span> <span class='ocrx_word' id='word_1_259' title='bbox 547 3311 769 3388; x_wconf 81' lang='lat' dir='ltr'><strong>Alabandensi,</strong></span> <span class='ocrx_word' id='word_1_260' title='bbox 807 3321 960 3378; x_wconf 88' lang='lat' dir='ltr'><strong>sustentes</strong></span> <span class='ocrx_word' id='word_1_261' title='bbox 981 3332 1066 3386; x_wconf 89' lang='lat' dir='ltr'><strong>rem,</strong></span> <span class='ocrx_word' id='word_1_262' title='bbox 1097 3310 1172 3376; x_wconf 90' lang='lat' dir='ltr'><strong>dum</strong></span> <span class='ocrx_word' id='word_1_263' title='bbox 1195 3317 1278 3380; x_wconf 90' lang='lat' dir='ltr'><strong>Nero</strong></span> <span class='ocrx_word' id='word_1_264' title='bbox 1303 3317 1416 3382; x_wconf 85' lang='lat' dir='ltr'><strong>veniat.</strong></span> <span class='ocrx_word' id='word_1_265' title='bbox 1459 3318 1633 3385; x_wconf 89' lang='lat' dir='ltr'><strong>Vehemen-</strong></span> 
     </span>
     <span class='ocr_line' id='line_1_30' title="bbox 312 3403 1631 3495; baseline 0.002 -22"><span class='ocrx_word' id='word_1_266' title='bbox 312 3408 450 3474; x_wconf 88' lang='lat' dir='ltr'><strong>tercius</strong></span> <span class='ocrx_word' id='word_1_267' title='bbox 472 3428 565 3473; x_wconf 88' lang='lat' dir='ltr'><strong>causa</strong></span> <span class='ocrx_word' id='word_1_268' title='bbox 588 3427 704 3492; x_wconf 87' lang='lat' dir='ltr'><strong>cupere</strong></span> <span class='ocrx_word' id='word_1_269' title='bbox 728 3427 801 3471; x_wconf 91' lang='lat' dir='ltr'><strong>eum</strong></span> <span class='ocrx_word' id='word_1_270' title='bbox 826 3404 987 3483; x_wconf 80' lang='lat' dir='ltr'><strong>intellexi3</strong></span> <span class='ocrx_word' id='word_1_271' title='bbox 1008 3404 1114 3491; x_wconf 89' lang='lat' dir='ltr'><strong>itaque</strong></span> <span class='ocrx_word' id='word_1_272' title='bbox 1133 3403 1193 3470; x_wconf 89' lang='lat' dir='ltr'><strong>hoc</strong></span> <span class='ocrx_word' id='word_1_273' title='bbox 1214 3407 1304 3472; x_wconf 78' lang='lat' dir='ltr'><strong>valde</strong></span> <span class='ocrx_word' id='word_1_274' title='bbox 1323 3418 1353 3475; x_wconf 88' lang='lat' dir='ltr'><strong>te</strong></span> <span class='ocrx_word' id='word_1_275' title='bbox 1376 3430 1468 3495; x_wconf 90' lang='lat' dir='ltr'><strong>rogo.</strong></span> <span class='ocrx_word' id='word_1_276' title='bbox 1510 3410 1631 3476; x_wconf 89' lang='lat' dir='ltr'><strong>Deinde</strong></span> 
     </span>
    </p>

    <p class='ocr_par' dir='ltr' id='par_1_12' title="bbox 275 3497 1633 4148">
     <span class='ocr_line' id='line_1_31' title="bbox 275 3497 1633 3591; baseline -0.001 -20"><span class='ocrx_word' id='word_1_277' title='bbox 275 3535 302 3572; x_wconf 80' lang='lat' dir='ltr'><strong>aa</strong></span> <span class='ocrx_word' id='word_1_278' title='bbox 311 3508 463 3591; x_wconf 77' lang='lat' dir='ltr'><strong>Nysaeos,</strong></span> <span class='ocrx_word' id='word_1_279' title='bbox 500 3521 579 3587; x_wconf 90' lang='lat' dir='ltr'><strong>quos</strong></span> <span class='ocrx_word' id='word_1_280' title='bbox 604 3505 688 3566; x_wconf 88' lang='lat' dir='ltr'><strong>Nero</strong></span> <span class='ocrx_word' id='word_1_281' title='bbox 713 3501 746 3564; x_wconf 96' lang='lat' dir='ltr'><strong>in</strong></span> <span class='ocrx_word' id='word_1_282' title='bbox 771 3499 881 3585; x_wconf 90' lang='lat' dir='ltr'><strong>primis</strong></span> <span class='ocrx_word' id='word_1_283' title='bbox 905 3497 1000 3563; x_wconf 91' lang='lat' dir='ltr'><strong>habet</strong></span> <span class='ocrx_word' id='word_1_284' title='bbox 1029 3498 1222 3563; x_wconf 86' lang='lat' dir='ltr'><strong>necessarios</strong></span> <span class='ocrx_word' id='word_1_285' title='bbox 1244 3499 1543 3590; x_wconf 82' lang='lat' dir='ltr'><strong>diligentissimeque</strong></span> <span class='ocrx_word' id='word_1_286' title='bbox 1564 3514 1633 3569; x_wconf 87' lang='lat' dir='ltr'><strong>tue·</strong></span> 
     </span>
     <span class='ocr_line' id='line_1_32' title="bbox 314 3590 1631 3681; baseline 0.001 -22"><span class='ocrx_word' id='word_1_287' title='bbox 314 3604 420 3661; x_wconf 88' lang='lat' dir='ltr'><strong>turae</strong></span> <span class='ocrx_word' id='word_1_288' title='bbox 444 3593 598 3670; x_wconf 86' lang='lat' dir='ltr'><strong>defendit,</strong></span> <span class='ocrx_word' id='word_1_289' title='bbox 634 3592 750 3658; x_wconf 90' lang='lat' dir='ltr'><strong>habeas</strong></span> <span class='ocrx_word' id='word_1_290' title='bbox 775 3591 833 3657; x_wconf 90' lang='lat' dir='ltr'><strong>tibi</strong></span> <span class='ocrx_word' id='word_1_291' title='bbox 855 3590 1191 3667; x_wconf 84' lang='lat' dir='ltr'><strong>commendatissimas,</strong></span> <span class='ocrx_word' id='word_1_292' title='bbox 1223 3603 1259 3660; x_wconf 86' lang='lat' dir='ltr'><strong>ut</strong></span> <span class='ocrx_word' id='word_1_293' title='bbox 1278 3595 1428 3681; x_wconf 90' lang='lat' dir='ltr'><strong>intelligat</strong></span> <span class='ocrx_word' id='word_1_294' title='bbox 1447 3595 1500 3661; x_wconf 91' lang='lat' dir='ltr'><strong>illa</strong></span> <span class='ocrx_word' id='word_1_295' title='bbox 1521 3595 1631 3661; x_wconf 85' lang='lat' dir='ltr'><strong>civitas</strong></span> 
     </span>
     <span class='ocr_line' id='line_1_33' title="bbox 312 3684 1631 3774; baseline 0 -20"><span class='ocrx_word' id='word_1_296' title='bbox 312 3688 373 3754; x_wconf 93' lang='lat' dir='ltr'><strong>sibi</strong></span> <span class='ocrx_word' id='word_1_297' title='bbox 395 3688 427 3754; x_wconf 92' lang='lat' dir='ltr'><strong>in</strong></span> <span class='ocrx_word' id='word_1_298' title='bbox 451 3688 584 3753; x_wconf 90' lang='lat' dir='ltr'><strong>Neronis</strong></span> <span class='ocrx_word' id='word_1_299' title='bbox 609 3687 784 3774; x_wconf 88' lang='lat' dir='ltr'><strong>patrocinio</strong></span> <span class='ocrx_word' id='word_1_300' title='bbox 814 3707 970 3752; x_wconf 89' lang='lat' dir='ltr'><strong>summum</strong></span> <span class='ocrx_word' id='word_1_301' title='bbox 1001 3705 1070 3748; x_wconf 91' lang='lat' dir='ltr'><strong>esse</strong></span> <span class='ocrx_word' id='word_1_302' title='bbox 1102 3684 1303 3771; x_wconf 89' lang='lat' dir='ltr'><strong>praesidium.</strong></span> <span class='ocrx_word' id='word_1_303' title='bbox 1347 3688 1532 3754; x_wconf 87' lang='lat' dir='ltr'><strong>Strabonem</strong></span> <span class='ocrx_word' id='word_1_304' title='bbox 1559 3693 1631 3754; x_wconf 91' lang='lat' dir='ltr'><strong>Ser·</strong></span> 
     </span>
     <span class='ocr_line' id='line_1_34' title="bbox 311 3777 1631 3869; baseline 0.001 -22"><span class='ocrx_word' id='word_1_305' title='bbox 311 3783 422 3848; x_wconf 84' lang='lat' dir='ltr'><strong>vilium</strong></span> <span class='ocrx_word' id='word_1_306' title='bbox 449 3781 507 3848; x_wconf 90' lang='lat' dir='ltr'><strong>tibi</strong></span> <span class='ocrx_word' id='word_1_307' title='bbox 535 3803 628 3868; x_wconf 91' lang='lat' dir='ltr'><strong>saepe</strong></span> <span class='ocrx_word' id='word_1_308' title='bbox 652 3779 888 3857; x_wconf 88' lang='lat' dir='ltr'><strong>commendavi;</strong></span> <span class='ocrx_word' id='word_1_309' title='bbox 923 3799 1006 3843; x_wconf 91' lang='lat' dir='ltr'><strong>nunc</strong></span> <span class='ocrx_word' id='word_1_310' title='bbox 1028 3798 1067 3842; x_wconf 91' lang='lat' dir='ltr'><strong>eo</strong></span> <span class='ocrx_word' id='word_1_311' title='bbox 1087 3777 1169 3842; x_wconf 89' lang='lat' dir='ltr'><strong>facio</strong></span> <span class='ocrx_word' id='word_1_312' title='bbox 1190 3778 1223 3844; x_wconf 92' lang='lat' dir='ltr'><strong>id</strong></span> <span class='ocrx_word' id='word_1_313' title='bbox 1245 3779 1433 3867; x_wconf 92' lang='lat' dir='ltr'><strong>impensius,</strong></span> <span class='ocrx_word' id='word_1_314' title='bbox 1455 3782 1541 3869; x_wconf 92' lang='lat' dir='ltr'><strong>quod</strong></span> <span class='ocrx_word' id='word_1_315' title='bbox 1562 3783 1631 3848; x_wconf 90' lang='lat' dir='ltr'><strong>eius</strong></span> 
     </span>
     <span class='ocr_line' id='line_1_35' title="bbox 312 3870 1631 3960; baseline -0.001 -20"><span class='ocrx_word' id='word_1_316' title='bbox 312 3896 436 3941; x_wconf 89' lang='lat' dir='ltr'><strong>causam</strong></span> <span class='ocrx_word' id='word_1_317' title='bbox 465 3880 549 3940; x_wconf 88' lang='lat' dir='ltr'><strong>Nero</strong></span> <span class='ocrx_word' id='word_1_318' title='bbox 577 3875 722 3960; x_wconf 86' lang='lat' dir='ltr'><strong>suscepit.</strong></span> <span class='ocrx_word' id='word_1_319' title='bbox 775 3877 906 3939; x_wconf 87' lang='lat' dir='ltr'><strong>Tantum</strong></span> <span class='ocrx_word' id='word_1_320' title='bbox 934 3893 951 3936; x_wconf 90' lang='lat' dir='ltr'><strong>a</strong></span> <span class='ocrx_word' id='word_1_321' title='bbox 975 3879 1004 3936; x_wconf 86' lang='lat' dir='ltr'><strong>te</strong></span> <span class='ocrx_word' id='word_1_322' title='bbox 1036 3870 1190 3956; x_wconf 90' lang='lat' dir='ltr'><strong>petimus,</strong></span> <span class='ocrx_word' id='word_1_323' title='bbox 1227 3881 1261 3937; x_wconf 92' lang='lat' dir='ltr'><strong>nt</strong></span> <span class='ocrx_word' id='word_1_324' title='bbox 1293 3895 1366 3960; x_wconf 88' lang='lat' dir='ltr'><strong>agas</strong></span> <span class='ocrx_word' id='word_1_325' title='bbox 1394 3897 1462 3940; x_wconf 90' lang='lat' dir='ltr'><strong>eam</strong></span> <span class='ocrx_word' id='word_1_326' title='bbox 1482 3898 1550 3942; x_wconf 91' lang='lat' dir='ltr'><strong>rem</strong></span> <span class='ocrx_word' id='word_1_327' title='bbox 1572 3896 1631 3942; x_wconf 90' lang='lat' dir='ltr'><strong>nec</strong></span> 
     </span>
     <span class='ocr_line' id='line_1_36' title="bbox 278 3961 1631 4056; baseline 0.001 -22"><span class='ocrx_word' id='word_1_328' title='bbox 278 3970 469 4056; x_wconf 81' lang='lat' dir='ltr'><strong>ssrelinquas</strong></span> <span class='ocrx_word' id='word_1_329' title='bbox 498 3969 657 4035; x_wconf 89' lang='lat' dir='ltr'><strong>hominem</strong></span> <span class='ocrx_word' id='word_1_330' title='bbox 680 3968 877 4033; x_wconf 88' lang='lat' dir='ltr'><strong>innocentem</strong></span> <span class='ocrx_word' id='word_1_331' title='bbox 904 3961 944 4028; x_wconf 90' lang='lat' dir='ltr'><strong>ad</strong></span> <span class='ocrx_word' id='word_1_332' title='bbox 968 3963 1098 4028; x_wconf 88' lang='lat' dir='ltr'><strong>alieuius</strong></span> <span class='ocrx_word' id='word_1_333' title='bbox 1119 3962 1164 4028; x_wconf 92' lang='lat' dir='ltr'><strong>tui</strong></span> <span class='ocrx_word' id='word_1_334' title='bbox 1187 3963 1346 4032; x_wconf 88' lang='lat' dir='ltr'><strong>dissimilis</strong></span> <span class='ocrx_word' id='word_1_335' title='bbox 1378 3980 1551 4053; x_wconf 89' lang='lat' dir='ltr'><strong>quaestum.</strong></span> <span class='ocrx_word' id='word_1_336' title='bbox 1596 3969 1631 4035; x_wconf 95' lang='lat' dir='ltr'><strong>ld</strong></span> 
     </span>
     <span class='ocr_line' id='line_1_37' title="bbox 311 4056 1630 4148; baseline 0 -20"><span class='ocrx_word' id='word_1_337' title='bbox 311 4083 383 4128; x_wconf 91' lang='lat' dir='ltr'><strong>cum</strong></span> <span class='ocrx_word' id='word_1_338' title='bbox 405 4072 527 4148; x_wconf 90' lang='lat' dir='ltr'><strong>gratum</strong></span> <span class='ocrx_word' id='word_1_339' title='bbox 553 4062 629 4127; x_wconf 92' lang='lat' dir='ltr'><strong>mihi</strong></span> <span class='ocrx_word' id='word_1_340' title='bbox 658 4061 737 4135; x_wconf 91' lang='lat' dir='ltr'><strong>erit,</strong></span> <span class='ocrx_word' id='word_1_341' title='bbox 767 4069 833 4126; x_wconf 88' lang='lat' dir='ltr'><strong>tum</strong></span> <span class='ocrx_word' id='word_1_342' title='bbox 861 4057 954 4124; x_wconf 86' lang='lat' dir='ltr'><strong>etiam</strong></span> <span class='ocrx_word' id='word_1_343' title='bbox 986 4056 1172 4122; x_wconf 88' lang='lat' dir='ltr'><strong>existimabo</strong></span> <span class='ocrx_word' id='word_1_344' title='bbox 1207 4066 1237 4123; x_wconf 86' lang='lat' dir='ltr'><strong>te</strong></span> <span class='ocrx_word' id='word_1_345' title='bbox 1272 4058 1461 4128; x_wconf 87' lang='lat' dir='ltr'><strong>humanitate</strong></span> <span class='ocrx_word' id='word_1_346' title='bbox 1484 4073 1537 4128; x_wconf 91' lang='lat' dir='ltr'><strong>tua</strong></span> <span class='ocrx_word' id='word_1_347' title='bbox 1561 4084 1630 4128; x_wconf 87' lang='lat' dir='ltr'><strong>esse</strong></span> 
     </span>
    </p>

    <p class='ocr_par' dir='ltr' id='par_1_13' title="bbox 176 4135 1632 4432">
     <span class='ocr_line' id='line_1_38' title="bbox 176 4135 1631 4263; baseline -0.001 -40"><span class='ocrx_word' id='word_1_348' title='bbox 176 4149 181 4167; x_wconf 81' lang='grc'><em>’</em></span> <span class='ocrx_word' id='word_1_349' title='bbox 310 4179 414 4224; x_wconf 90' lang='lat' dir='ltr'><strong>usum.</strong></span> <span class='ocrx_word' id='word_1_350' title='bbox 467 4147 654 4263; x_wconf 69' lang='lat' dir='ltr'><strong>S.[Summa</strong></span> <span class='ocrx_word' id='word_1_351' title='bbox 681 4155 775 4221; x_wconf 90' lang='lat' dir='ltr'><strong>huius</strong></span> <span class='ocrx_word' id='word_1_352' title='bbox 807 4151 957 4239; x_wconf 88' lang='lat' dir='ltr'><strong>epistolae</strong></span> <span class='ocrx_word' id='word_1_353' title='bbox 982 4148 1059 4230; x_wconf 74' lang='lat' dir='ltr'><strong>haec</strong></span> <span class='ocrx_word' id='word_1_354' title='bbox 1087 4135 1148 4242; x_wconf 79' lang='lat' dir='ltr'><strong>est)</strong></span> <span class='ocrx_word' id='word_1_355' title='bbox 1183 4160 1219 4216; x_wconf 92' lang='lat' dir='ltr'><strong>ut</strong></span> <span class='ocrx_word' id='word_1_356' title='bbox 1245 4173 1339 4218; x_wconf 91' lang='lat' dir='ltr'><strong>ornes</strong></span> <span class='ocrx_word' id='word_1_357' title='bbox 1364 4155 1509 4223; x_wconf 91' lang='lat' dir='ltr'><strong>omnibus</strong></span> <span class='ocrx_word' id='word_1_358' title='bbox 1534 4156 1631 4222; x_wconf 90' lang='lat' dir='ltr'><strong>rebus</strong></span> 
     </span>
     <span class='ocr_line' id='line_1_39' title="bbox 310 4244 1631 4332; baseline -0.002 -15"><span class='ocrx_word' id='word_1_359' title='bbox 310 4256 482 4328; x_wconf 88' lang='lat' dir='ltr'><strong>Neronem,</strong></span> <span class='ocrx_word' id='word_1_360' title='bbox 520 4251 612 4316; x_wconf 90' lang='lat' dir='ltr'><strong>sicuti</strong></span> <span class='ocrx_word' id='word_1_361' title='bbox 641 4249 800 4316; x_wconf 88' lang='lat' dir='ltr'><strong>instituisti</strong></span> <span class='ocrx_word' id='word_1_362' title='bbox 825 4257 918 4332; x_wconf 88' lang='lat' dir='ltr'><strong>atque</strong></span> <span class='ocrx_word' id='word_1_363' title='bbox 947 4244 1058 4311; x_wconf 88' lang='lat' dir='ltr'><strong>fecisti.</strong></span> <span class='ocrx_word' id='word_1_364' title='bbox 1108 4249 1254 4330; x_wconf 86' lang='lat' dir='ltr'><strong>Magnum</strong></span> <span class='ocrx_word' id='word_1_365' title='bbox 1280 4247 1435 4314; x_wconf 88' lang='lat' dir='ltr'><strong>theatrum</strong></span> <span class='ocrx_word' id='word_1_366' title='bbox 1454 4249 1548 4317; x_wconf 87' lang='lat' dir='ltr'><strong>habet</strong></span> <span class='ocrx_word' id='word_1_367' title='bbox 1570 4250 1631 4315; x_wconf 89' lang='lat' dir='ltr'><strong>ista</strong></span> 
     </span>
     <span class='ocr_line' id='line_1_40' title="bbox 310 4337 1632 4432; baseline -0.002 -21"><span class='ocrx_word' id='word_1_368' title='bbox 310 4343 487 4432; x_wconf 86' lang='lat' dir='ltr'><strong>provincia,</strong></span> <span class='ocrx_word' id='word_1_369' title='bbox 510 4365 573 4410; x_wconf 93' lang='lat' dir='ltr'><strong>non</strong></span> <span class='ocrx_word' id='word_1_370' title='bbox 594 4352 630 4408; x_wconf 92' lang='lat' dir='ltr'><strong>ut</strong></span> <span class='ocrx_word' id='word_1_371' title='bbox 651 4343 727 4408; x_wconf 89' lang='lat' dir='ltr'><strong>haec</strong></span> <span class='ocrx_word' id='word_1_372' title='bbox 748 4352 869 4416; x_wconf 91' lang='lat' dir='ltr'><strong>nostra,</strong></span> <span class='ocrx_word' id='word_1_373' title='bbox 898 4338 938 4406; x_wconf 90' lang='lat' dir='ltr'><strong>ad</strong></span> <span class='ocrx_word' id='word_1_374' title='bbox 959 4337 1163 4404; x_wconf 89' lang='lat' dir='ltr'><strong>adolescentis</strong></span> <span class='ocrx_word' id='word_1_375' title='bbox 1184 4339 1318 4417; x_wconf 89' lang='lat' dir='ltr'><strong>nobilis,</strong></span> <span class='ocrx_word' id='word_1_376' title='bbox 1345 4342 1514 4428; x_wconf 80' lang='lat' dir='ltr'><strong>ingeniosi,</strong></span> <span class='ocrx_word' id='word_1_377' title='bbox 1537 4342 1632 4408; x_wconf 89' lang='lat' dir='ltr'><strong>absti-</strong></span> 
     </span>
    </p>

    <p class='ocr_par' dir='ltr' id='par_1_14' title="bbox 273 4433 1629 4619">
     <span class='ocr_line' id='line_1_41' title="bbox 273 4433 1629 4523; baseline 0.001 -21"><span class='ocrx_word' id='word_1_378' title='bbox 273 4438 411 4516; x_wconf 64' lang='lat' dir='ltr'><strong>..nenos</strong></span> <span class='ocrx_word' id='word_1_379' title='bbox 428 4437 731 4504; x_wconf 87' lang='lat' dir='ltr'><strong>commendationem</strong></span> <span class='ocrx_word' id='word_1_380' title='bbox 748 4447 841 4523; x_wconf 89' lang='lat' dir='ltr'><strong>atque</strong></span> <span class='ocrx_word' id='word_1_381' title='bbox 863 4433 1006 4520; x_wconf 91' lang='lat' dir='ltr'><strong>gloriam.</strong></span> <span class='ocrx_word' id='word_1_382' title='bbox 1063 4436 1190 4510; x_wconf 88' lang='lat' dir='ltr'><strong>Quare,</strong></span> <span class='ocrx_word' id='word_1_383' title='bbox 1213 4435 1240 4500; x_wconf 95' lang='lat' dir='ltr'><strong>si</strong></span> <span class='ocrx_word' id='word_1_384' title='bbox 1264 4445 1294 4502; x_wconf 90' lang='lat' dir='ltr'><strong>te</strong></span> <span class='ocrx_word' id='word_1_385' title='bbox 1315 4436 1438 4502; x_wconf 91' lang='lat' dir='ltr'><strong>fautore</strong></span> <span class='ocrx_word' id='word_1_386' title='bbox 1459 4458 1535 4504; x_wconf 90' lang='lat' dir='ltr'><strong>usus</strong></span> <span class='ocrx_word' id='word_1_387' title='bbox 1551 4437 1629 4512; x_wconf 91' lang='lat' dir='ltr'><strong>erit,</strong></span> 
     </span>
     <span class='ocr_line' id='line_1_42' title="bbox 309 4526 1629 4619; baseline -0.003 -21"><span class='ocrx_word' id='word_1_388' title='bbox 309 4534 400 4599; x_wconf 89' lang='lat' dir='ltr'><strong>sicuti</strong></span> <span class='ocrx_word' id='word_1_389' title='bbox 421 4534 563 4619; x_wconf 86' lang='lat' dir='ltr'><strong>profecto</strong></span> <span class='ocrx_word' id='word_1_390' title='bbox 594 4543 625 4599; x_wconf 92' lang='lat' dir='ltr'><strong>et</strong></span> <span class='ocrx_word' id='word_1_391' title='bbox 650 4541 755 4598; x_wconf 88' lang='lat' dir='ltr'><strong>utetur</strong></span> <span class='ocrx_word' id='word_1_392' title='bbox 779 4541 811 4597; x_wconf 89' lang='lat' dir='ltr'><strong>et</strong></span> <span class='ocrx_word' id='word_1_393' title='bbox 832 4549 907 4596; x_wconf 89' lang='lat' dir='ltr'><strong>usus</strong></span> <span class='ocrx_word' id='word_1_394' title='bbox 932 4535 999 4602; x_wconf 91' lang='lat' dir='ltr'><strong>est,</strong></span> <span class='ocrx_word' id='word_1_395' title='bbox 1032 4526 1236 4612; x_wconf 84' lang='lat' dir='ltr'><strong>amplissimas</strong></span> <span class='ocrx_word' id='word_1_396' title='bbox 1259 4529 1416 4598; x_wconf 88' lang='lat' dir='ltr'><strong>clientelas</strong></span> <span class='ocrx_word' id='word_1_397' title='bbox 1438 4539 1579 4618; x_wconf 87' lang='lat' dir='ltr'><strong>acceptas</strong></span> <span class='ocrx_word' id='word_1_398' title='bbox 1611 4551 1629 4594; x_wconf 88' lang='lat' dir='ltr'><strong>a</strong></span> 
     </span>
    </p>
   </div>
   <div class='ocr_carea' id='block_1_9' title="bbox 306 4755 1629 5103">
    <p class='ocr_par' dir='ltr' id='par_1_15' title="bbox 306 4755 1629 5103">
     <span class='ocr_line' id='line_1_43' title="bbox 377 4755 1629 4823; baseline -0.004 -10"><span class='ocrx_word' id='word_1_399' title='bbox 377 4763 404 4812; x_wconf 85' lang='lat'><strong>5.</strong></span> <span class='ocrx_word' id='word_1_400' title='bbox 424 4763 522 4813; x_wconf 74' lang='lat' dir='ltr'><strong>timeat</strong></span> <span class='ocrx_word' id='word_1_401' title='bbox 540 4761 578 4813; x_wconf 90' lang='grc' dir='ltr'><strong>Μ.</strong></span> <span class='ocrx_word' id='word_1_402' title='bbox 611 4783 641 4796; x_wconf 88' lang='grc'>-</span> <span class='ocrx_word' id='word_1_403' title='bbox 677 4761 704 4810; x_wconf 75' lang='lat' dir='ltr'><strong>d·</strong></span> <span class='ocrx_word' id='word_1_404' title='bbox 724 4760 762 4811; x_wconf 90' lang='grc' dir='ltr'><strong>Μ.</strong></span> <span class='ocrx_word' id='word_1_405' title='bbox 782 4760 880 4809; x_wconf 74' lang='lat' dir='ltr'><strong>laento</strong></span> <span class='ocrx_word' id='word_1_406' title='bbox 899 4757 1000 4808; x_wconf 76' lang='lat' dir='ltr'><strong>Aldus:</strong></span> <span class='ocrx_word' id='word_1_407' title='bbox 1021 4756 1050 4806; x_wconf 81' lang='lat' dir='ltr'><strong>G.</strong></span> <span class='ocrx_word' id='word_1_408' title='bbox 1069 4755 1168 4806; x_wconf 79' lang='lat' dir='ltr'><strong>Laenio</strong></span> <span class='ocrx_word' id='word_1_409' title='bbox 1186 4756 1244 4808; x_wconf 81' lang='lat' dir='ltr'><strong>hill.</strong></span> <span class='ocrx_word' id='word_1_410' title='bbox 1279 4785 1307 4795; x_wconf 97' lang='lat'>-</span> <span class='ocrx_word' id='word_1_411' title='bbox 1345 4759 1372 4809; x_wconf 82' lang='lat'><strong>7.</strong></span> <span class='ocrx_word' id='word_1_412' title='bbox 1392 4755 1446 4823; x_wconf 85' lang='lat' dir='ltr'><strong>sed]</strong></span> <span class='ocrx_word' id='word_1_413' title='bbox 1464 4760 1505 4810; x_wconf 78' lang='lat' dir='ltr'><strong>ita</strong></span> <span class='ocrx_word' id='word_1_414' title='bbox 1523 4759 1629 4808; x_wconf 79' lang='lat' dir='ltr'><strong>bambi-</strong></span> 
     </span>
     <span class='ocr_line' id='line_1_44' title="bbox 308 4826 1629 4894; baseline -0.002 -12"><span class='ocrx_word' id='word_1_415' title='bbox 308 4845 376 4892; x_wconf 86' lang='lat' dir='ltr'><strong>nus,</strong></span> <span class='ocrx_word' id='word_1_416' title='bbox 403 4835 439 4883; x_wconf 78' lang='lat' dir='ltr'><strong>rie</strong></span> <span class='ocrx_word' id='word_1_417' title='bbox 464 4832 620 4894; x_wconf 78' lang='lat' dir='ltr'><strong>hengelius.</strong></span> <span class='ocrx_word' id='word_1_418' title='bbox 647 4855 676 4864; x_wconf 97' lang='lat'>-</span> <span class='ocrx_word' id='word_1_419' title='bbox 722 4830 765 4879; x_wconf 78' lang='lat'><strong>11.</strong></span> <span class='ocrx_word' id='word_1_420' title='bbox 784 4831 915 4878; x_wconf 79' lang='lat' dir='ltr'><strong>suavitate</strong></span> <span class='ocrx_word' id='word_1_421' title='bbox 932 4827 970 4881; x_wconf 88' lang='grc' dir='ltr'><strong>Μ.</strong></span> <span class='ocrx_word' id='word_1_422' title='bbox 992 4851 1022 4862; x_wconf 94' lang='grc'>-</span> <span class='ocrx_word' id='word_1_423' title='bbox 1058 4826 1102 4877; x_wconf 64' lang='lat' dir='ltr'><strong>lb.</strong></span> <span class='ocrx_word' id='word_1_424' title='bbox 1121 4841 1249 4890; x_wconf 67' lang='lat' dir='ltr'><strong>nepem</strong></span> <span class='ocrx_word' id='word_1_425' title='bbox 1265 4829 1331 4878; x_wconf 80' lang='lat' dir='ltr'><strong>mihi</strong></span> <span class='ocrx_word' id='word_1_426' title='bbox 1347 4828 1392 4879; x_wconf 83' lang='lat' dir='ltr'><strong>hl:</strong></span> <span class='ocrx_word' id='word_1_427' title='bbox 1421 4831 1485 4880; x_wconf 76' lang='lat' dir='ltr'><strong>miles·</strong></span> <span class='ocrx_word' id='word_1_428' title='bbox 1501 4841 1629 4892; x_wconf 77' lang='lat' dir='ltr'><strong>superesse</strong></span> 
     </span>
     <span class='ocr_line' id='line_1_45' title="bbox 308 4897 1626 4952; baseline -0.002 -1"><span class='ocrx_word' id='word_1_429' title='bbox 308 4901 339 4951; x_wconf 80' lang='grc' dir='ltr'><strong>Μ.</strong></span> <span class='ocrx_word' id='word_1_430' title='bbox 372 4926 402 4937; x_wconf 96' lang='grc'>-</span> <span class='ocrx_word' id='word_1_431' title='bbox 444 4903 489 4952; x_wconf 73' lang='lat' dir='ltr'><strong>ill.</strong></span> <span class='ocrx_word' id='word_1_432' title='bbox 521 4916 566 4952; x_wconf 85' lang='lat' dir='ltr'><strong>nee</strong></span> <span class='ocrx_word' id='word_1_433' title='bbox 596 4901 655 4951; x_wconf 80' lang='lat' dir='ltr'><strong>Vh:</strong></span> <span class='ocrx_word' id='word_1_434' title='bbox 681 4913 714 4949; x_wconf 78' lang='lat' dir='ltr'><strong>ne</strong></span> <span class='ocrx_word' id='word_1_435' title='bbox 740 4898 800 4950; x_wconf 71' lang='lat' dir='ltr'><strong>tte.</strong></span> <span class='ocrx_word' id='word_1_436' title='bbox 827 4923 861 4932; x_wconf 96' lang='lat'>-</span> <span class='ocrx_word' id='word_1_437' title='bbox 912 4897 957 4948; x_wconf 80' lang='lat'><strong>³7.</strong></span> <span class='ocrx_word' id='word_1_438' title='bbox 976 4909 1090 4947; x_wconf 72' lang='lat' dir='ltr'><strong>menae</strong></span> <span class='ocrx_word' id='word_1_439' title='bbox 1107 4899 1145 4951; x_wconf 87' lang='grc' dir='ltr'><strong>Μ.</strong></span> <span class='ocrx_word' id='word_1_440' title='bbox 1171 4921 1201 4934; x_wconf 88' lang='grc'>-</span> <span class='ocrx_word' id='word_1_441' title='bbox 1237 4897 1281 4948; x_wconf 82' lang='grc'><strong>38.</strong></span> <span class='ocrx_word' id='word_1_442' title='bbox 1300 4899 1440 4951; x_wconf 66' lang='lat' dir='ltr'><strong>amatu:</strong></span> <span class='ocrx_word' id='word_1_443' title='bbox 1459 4903 1526 4951; x_wconf 79' lang='lat' dir='ltr'><strong>sicut</strong></span> <span class='ocrx_word' id='word_1_444' title='bbox 1544 4898 1575 4950; x_wconf 82' lang='grc' dir='ltr'><strong>Μ.</strong></span> <span class='ocrx_word' id='word_1_445' title='bbox 1596 4923 1626 4936; x_wconf 89' lang='grc'><strong>-</strong></span> 
     </span>
     <span class='ocr_line' id='line_1_46' title="bbox 306 4967 1628 5022; baseline -0.002 -2"><span class='ocrx_word' id='word_1_446' title='bbox 306 4971 350 5021; x_wconf 78' lang='grc'><strong>39.</strong></span> <span class='ocrx_word' id='word_1_447' title='bbox 373 4986 427 5021; x_wconf 83' lang='lat' dir='ltr'><strong>non</strong></span> <span class='ocrx_word' id='word_1_448' title='bbox 444 4981 473 5022; x_wconf 82' lang='lat' dir='ltr'><strong>ut</strong></span> <span class='ocrx_word' id='word_1_449' title='bbox 492 4974 553 5022; x_wconf 82' lang='lat' dir='ltr'><strong>haee</strong></span> <span class='ocrx_word' id='word_1_450' title='bbox 570 4978 662 5021; x_wconf 83' lang='lat' dir='ltr'><strong>nostra</strong></span> <span class='ocrx_word' id='word_1_451' title='bbox 680 4970 745 5019; x_wconf 86' lang='lat' dir='ltr'><strong>secl.</strong></span> <span class='ocrx_word' id='word_1_452' title='bbox 765 4969 796 5020; x_wconf 80' lang='lat' dir='ltr'><strong>li.</strong></span> <span class='ocrx_word' id='word_1_453' title='bbox 833 4970 905 5019; x_wconf 77' lang='lat' dir='ltr'><strong>Fort.</strong></span> <span class='ocrx_word' id='word_1_454' title='bbox 929 4981 983 5018; x_wconf 81' lang='lat' dir='ltr'><strong>non</strong></span> <span class='ocrx_word' id='word_1_455' title='bbox 1000 4973 1087 5017; x_wconf 84' lang='lat' dir='ltr'><strong>eutem</strong></span> <span class='ocrx_word' id='word_1_456' title='bbox 1105 4971 1167 5020; x_wconf 81' lang='lat' dir='ltr'><strong>hoec</strong></span> <span class='ocrx_word' id='word_1_457' title='bbox 1183 4974 1285 5018; x_wconf 79' lang='lat' dir='ltr'><strong>nostro.</strong></span> <span class='ocrx_word' id='word_1_458' title='bbox 1322 4968 1363 5020; x_wconf 83' lang='lat' dir='ltr'><strong>Cf.</strong></span> <span class='ocrx_word' id='word_1_459' title='bbox 1390 4969 1469 5020; x_wconf 80' lang='lat' dir='ltr'><strong>fland</strong></span> <span class='ocrx_word' id='word_1_460' title='bbox 1494 4970 1573 5020; x_wconf 78' lang='lat' dir='ltr'><strong>Ture.</strong></span> <span class='ocrx_word' id='word_1_461' title='bbox 1603 4967 1628 5018; x_wconf 93' lang='lat'><strong>1.</strong></span> 
     </span>
     <span class='ocr_line' id='line_1_47' title="bbox 307 5036 1322 5103; baseline -0.002 -11"><span class='ocrx_word' id='word_1_462' title='bbox 307 5054 333 5103; x_wconf 86' lang='lat' dir='ltr'><strong>p·</strong></span> <span class='ocrx_word' id='word_1_463' title='bbox 353 5041 413 5093; x_wconf 83' lang='lat'><strong>588.</strong></span> <span class='ocrx_word' id='word_1_464' title='bbox 434 5041 485 5094; x_wconf 72' lang='lat'><strong>01.</strong></span> <span class='ocrx_word' id='word_1_465' title='bbox 508 5065 537 5077; x_wconf 90' lang='lat'>-</span> <span class='ocrx_word' id='word_1_466' title='bbox 574 5041 610 5092; x_wconf 77' lang='lat' dir='ltr'><strong>od</strong></span> <span class='ocrx_word' id='word_1_467' title='bbox 627 5041 795 5092; x_wconf 70' lang='lat' dir='ltr'><strong>aestuantis</strong></span> <span class='ocrx_word' id='word_1_468' title='bbox 813 5051 875 5090; x_wconf 88' lang='lat' dir='ltr'><strong>eum</strong></span> <span class='ocrx_word' id='word_1_469' title='bbox 894 5036 1023 5102; x_wconf 82' lang='lat' dir='ltr'><strong>Bengelie</strong></span> <span class='ocrx_word' id='word_1_470' title='bbox 1042 5036 1081 5088; x_wconf 80' lang='lat' dir='ltr'><strong>lta</strong></span> <span class='ocrx_word' id='word_1_471' title='bbox 1100 5038 1268 5091; x_wconf 64' lang='lat' dir='ltr'><strong>commis</strong></span> <span class='ocrx_word' id='word_1_472' title='bbox 1286 5037 1322 5090; x_wconf 89' lang='grc' dir='ltr'><strong>Μ.</strong></span> 
     </span>
    </p>
   </div>
   <div class='ocr_carea' id='block_1_10' title="bbox 0 0 1836 5908">
    <p class='ocr_par' dir='ltr' id='par_1_16' title="bbox 0 0 1836 5908">
     <span class='ocr_line' id='line_1_48' title="bbox 0 0 1836 5908; baseline 0 2"><span class='ocrx_word' id='word_1_473' title='bbox 0 0 1836 5908; x_wconf 95' lang='lat' dir='ltr'><strong> </strong></span> 
     </span>
    </p>
   </div>
  </div>
 </body>
</html>
