3662 5908
664 452 737 521 LIB.
760 452 827 518 xv.
869 453 928 516 ΕΡ.
950 451 1000 514 20.
1023 444 1073 514 21.
1465 453 1525 516 231

211 607 307 676 modo
328 607 368 674 de
389 627 440 674 me
462 607 517 672 tibi
540 609 696 695 spondere
716 631 862 698 possum,
885 609 940 676 scd
961 608 1001 674 de
1021 616 1053 674 te
1066 608 1163 674 etiam
1177 608 1264 675 milri.
1307 609 1427 676 Nullam
1445 609 1528 676 enim

211 703 295 792 apud
315 723 366 768 me
386 701 542 789 reliquisti
563 702 804 779 dubitationem,
834 711 983 791 mantum
1004 722 1056 768 me
1076 723 1209 769 amares.
1252 707 1282 768 2.
1303 707 1397 778 Nam,
1419 715 1454 770 ut
1475 705 1529 770 illa

210 802 367 871 omittam,
396 817 477 884 quae
499 795 623 862 civitate
644 806 723 866 teste
743 797 859 872 iecisti,
882 818 954 862 eum
976 816 1099 862 mecum
1120 795 1300 863 inimicitias
1321 799 1530 864 communica·

211 891 299 967 visti,
339 910 412 956 cum
433 910 484 955 me
507 890 705 964 contionibus
737 892 798 958 tuis
820 889 999 966 defendisti,
1028 911 1100 956 cum
1122 899 1271 978 quaestor
1291 892 1325 957 in
1346 913 1415 958 mea
1437 901 1529 979 atque

213 989 245 1052 iu
265 984 390 1071 publica
422 1004 515 1049 causa
544 986 707 1052 consulum
735 996 840 1073 partes
865 984 1044 1072 suscepisti,
1077 1005 1147 1051 cum
1170 985 1297 1052 tribuno
1318 986 1360 1074 pl.
1382 997 1553 1073 quaestura

213 1100 276 1146 non
297 1078 442 1166 paruisti,
465 1078 516 1144 cui
537 1087 609 1146 tuus
630 1082 814 1167 pracsertim
835 1080 954 1164 collega
968 1087 1110 1165 pareret;
1132 1087 1166 1144 ut
1184 1079 1260 1145 baec
1273 1081 1427 1156 recentia,
1450 1101 1532 1168 quae
1651 1119 1656 1144 .

212 1173 385 1238 meminero
406 1193 546 1259 semper,
569 1171 750 1252 obliviscar,
773 1196 854 1264 quae
875 1184 928 1239 tua
947 1171 1125 1239 sollicitudo
1146 1173 1185 1240 de
1207 1193 1257 1240 me
1272 1173 1304 1239 in
1318 1175 1428 1248 armis,
1452 1195 1531 1258 quae
1556 1195 1563 1224 t

212 1267 326 1333 laetitia
347 1267 380 1332 in
401 1265 518 1340 reditu,
541 1288 621 1353 quac
643 1289 734 1345 cura,
757 1259 817 1358 qui
834 1267 944 1426 dolo?
965 1287 1037 1332 cum
1058 1264 1097 1332 ad
1119 1275 1150 1332 te
1172 1287 1267 1332 curae
1283 1277 1315 1332 et
1328 1267 1455 1334 dolores
1468 1268 1531 1334 mei
1549 1229 1566 1347 1
1605 1257 1659 1354 ab

211 1360 444 1446 perterrentur3
467 1357 668 1427 Brundisium
690 1361 822 1450 denique
844 1371 875 1426 te
897 1383 915 1426 a
958 1381 1008 1424 me
1031 1371 1197 1426 venturum
1217 1361 1330 1436 luisse,
1352 1362 1412 1427 nisi
1427 1361 1531 1426 subito
1609 1393 1631 1468 Ζ

211 1454 244 1518 in
275 1451 454 1540 Hispaniam
486 1452 598 1520 missus
625 1477 727 1534 essos;
764 1466 800 1522 nt
820 1455 897 1521 baec
931 1453 1027 1540 igitur
1058 1456 1213 1530 omittam,
1250 1476 1329 1542 quac
1357 1457 1434 1522 mibi
1456 1456 1532 1521 tanti
1544 1474 1570 1511 ιο

212 1547 401 1615 aestimanda
422 1557 508 1621 suut,
531 1550 639 1634 quanti
659 1551 753 1616 vitam
774 1549 904 1615 aestimo
927 1556 958 1612 et
972 1547 1101 1613 salntem
1114 1569 1233 1615 meam:
1259 1547 1340 1614 liber
1354 1549 1421 1624 iste,
1438 1569 1532 1636 quem

211 1641 288 1708 mibi
309 1641 435 1716 misisti,
472 1651 617 1726 quantam
639 1642 733 1708 babet
754 1641 996 1708 declarationem
1018 1643 1135 1708 amoris
1157 1642 1222 1707 tuil
1261 1642 1415 1728 primum,
1448 1643 1533 1730 quod

212 1735 270 1804 tibi
301 1734 434 1800 lacetum
467 1731 607 1811 videtur,
637 1737 789 1824 quidquid
811 1757 872 1822 ego
893 1735 980 1809 dixi,
1017 1735 1103 1821 quod
1123 1735 1175 1800 alii
1197 1735 1329 1801 tortasse
1350 1757 1414 1801 non
1435 1736 1531 1812 item;

211 1829 340 1905 deinde,
364 1828 449 1915 quod
469 1828 538 1904 illa,
561 1829 627 1895 sive
648 1831 747 1897 laceto
766 1841 839 1898 sunt
857 1830 923 1896 sive
944 1828 1006 1904 sic,
1037 1828 1114 1894 liunt
1134 1840 1280 1895 narrante
1302 1839 1332 1895 te
1354 1829 1534 1895 venustissi-

212 1945 274 1988 ma.
316 1923 401 2001 Quin
422 1921 515 1988 etiam
536 1931 625 2001 ante,
663 1945 757 2012 quam
778 1923 818 1990 ad
840 1943 890 1988 me
912 1922 1076 1998 veniatur,
1110 1923 1194 1988 risus
1217 1923 1318 1989 omnis
1339 1944 1438 2011 paene
1460 1942 1571 2002 con-¹⁵

212 2017 356 2082 sumitur.
399 2021 429 2081 3.
453 2016 574 2093 Quodsi
596 2019 628 2084 iu
650 2018 688 2084 iis
710 2017 883 2085 scribendis
905 2015 983 2081 nibil
1004 2013 1089 2081 aliud
1111 2017 1187 2090 nisi,
1211 2015 1294 2103 quod
1318 2037 1443 2082 necesse
1465 2015 1533 2088 luit.

211 2112 253 2177 de
274 2131 355 2186 uno,
378 2111 417 2176 de
439 2131 503 2176 uno
527 2133 578 2176 me
599 2113 717 2180 tamdiu
738 2111 955 2198 cogitavimus,
978 2109 1100 2175 lerneus
1127 2133 1244 2185 essem,
1267 2111 1294 2175 si
1315 2121 1346 2176 tc
1368 2131 1430 2176 non
1451 2131 1533 2175 ama-

212 2226 291 2270 rem.
348 2207 425 2270 Cum
448 2225 525 2270 vero
547 2227 605 2280 ea,
635 2213 716 2294 quae
737 2207 893 2294 scriptura
913 2213 1096 2292 persecutus
1118 2226 1164 2278 es,
1188 2205 1255 2270 sine
1277 2225 1399 2270 summo
1427 2224 1535 2270 amore

213 2300 351 2386 cogitare
373 2319 436 2364 non
457 2299 616 2382 potueris,
639 2322 702 2367 non
723 2323 851 2390 possum
874 2297 1054 2364 existimare
1075 2298 1145 2386 plus
1167 2320 1356 2385 quemquam
1378 2319 1396 2362 a
1418 2317 1451 2364 se
1465 2298 1535 2384 ipso

213 2417 307 2483 qnam
328 2415 379 2458 me
401 2415 418 2458 a
441 2401 471 2457 te
490 2392 599 2458 amari.
642 2395 699 2460 Cui
721 2395 847 2481 quidem
870 2414 929 2479 ego
951 2391 1052 2457 amori
1073 2392 1191 2457 utinam
1214 2392 1326 2457 ceteris
1347 2389 1443 2456 rebus
1463 2405 1572 2478 pos-‘2⁰

212 2493 297 2554 seml
334 2507 444 2553 amore
472 2494 556 2552 certe
588 2487 805 2575 respoudeb03
843 2508 906 2574 quo
939 2495 1042 2551 tamen
1073 2489 1142 2572 ipso
1169 2484 1226 2552 tibi
1248 2482 1372 2552 conlido
1393 2485 1535 2551 futurum

212 2583 299 2651 satis.
340 2585 372 2648 1.
393 2585 481 2646 Nunc
502 2580 542 2646 ad
563 2582 726 2668 epistolam
749 2587 857 2657 venio,
880 2580 932 2646 cni
953 2579 1081 2666 copiose
1103 2587 1134 2644 et
1155 2580 1294 2646 suaviter
1312 2579 1446 2665 scriptae
1459 2575 1536 2642 nihil

213 2675 366 2764 estquod
388 2675 483 2740 multa
504 2676 720 2761 respondeam.
763 2676 903 2742 Primum
925 2673 1009 2738 euim
1031 2693 1090 2758 ego
1112 2672 1180 2738 illas
1203 2673 1297 2739 Calvo
1319 2672 1438 2739 litteras
1452 2671 1535 2742 misi.

213 2792 277 2837 non
298 2770 368 2857 plus
390 2790 482 2856 quam
504 2769 579 2845 has,
616 2791 693 2856 quas
715 2791 797 2835 nunc
819 2769 911 2854 legis,
935 2767 1116 2831 existimans
1139 2765 1288 2831 exituras.
1331 2767 1430 2832 Aliter
1452 2764 1535 2830 enim

214 2862 394 2936 scribimus,
422 2863 507 2949 quod
529 2885 584 2929 eos
606 2864 706 2940 solos,
728 2861 843 2950 quibus
868 2858 1033 2934 mittimus,
1064 2860 1173 2933 aliter,
1197 2859 1281 2946 quod
1303 2860 1418 2925 multos
1439 2859 1574 2923 lectu-as

214 2980 268 3025 ros
290 2967 443 3044 putamus.
495 2956 616 3022 Deinde
648 2956 808 3044 ingenium
838 2955 907 3020 eius
929 2952 1112 3019 melioribus
1134 2953 1232 3018 extuli
1254 2949 1419 3024 laudibus,
1442 2969 1536 3036 quam

214 3061 249 3118 tu
270 3052 301 3118 id
324 3071 399 3115 sere
421 3051 560 3138 potuisse
582 3050 650 3116 lieri
672 3061 772 3138 putas.
814 3049 954 3113 Primum
977 3083 1016 3092 -
1039 3045 1123 3134 quod
1143 3046 1186 3110 ita
1200 3043 1375 3110 indicabam
1391 3079 1430 3088 -
1445 3053 1536 3108 acuto

215 3143 416 3222 movebatur;
439 3165 536 3229 genus
559 3144 716 3231 quoddam
738 3141 938 3230 sequebatur,
963 3146 993 3206 in
1015 3163 1093 3228 quo,
1115 3139 1234 3205 iudicio
1256 3139 1376 3224 lapsus,
1399 3155 1463 3221 quo
1486 3155 1539 3200 va-

214 3238 315 3314 lebat,
350 3247 454 3302 tamen
475 3236 718 3324 assequebatur,
751 3235 836 3323 quod
858 3233 1016 3320 probaret.
1058 3233 1172 3298 llultae
1194 3239 1284 3296 erant
1305 3239 1336 3294 et
1356 3228 1537 3294 reconditae

214 3331 355 3412 litterae3
388 3332 436 3396 vis
465 3354 528 3396 non
551 3341 627 3396 erat.
670 3331 717 3398 Ad
739 3351 807 3395 eam
829 3329 925 3414 igitur
947 3326 1145 3393 adhortabar.
1188 3329 1223 3390 ln
1245 3321 1410 3388 excitando
1431 3331 1571 3392 autemst»

215 3437 247 3493 et
267 3427 299 3492 in
321 3426 461 3492 acuendo
483 3425 653 3513 plurimum
675 3425 774 3500 valet,
797 3423 824 3488 si
845 3422 952 3487 laudes
975 3443 1067 3496 eum,
1098 3442 1191 3507 quom
1213 3418 1390 3484 cohortere.
1435 3412 1538 3480 llabes

214 3521 254 3588 de
276 3521 370 3587 Calvo
392 3519 542 3586 iudicium
565 3529 596 3584 et
616 3518 781 3584 consilium
803 3538 924 3582 meum:
961 3516 1140 3589 consilium,
1173 3513 1258 3601 quod
1278 3509 1424 3576 hortandi
1445 3529 1538 3573 causa

215 3614 353 3694 landavi;
376 3613 540 3687 iudicium,
564 3613 648 3700 quod
670 3611 709 3678 de
731 3611 858 3698 ingenio
881 3615 949 3677 eius
971 3611 1059 3676 valde
1078 3608 1253 3674 existimavi
1267 3605 1359 3670 bene.
1404 3607 1433 3667 5.
1455 3601 1539 3667 Reli-

215 3730 312 3795 quum
334 3718 400 3784 est,
437 3716 471 3773 nt
493 3717 577 3773 tuam
598 3706 826 3793 profectionem
848 3725 955 3769 amore
978 3693 1168 3790 prosequar,
1190 3699 1327 3764 reditum
1349 3718 1405 3783 spo
1426 3716 1536 3782 exspe-

215 3811 313 3874 ctem,
350 3801 509 3866 absentem
533 3801 685 3865 memoria
706 3799 823 3875 colam,
846 3820 939 3864 omne
961 3797 1152 3864 desiderium
1173 3793 1286 3860 litteris
1308 3791 1465 3858 mittendis
1487 3808 1575 3856 ac-ss

215 3895 429 3982 cipiendisque-
450 3895 573 3961 leniam.
617 3900 664 3959 Tu
686 3894 780 3958 velim
798 3903 850 3958 tua
873 3892 906 3957 in
932 3914 982 3958 me
1003 3891 1102 3958 studia
1124 3899 1155 3954 et
1173 3887 1274 3954 officia
1290 3885 1421 3952 multum
1436 3894 1537 3948 tecum

215 3988 400 4067 recordere;
437 4009 517 4075 quae
539 4009 610 4053 cum
633 3987 690 4053 tibi
712 3987 820 4061 liceat,
844 3985 920 4051 mibi
940 3985 1028 4050 nefas
1048 3986 1090 4050 sit
1110 3981 1267 4055 oblivisci,
1290 4001 1353 4045 non
1375 3978 1471 4044 modo
1492 3977 1539 4043 vi-

216 4103 286 4147 rum
307 4081 425 4148 bonum
447 4104 497 4148 me
520 4082 733 4154 existimabis,
763 4101 872 4146 verum
895 4079 987 4144 etiam
1015 4088 1045 4144 te
1067 4101 1085 4144 a
1106 4098 1156 4142 me
1179 4073 1277 4140 amari
1299 4072 1467 4159 plurimum
1490 4069 1537 4134 in-

216 4175 344 4242 dicabis.
387 4177 473 4243 Vale.

285 4379 311 4429 3.
331 4379 554 4430 communicantur·
579 4379 624 4429 M:
655 4378 850 4428 communicarit
873 4374 903 4425 ll.
936 4398 966 4410 -
1009 4373 1051 4423 11.
1070 4379 1198 4436 quantum
1216 4370 1252 4420 bl.
1280 4395 1309 4404 -
1349 4367 1394 4417 13.
1421 4365 1470 4414 attt
1489 4365 1535 4416 bl:

216 4449 276 4499 altis
295 4450 324 4499 li.
345 4475 378 4483 -
413 4447 457 4498 tt.
475 4451 511 4498 stc
529 4449 572 4499 ll:
591 4463 661 4498 rectu
680 4449 709 4498 ll.
739 4471 769 4482 -
807 4447 850 4497 sc.
869 4447 902 4494 tis
920 4444 978 4492 Vb:
997 4444 1037 4491 tu
1056 4442 1114 4492 illi.
1137 4467 1163 4477 -
1204 4441 1247 4490 17.
1267 4439 1368 4489 ἀοιιηο
1387 4435 1472 4486 semel
1492 4449 1538 4497 po-

217 4526 284 4568 nunt
304 4519 364 4580 1183
385 4525 474 4574 rcctc,
494 4515 599 4582 opinor.
621 4520 700 4570 Barr.
721 4517 774 4568 Clr.
797 4515 904 4566 Victorii
924 4515 1008 4563 Curru
1029 4514 1120 4560 tertias
1141 4526 1167 4574 p.
1187 4511 1230 4561 50.
1251 4509 1301 4560 On.
1321 4532 1355 4544 --
1373 4508 1416 4556 ⁶20.
1436 4503 1536 4566 ceteris]

216 4591 346 4641 ceritati.
374 4615 406 4625 -
442 4589 487 4640 21.
505 4591 637 4652 [acturum
662 4589 808 4639 Manutius.
831 4612 859 4623 -
896 4585 940 4634 25.
964 4584 1111 4633 amittimus
1130 4581 1167 4631 bl.
1192 4603 1221 4616 -
1258 4579 1303 4628 uo.
1322 4575 1465 4628 motortbus
1483 4587 1539 4624 mr·

217 4659 286 4710 lebat
305 4661 451 4786 lippestlus.
471 4662 543 4711 Fort.
561 4659 741 4723 amplioribus.
762 4657 813 4708 Or.
835 4681 861 4691 -
890 4654 934 4704 31.
952 4660 982 4703 ut
1001 4660 1074 4702 tuero
1092 4651 1186 4702 Dresd.
1207 4650 1318 4700 tertius:
1340 4656 1413 4698 tuom
1430 4645 1489 4696 llll.
1503 4667 1538 4679 -·

216 4744 307 4782 amara
355 4767 361 4779 .
